2912 4654
327 364 706 435 ORAT10·PROA.
732 367 1009 441 CLUENTIO.
1138 362 1203 440 155

138 485 339 582 sapientem
352 497 396 572 ¹⁰,
415 484 515 583 quod
531 484 596 562 filii
617 488 817 585 nequitiam
838 487 994 575 videret,
1018 511 1098 585 quae
1118 512 1207 585 prac-¹

137 593 194 666 dia
212 596 248 666 ei
260 595 501 693 relinqueret,
516 595 696 674 testificari
711 596 853 669 dicebat
867 597 1033 674 votuisse.
1050 597 1157 690 Quod
1173 600 1205 672 si

135 707 317 802 potuisset
341 707 495 784 honeste
518 705 694 795 scribere,
717 731 781 785 «se
797 711 835 781 in
853 707 995 786 balneis
1011 718 1040 752 ¹⁸
1063 732 1147 783 cum
1166 707 1205 781 id

134 843 153 878 α
163 821 279 888 aetatis
294 815 370 889 filio
388 814 541 905 fuisse»,
556 841 632 887 uon
646 817 880 914 praeterisset,
895 839 954 888 eas
972 839 1010 890 se
1024 829 1144 893 tamen
1159 815 1205 912 ab

136 951 183 998 eo
203 926 352 1010 balneas
380 951 455 1002 non
483 951 525 1000 ex
547 925 647 1010 libris
669 927 798 1024 patris,
817 925 881 1001 sed
905 949 949 998 ex
966 923 1099 1000 tabulis
1113 935 1143 970 ¹²
1169 940 1207 1002 et

136 1061 182 1108 ex
199 1061 313 1111 censu
333 1060 505 1134 quaerere.
525 1040 674 1110 Crassus
692 1051 770 1114 tum
786 1037 836 1109 ita
852 1041 1003 1110 Brutum
1022 1035 1206 1121 nauseat,

137 1159 180 1238 ut
196 1145 301 1220 illum
314 1147 538 1221 recitationis
553 1171 625 1220 suae
639 1148 843 1244 poeniteret.
856 1146 1007 1221 Moleste
1023 1147 1119 1218 enim
1131 1144 1205 1218 for·

136 1271 231 1346 tasse
248 1256 399 1345 tulerat,
411 1282 450 1330 se
466 1260 504 1328 in
519 1257 563 1328 iis
578 1254 803 1329 orationibus
818 1255 1101 1353 reprehensum,
1117 1279 1207 1352 quas

136 1365 185 1438 de
203 1365 394 1463 republica
412 1365 597 1442 habuisset
617 1394 625 1438 ε
644 1365 835 1464 inquibus
854 1363 1004 1440 forsitan
1023 1369 1134 1463 magis
1152 1389 1206 1438 re-

137 1477 306 1574 quirntur
323 1479 537 1548 constantia.

184 1591 264 1685 Ego
293 1601 417 1661 autem
446 1587 507 1660 illa
535 1585 682 1659 recitata
712 1611 789 1660 esse
820 1611 897 1660 non
931 1585 1082 1660 moleste
1117 1581 1206 1657 fero.

135 1697 267 1793 usque
284 1697 382 1769 enirn
408 1695 454 1770 ab
475 1697 538 1768 illo
558 1712 740 1794 tempore,
760 1696 860 1794 quod
878 1710 955 1769 turn
976 1708 1067 1785 erat,
1086 1717 1207 1789 neque

136 1803 183 1878 ab
203 1829 246 1878 ea
266 1829 390 1894 cansa,
411 1831 491 1903 quae
508 1820 587 1877 tum
609 1805 802 1904 agebatur,
827 1805 942 1878 aliena
960 1802 1126 1889 fuerunt,
1145 1825 1207 1878 ue·

136 1941 212 2015 que
233 1916 323 1987 mihi
348 1915 549 2014 quidquam
567 1921 689 1988 oneris
709 1920 870 2013 suscepi,
891 1939 1006 2011 quum
1028 1918 1093 1987 ista
1110 1911 1205 1998 dixi,

135 2049 214 2123 quo
229 2027 352 2099 minus
368 2025 519 2098 honeste
537 2025 631 2098 hanc
645 2048 786 2100 causam
802 2040 839 2097 et
851 2023 965 2096 libere
980 2047 1123 2122 possem
1139 2021 1203 2096 de·

133 2131 299 2210 feudare.
314 2134 423 2226 Quod
436 2135 466 2207 si
478 2135 584 2208 velim
595 2133 776 2225 confiteri,
794 2159 852 2210 me
865 2157 1010 2207 causam
1020 2139 1062 2209 A.
1073 2132 1204 2206 Cluen-

134 2246 177 2318 tii
209 2267 313 2316 nunc
338 2269 575 2342 cognoscere,
605 2261 710 2318 antea
740 2245 849 2323 luisse
875 2248 914 2321 in
942 2245 1002 2319 illa
1030 2244 1203 2342 opinione

133 2353 325 2453 populari,
347 2357 429 2451 quis
449 2354 596 2429 tandem
613 2355 649 2427 id
668 2357 781 2454 possit
797 2355 1089 2455 reprehendere?
1112 2377 1204 2454 prae-

134 2466 284 2552 sertim,
300 2463 459 2558 jndices,
481 2491 596 2562 quum
617 2465 763 2545 avobis
775 2491 922 2564 quoque
943 2469 1030 2563 ipsis
1049 2465 1120 2538 hoc
1137 2465 1203 2536 im·

133 2587 281 2670 petrare
296 2575 341 2644 sit
359 2576 620 2670 aequissimum,
638 2575 739 2673 quod
757 2601 825 2674 ego
840 2590 876 2648 et
893 2575 939 2647 ab
956 2577 1060 2648 initio
1075 2576 1202 2673 petivi,
1234 2657 1236 2667 ,

134 2697 170 2758 et
192 2707 296 2760 nunc
313 2697 419 2782 peto,
439 2699 495 2770 ut,
517 2687 546 2756 si
564 2711 675 2784 quam
692 2684 766 2758 huc
786 2688 987 2782 graviorem
1007 2684 1052 2756 ‹le
1069 2685 1133 2756 illo
1146 2684 1202 2779 ju·

132 2793 230 2869 dicio
257 2796 468 2892 opinionem
502 2795 692 2885 attulistis,
719 2795 833 2882 hanc,
857 2818 964 2872 causa
994 2807 1202 2892 perspecta,

132 2919 248 3002 atque
267 2906 369 2975 omni
385 2906 536 2977 veritate
552 2907 712 3003 cognita,
735 2905 936 3003 deponatis.

180 3017 259 3088 LII.
284 3019 410 3104 Nunc,
429 3017 602 3114 quoniam
618 3025 628 3060 ¹
652 3016 698 3088 ad
722 3015 862 3104 omnia,
879 3039 959 3114 quae
974 3007 1039 3084 abs
1054 3025 1090 3082 te
1105 3009 1200 3082 dicta

104 3141 108 3158 ⁸
171 3177 214 3210 ro.
228 3161 359 3209 nemim
372 3163 647 3226 mansissem
729 3177 769 3210 ra.
785 3161 967 3223 Tubulum
978 3143 1048 3223 pater
1058 3157 1202 3221 eclipsata,

132 3241 163 3290 tle
174 3243 249 3291 ona.
263 3243 300 3298 11,
314 3241 345 3298 tt
355 3255 362 3290 :
372 3241 489 3305 «sapiens
501 3242 577 3291 horno
590 3259 647 3292 cnm
691 3253 720 3291 nt
726 3255 818 3290 rnorem
824 3239 890 3305 apud
901 3241 1026 3287 Romanos
1032 3232 1106 3286 salsae
1113 3237 1202 3300 saepius

129 3321 219 3386 primia
244 3331 333 3368 nostra
355 3321 556 3370 civitatle-norat
580 3321 647 3371 bane
688 3323 738 3384 jam
759 3321 872 3370 diximus.
888 3345 923 3356 -
940 3319 1026 3367 cerua.
1042 3318 1124 3379 Quum
1137 3315 1203 3364 bona

130 3403 268 3466 gurgitem
282 3401 405 3449 metuebat
414 3415 461 3461 na,
470 3417 545 3465 qnam
555 3403 644 3451 lanthil
690 3411 760 3466 pater
768 3401 822 3462 eiua
834 3396 998 3464 profiteretur.

129 3481 246 3540 haberet,
259 3479 321 3528 nihil
340 3495 391 3529 ease
403 3481 427 3529 el
439 3479 550 3530 relictum
570 3491 644 3546 puta·
723 3481 776 3527 nn.
799 3479 906 3526 1.ch
923 3476 1050 3542 quoniam.
1068 3477 1200 3538 Postquain

130 3572 228 3610 return.
688 3559 776 3609 Cicero
793 3559 851 3606 satis
865 3556 911 3605 sibi
928 3555 1043 3621 probasse
1063 3553 1128 3600 viana
1147 3563 1202 3610 est,

170 3655 211 3690 u.
222 3642 254 3688 aa
266 3638 291 3687 ta
305 3639 406 3688 balneis.
423 3641 470 3688 ut·
487 3639 546 3705 ipsis
563 3640 644 3688 verbis
684 3638 779 3700 judiees
788 3637 818 3686 ab
830 3636 970 3701 Oppianico
980 3641 1124 3696 corruptose
1134 3643 1200 3676 nane

129 3719 198 3783 apud
215 3718 359 3768 Ciceronem
380 3719 437 3768 loeo
455 3717 643 3784 supralaudato
686 3733 718 3766 eo
739 3719 837 3774 natant,
858 3725 887 3763 nt
906 3713 1019 3762 ostendat
1040 3709 1197 3766 Cluentium,

129 3799 209 3846 utitur
226 3797 345 3847 Cunna:
359 3819 370 3841 ι
381 3799 457 3862 Quod
468 3799 515 3846 nisi
528 3809 553 3846 te
562 3796 642 3864 pube·
686 3796 878 3858 etiamsijudices
887 3793 1048 3856 corrupisset,
1057 3788 1201 3836 condemna·

129 3893 182 3926 rena
189 3879 240 3938 jam
249 3875 362 3925 baberet.
370 3913 388 3928 ..
405 3893 430 3926 aa
439 3879 510 3926 etiam
519 3876 643 3925 inbalneia
686 3875 708 3922 ri
719 3891 769 3924 non
783 3883 909 3939 oportum
925 3869 994 3934 qnod
1003 3866 1132 3930 jndiciarla
1144 3867 1199 3932 lege

130 3955 270 4005 btmncum
278 3953 469 4020 filio,acripturn
476 3955 641 4020 relinqueret».
687 3955 718 4003 de
729 3963 846 4017 corrupto
854 3949 949 4012 judicio
960 3965 1011 3996 non
1021 3957 1138 4005 teneatur,
1145 3963 1201 4010 quaa

133 4037 202 4086 Alter
214 4037 241 4085 in
252 4037 341 4086 eodem
354 4035 417 4084 libro
434 4039 513 4086 Crassi
530 4039 600 4099 jocus
613 4038 643 4085 de
687 4048 750 4083 rom.
761 4031 854 4096 equites
866 4046 918 4078 non
927 4027 1034 4092 attingit.
1048 4025 1095 4074 Sed
1108 4025 1201 4074 invicto

134 4115 218 4165 iisdem
232 4117 328 4166 niueis
341 4125 458 4165 narntnr.
689 4129 719 4162 eo
731 4121 860 4160 'mommio
871 4109 913 4156 vix
927 4108 963 4155 nti
976 4108 1081 4172 primunr
1095 4105 1200 4154 velleri-
