2962 4682
330 392 522 462 ORATIO
547 393 648 462 PRO
672 395 812 466 LEGE
835 395 1070 464 MANILIA.
1178 421 1221 494 19

161 537 235 610 que
248 537 295 586 ex
312 511 493 598 decumis,
516 536 636 612 nequo
653 538 698 586 er
718 515 892 610 scriptura
911 517 1058 615 vectigal
1077 541 1222 592 conser-

160 627 235 698 vari
267 636 415 722 potest:
445 647 559 719 quare
593 647 687 721 saepe
720 625 828 696 totius
858 627 944 696 anni
975 623 1113 698 fructus
1146 653 1221 701 uno

160 757 310 806 rumore
332 732 503 830 periculi,
524 746 634 829 atque
656 757 731 804 uno
748 731 834 804 belli
855 747 992 806 terrore.
1013 737 1201 806 amittitur.

207 847 293 934 Quo
320 841 466 916 taudem
492 844 614 914 animo
641 867 718 916 esse
746 844 951 914 existimatis
973 859 1035 915 aut
1055 869 1137 934 eos,
1158 850 1222 943 qui

161 951 349 1050 vectigalia
369 950 477 1024 nobis
499 954 700 1049 pensitant,
721 966 784 1022 aut
802 975 887 1052 eos,
903 954 966 1050 qui
987 968 1155 1026 exercent
1173 971 1224 1028 at·

160 1083 233 1159 que
256 1064 422 1158 exigunt,
444 1085 559 1159 quum
587 1060 663 1134 duo
685 1085 788 1158 reges
812 1085 896 1133 cum
920 1063 1083 1133 maximis
1109 1067 1223 1161 copiis

160 1195 277 1268 prope
296 1169 438 1244 adnm?
453 1195 568 1268 quum
585 1195 658 1242 una
678 1172 842 1244 excursio
856 1174 1036 1268 equitatus
1055 1172 1223 1270 perbrevi

160 1293 327 1378 tempore
356 1283 468 1354 totius
494 1281 581 1352 anni
605 1281 756 1378 vectigal
779 1277 921 1352 atricrre
946 1281 1084 1378 possit?
1107 1307 1222 1380 quum

162 1387 347 1487 publicani
359 1387 511 1462 familias
525 1391 715 1477 maximas,
734 1413 824 1488 quas
841 1392 882 1461 in
898 1386 1045 1462 saliuis⁵
1065 1390 1222 1478 habent,

160 1523 250 1594 quas
268 1500 309 1572 in
324 1501 433 1596 agris,
447 1523 538 1596 quas
553 1501 592 1570 in
610 1500 790 1598 portubus
808 1515 918 1598 atque
937 1500 1130 1591 custodiis,
1148 1527 1224 1574 ma·

160 1629 234 1702 gno
249 1607 413 1705 periculo
427 1631 467 1682 se
479 1603 614 1682 habere
627 1608 869 1682 arbitrentur?
881 1611 1063 1684 Putatisne
1075 1635 1140 1684 vos
1152 1612 1222 1688 illis

160 1715 271 1792 rebus
286 1715 359 1790 frui
372 1741 499 1814 posse,
519 1718 590 1790 nisi
610 1743 689 1806 eos,
710 1721 773 1817 qui
786 1719 890 1792 vobis
902 1719 1102 1792 fructuosi⁶
1119 1737 1223 1809 suut,

160 1828 477 1912 conservaveritis,
493 1849 570 1900 non
583 1827 721 1916 solum,
735 1843 777 1900 ut
790 1844 894 1900 antea
906 1830 997 1918 diui,
1008 1831 1223 1917 calamitate,

159 1935 223 2012 sed
240 1940 350 2013 etiam
367 1935 576 2012 calamitatis
589 1935 783 2010 formidine
796 1937 990 2011 liberatos?

208 2051 286 2120 Vll.
313 2051 363 2120 Ac
389 2071 437 2119 ne
461 2045 551 2120 illud
577 2047 726 2144 quidem
750 2045 856 2118 vobis
874 2047 1132 2146 negligendum
1149 2065 1222 2136 est,

159 2155 259 2254 quod
279 2153 370 2228 mihi
390 2179 457 2253 ego
470 2169 673 2228 extremum
687 2179 967 2256 proposueram,
980 2183 1094 2254 quum
1109 2183 1223 2230 essem

158 2266 204 2340 de
228 2265 317 2340 belli
347 2287 481 2363 genere
504 2265 686 2353 dicturus,
712 2267 815 2364 quud
835 2267 880 2338 ud
905 2268 1106 2338 nutritorum
1127 2267 1225 2340 bona

158 2376 293 2450 civitun
324 2396 560 2448 romanorum
591 2370 749 2472 pertinet
770 2403 783 2444 :·
813 2399 972 2473 quorum
1002 2377 1128 2461 vobis,
1154 2403 1223 2476 pro

159 2499 276 2559 vestra
297 2484 494 2581 sapientia,
515 2477 876 2573 Quirites,babentla¹
891 2501 945 2560 est
963 2487 1054 2556 ratio
1069 2485 1222 2584 diligen-

158 2611 224 2668 ter.
244 2597 338 2669 Nam
356 2609 394 2664 et
408 2592 610 2691 publicani,
624 2593 791 2668 homines
806 2607 841 2664 et
854 2593 1097 2666 honestissimi
1110 2611 1148 2670 et
1159 2621 1221 2667 or·

159 2705 350 2794 eatbaimi,
361 2727 444 2778 suos
455 2707 614 2778 rationes
625 2719 662 2778 et
677 2706 821 2803 copias¹
836 2708 875 2776 in
889 2705 985 2778 illam
999 2707 1220 2802 provinciam

156 2925 230 2980 rino,
243 2921 315 2980 oleo,
328 2929 353 2969 et
363 2919 473 2984 frugibus
486 2919 602 2978 minutim
610 2937 671 2985 por·
714 2921 794 2988 vincis
814 2919 887 2967 icisse
899 2935 949 2967 nou
964 2919 1070 2966 meminit
1083 2919 1185 2986 legisse,
1199 2933 1224 2970 st

158 3002 259 3065 rodurn,
271 3000 342 3066 quod
360 3016 392 3047 ex
403 3000 572 3063 navigatione,
584 2999 669 3061 idest,
709 3009 783 3065 putat
794 2997 922 3062 legendnm
941 2996 1105 3055 eemsalictr's,
1120 3005 1162 3048 sut
1173 3001 1225 3049 rai-

155 3077 671 3145 exmacinmexportationerecipiturilae
713 3073 1008 3146 tiburs·salicrornmeuim
1017 3077 1223 3148 nomiueptrcua,

157 3157 670 3223 omniacensorespubllcauisrenderecon-
713 3173 768 3221 que
776 3157 917 3222 pinumque
929 3153 1043 3206 salicibus
1052 3157 1145 3206 consita
1155 3169 1221 3216 suut,

157 3243 243 3290 stituta
253 3239 366 3288 motione
379 3238 507 3296 solebent3
526 3240 569 3301 qui
584 3239 668 3302 quanti
713 3251 765 3284 uon
778 3233 877 3284 diiiiciie
894 3235 1006 3300 intelligi.
1019 3235 1169 3300 Pomponius
1190 3253 1222 3286 ex

156 3317 554 3384 mancipcrredetnerant,tantum
564 3327 668 3380 quaeeto.
712 3313 1221 3382 multissaltibmprctioueiructuspercipi

158 3399 226 3448 ribus
235 3397 344 3447 urbisrd
354 3398 462 3460 serarium
477 3394 564 3459 populi
575 3395 670 3442 romani
714 3404 824 3443 testatur.
838 3393 943 3442 Turneb.
957 3393 1068 3443 lambis:
1081 3395 1222 3455 Manutius,

159 3467 409 3542 nprmubeueid
419 3483 469 3533 ert,
479 3485 535 3521 ante
542 3469 669 3538 perceptos
712 3483 757 3520 etc.
769 3484 886 3538 respuunt
898 3488 985 3522 vocem
998 3471 1091 3520 salinis.
1100 3473 1153 3538 Ego
1162 3487 1222 3521 rero

160 3555 252 3604 ituctrts
263 3553 453 3620 persolvebant3
465 3567 520 3600 narn
533 3563 617 3617 postea
626 3555 669 3615 qui
711 3566 763 3599 non
774 3550 846 3599 rideo
860 3567 904 3602 eur
916 3568 967 3601 non
978 3551 1081 3616 vectigal
1093 3551 1124 3599 tle
1139 3552 1222 3600 salinis

158 3635 279 3702 inoperta
296 3644 364 3682 erant
378 3631 524 3688 decumani,
542 3631 674 3704 pecrtarir',
710 3639 853 3694 perceptum
874 3631 965 3695 luent,
987 3641 1012 3679 et
1031 3631 1064 3678 ad
1081 3631 1220 3695 portorium

154 3713 292 3776 portitores,
306 3711 442 3774 exlegibus
453 3711 581 3772 censoriis,
591 3726 604 3757 a
615 3725 669 3775 pro
712 3708 860 3772 pertinuerit.

158 3791 301 3840 riudrlibus
314 3790 456 3854 exigebant,
478 3791 575 3852 suisque
598 3804 668 3837 com·
747 3787 771 3834 6.
779 3787 911 3836 Fructuosi.
925 3785 1221 3852 Plurimilegnntfruetru'.

158 3869 238 3918 modis
251 3883 275 3920 et
286 3869 455 3918 rationibusln
466 3883 492 3916 ea
506 3867 669 3916 conductione
748 3865 805 3913 vlt.
819 3881 842 3914 r.
852 3868 915 3912 Sans
925 3865 1033 3913 rationes
1042 3863 1222 3928 etcopiardlr-

157 3950 325 3999 conrnlebrnt.
712 3945 791 3992 tiones
803 3959 849 4008 pro
858 3943 1013 3991 iarnlmibus
1029 3953 1054 3990 et
1061 3941 1133 3992 rebus
1144 3949 1222 3995 omni-

194 4028 219 4076 ⁵.
230 4027 362 4078 Incolitis.
374 4029 556 4075 liottomannns
567 4023 670 4088 vectigal
712 4023 760 4072 bus
773 4023 805 4070 ad
819 4033 937 4086 questum
948 4021 1142 4084 pertinentibus3
1156 4025 1222 4072 unde

157 4122 190 4154 er.
201 4107 284 4156 salinis
301 4107 328 4155 in
348 4105 423 4164 Asia,
434 4112 475 4151 rut
492 4103 537 4152 alis
550 4101 599 4151 ulia
613 4117 671 4165 pro·
714 4101 853 4159 wnsuierr,
865 4097 1020 4165 prospicere,
1037 4101 1164 4166 providere
1176 4103 1225 4152 suis

1075 4215 1106 4256 2.
