3018 4664
250 329 321 404 352
570 329 619 398 M.
645 329 684 396 T.
711 327 1005 400 CICERONIS

247 453 366 554 quod,
388 475 471 550 quae
487 451 686 548 justissima
703 447 793 518 mihi
812 472 918 520 causa
937 448 984 520 nd
1003 447 1102 521 bunc
1121 446 1324 520 delenden-
1351 504 1356 517 .

250 563 339 639 dum
353 586 430 635 esse
444 562 518 633 visa
531 574 604 648 est,
620 558 749 632 eadem
764 557 868 631 vobis
879 559 924 632 ad
937 557 1199 632 absolvendum
1213 557 1326 632 debet

249 677 378 748 videri.

300 791 395 860 Nam
422 807 481 855 me
507 777 648 880 quum⁵
676 781 841 852 amicitiae
864 794 1042 868 vetustas,
1067 794 1146 852 tum
1168 779 1325 878 dignitas

251 891 447 984 hominis⁶‚
465 908 545 965 tum
565 893 657 963 ratio
678 889 930 977 humanitatis,
948 905 1026 962 tum
1043 915 1132 962 meae
1150 894 1229 962 vitae
1243 915 1325 990 per·

251 1024 363 1109 petua
380 1003 626 1094 consuetudo,
647 1001 694 1074 ad
713 1007 751 1075 C.
772 1001 960 1074 Rabirium
981 1000 1251 1074 defendendum
1269 1016 1325 1073 est

251 1119 463 1192 adhortata:
489 1132 570 1188 tum
593 1138 701 1202 ver0,
729 1128 771 1184 ut
800 1112 837 1206 id
863 1111 1123 1184 studiosissime
1146 1111 1324 1202 lacerem,

248 1232 343 1304 salus
360 1227 569 1328 reipublicae
581 1238 607 1314 ⁷,
626 1223 816 1297 consulare
834 1221 996 1296 officium
1005 1217 1034 1313 ⁸,
1041 1224 1249 1297 consulatus
1262 1225 1324 1296 de·

251 1347 364 1440 nique
395 1342 490 1439 ipse,
519 1335 609 1408 inihi
637 1359 710 1409 una
735 1334 924 1406 vobiscum
954 1357 1039 1406 cum
1064 1334 1177 1408 salute
1200 1338 1323 1432 reipu-

250 1451 356 1525 blicae
376 1445 669 1536 commendatus,
693 1447 821 1543 coegit.
848 1449 932 1518 Non
954 1445 1053 1517 enim
1072 1448 1111 1517 C.
1136 1443 1324 1516 Rabirium

250 1563 358 1661 culpa
374 1559 533 1647 delictit,
552 1583 628 1629 non
645 1555 788 1642 invidia,
803 1560 958 1654 vitaeque
969 1567 1000 1600 ¹⁰
1018 1554 1211 1655 turpitudo
1223 1609 1233 1648 ,
1246 1581 1323 1628 non

252 1673 412 1769 denique
429 1685 570 1742 veteres
581 1723 591 1756 ,
604 1669 728 1764 justae,
752 1691 950 1766 gravesque
964 1667 1158 1738 inimicitiae
1171 1669 1322 1757 civium,

252 1790 291 1857 in
319 1783 512 1855 discrimen
540 1781 668 1879 capitis
691 1792 942 1851 vocaverunt:
969 1777 1033 1850 sed
1053 1791 1095 1849 ut
1116 1775 1204 1848 illud
1223 1801 1323 1848 sum-

251 1920 355 1968 mum
376 1892 549 1965 auxilium
570 1891 803 1987 majestatis¹¹
827 1904 937 1987 atque
957 1889 1121 1987 imperii,
1140 1887 1241 1984 quod
1260 1913 1325 1959 no·

252 2004 308 2077 bis
323 2029 343 2074 a
360 1999 558 2100 majoribus
574 2015 629 2073 est
648 2000 842 2089 traditum,
859 1999 905 2072 de
919 1999 1108 2098 republica
1120 1999 1324 2086 tolleretur;

252 2131 295 2190 ut
319 2113 407 2186 nihil
433 2112 585 2212 posthac
612 2113 807 2185 auctoritas
831 2127 995 2201 senatus,
1020 2111 1111 2183 nibil
1134 2110 1323 2184 consulare

251 2228 500 2324 imperiumn,
519 2221 612 2294 nibil
626 2227 817 2295 consensio
836 2221 1019 2294 bonorum
1038 2237 1163 2295 contra
1183 2235 1322 2321 pestem

251 2361 293 2410 ac
323 2333 522 2436 perniciem
553 2333 706 2406 civitatis
732 2333 884 2423 valeret3
909 2332 1044 2406 idcirco
1070 2333 1108 2404 in
1134 2331 1191 2404 his
1211 2330 1323 2405 rebus

287 2499 311 2547 5.
325 2497 412 2559 Quum.
420 2493 477 2544 seh.
490 2493 576 2543 meluit
585 2505 646 2542 tum.
657 2489 721 2544 tv.
734 2497 764 2543 1..
810 2511 884 2544 «non
895 2495 989 2544 invidia
997 2493 1140 2560 vitiaque»;
1152 2495 1183 2545 ul.
1198 2511 1271 2544 «non
1281 2497 1323 2543 in·

285 2577 312 2625 6.
322 2574 438 2640 Dignitas
447 2572 558 2623 dominis.
568 2574 662 2640 Utpoto
670 2585 766 2623 ceneto·
810 2574 875 2623 vidia
888 2573 962 2637 vitu,
975 2590 1028 2624 non
1040 2574 1195 2639 den.nQnod
1206 2575 1275 2624 multi
1286 2591 1324 2625 ee-

251 2656 292 2706 rie.
302 2683 338 2693 -
347 2653 420 2703 Ratio
428 2652 605 2716 humanitatis,
615 2670 670 2718 qne
680 2669 766 2703 omnen
809 2654 880 2719 qunti
888 2665 954 2705 eunt.
962 2656 979 2704 J
982 2658 1027 2705 Ν.
1035 2658 1063 2706 L.

250 2733 461 2785 edenblevundem
469 2733 597 2784 hominum
604 2733 765 2782 calamitatem
848 2749 891 2784 rr.
908 2735 1032 2781 Sumnuaem
1044 2733 1166 2783 oreaeilium
1180 2731 1323 2800 majestatis.

252 2815 325 2865 debet
337 2813 470 2880 impellere.
488 2841 523 2852 —-
537 2813 697 2862 Consuetudo.
715 2813 766 2876 Qui
809 2812 1120 2862 semmuconeultumillnd
1126 2812 1325 2878 significatquod

251 2910 347 2959 semper
360 2909 416 2942 reos
431 2891 559 2942 defendere
574 2891 657 2952 soleo,
669 2891 765 2941 nullum
808 2891 908 2940 cummis
918 2893 978 2956 reip.
991 2892 1143 2956 temporibus
1154 2891 1206 2941 lieri
1215 2893 1321 2953 solebat,

253 2976 303 3023 l'ere
315 2971 435 3022 accusavi.
809 2983 838 3020 ut
856 2971 967 3019 viderent
989 2970 1103 3020 consules
1122 2988 1153 3020 ne
1174 2973 1235 3037 qnid
1253 2988 1321 3040 resp.

288 3071 313 3117 7.
333 3052 405 3101 Solus
423 3047 483 3114 retia.
502 3051 564 3113 Qum
581 3049 661 3115 egitur
676 3050 703 3098 in
719 3047 767 3098 luc
810 3050 951 3100 detrimenti
967 3063 1071 3116 caperet.
1086 3073 1098 3094 ι
1108 3054 1156 3111 Eo,
1171 3053 1252 3116 inquit
1268 3053 1323 3102 Sal·

252 3149 337 3192 ceusu
349 3131 461 3181 homines
472 3129 538 3177 enim
548 3128 656 3196 improbi
669 3140 768 3178 secutus
809 3130 911 3190 Iustius,
930 3141 1038 3196 potestur
1059 3146 1104 3195 per
1123 3143 1233 3180 mustum
1253 3149 1323 3182 more

251 3211 419 3262 auctoritatem
440 3207 593 3268 convellere,
613 3224 660 3274 que
679 3208 766 3257 nititur
810 3224 911 3258 romano
924 3208 1072 3272 magistratui
1082 3211 1186 3259 maxima
1199 3213 1324 3276 permitti-

251 3292 315 3341 salue
329 3290 392 3354 reip.
407 3300 536 3337 conentur.
809 3299 859 3349 tur,
870 3290 1004 3338 exercitum
1014 3305 1110 3355 perure,
1123 3291 1214 3340 bellum
1224 3309 1323 3358 genere,

289 3374 314 3421 8.
345 3369 479 3420 Comum
504 3365 623 3436 officium.
653 3365 767 3417 Consulis
810 3384 923 3418 coercere
936 3369 1052 3418 omnibus
1062 3370 1144 3419 modis
1156 3371 1237 3420 socios
1248 3385 1324 3438 atque

252 3451 317 3501 enim
335 3459 371 3498 eet
390 3447 454 3497 tueri
475 3445 601 3496 consulere
620 3446 763 3510 inperium,
810 3447 956 3510 civee,domi
965 3449 1105 3512 militiaeque
1113 3451 1324 3518 imperiumatque

252 3547 302 3597 quo
316 3529 461 3577 Setnrninne
473 3526 616 3575 interfectae
630 3525 715 3574 sumet.
729 3551 766 3563 -
807 3527 931 3589 judicium
945 3543 1066 3577 summum
1084 3528 1173 3578 babere
1188 3553 1210 3580 ι.
1232 3531 1324 3582 SCtum

254 3608 408 3660 Consulatus.
421 3607 497 3668 Caino
509 3604 569 3654 mibi
579 3603 621 3665 jue
633 3603 766 3654 defenden-
809 3607 940 3671 bocgenne
948 3621 1033 3657 contm
1040 3610 1197 3658 Saturninum
1204 3613 1324 3672 CMnrio,

252 3690 312 3740 dum
320 3681 630 3750 uumqutdetdeoedat.
810 3689 837 3738 1..
846 3677 1019 3736 Valet-iocoue.
1030 3689 1107 3736 soeret
1115 3690 1216 3738 fuctum

288 3785 316 3832 9.
332 3766 411 3830 Culpa
420 3761 512 3816 delicti.
522 3759 638 3810 Rabirius
647 3777 698 3810 non
707 3777 764 3820 suo,
848 3779 888 3814 ro.
904 3765 1036 3814 Comulase
1048 3765 1185 3832 imperium.
1203 3769 1279 3833 Quod
1291 3787 1324 3819 ex

252 3847 295 3897 sed
308 3846 370 3910 reip.
386 3845 483 3892 nomine
498 3842 525 3890 in
537 3839 665 3889 discrimen
679 3843 766 3906 capiti·
808 3843 852 3892 illo
862 3845 927 3893 scio
935 3844 1104 3910 pendebat.-
1112 3847 1240 3897 &mensio
1248 3851 1326 3898 boteo-

253 3926 320 3974 uenit
328 3961 336 3988 ,
345 3922 414 3988 quod
427 3919 522 3971 consuli
532 3921 639 3987 ptruerlt
651 3932 677 3970 et
689 3938 767 3988 remp.
811 3939 872 3972 rum.
882 3923 933 3986 Qui
942 3923 1069 3973 consulum
1080 3925 1183 3989 imperio
1193 3938 1324 3978 ettennon

254 4005 344 4054 salvam
356 4017 406 4049 ecee
416 4000 530 4049 voluerit.
810 4001 931 4051 voluntati
940 4013 1052 4068 parentes
1063 4005 1219 4055 Saturninum
1231 4007 1323 4058 nelarie

293 4096 331 4128 ro.
340 4080 396 4128 Non
406 4077 507 4134 inuidia,
517 4079 633 4144 uitaque.
642 4079 682 4128 al.
692 4079 766 4130 codd.
810 4081 950 4132 molientem
961 4094 1143 4148 oppresserunt.
