2956 4676
237 355 285 450 98
370 431 374 440 ¹
560 349 608 418 M.
634 347 673 416 T.
700 342 981 413 CICERONIS

285 479 363 545 XX.
387 474 511 562 Quum
543 469 579 538 in
603 465 793 538 consilium
818 465 885 536 iri¹
913 477 1120 561 oporteret,
1143 466 1311 560 quaesivit

237 585 283 658 ab
304 609 367 658 reo
392 586 433 653 C.
456 581 605 662 Junius‚
628 579 834 674 quaesimr²,
853 573 995 672 exlege
1016 570 1101 646 iila³
1121 572 1309 661 Cornelia,

237 721 319 793 quae
332 708 408 765 tum
426 703 522 776 crat,
539 688 649 774 ciam,
668 711 713 758 an
731 685 867 783 palam,
881 683 927 756 de
942 709 980 756 se
993 687 1208 756 sententiam
1220 683 1309 756 ferri

188 885 193 902 .
236 805 354 876 veliet.
380 805 435 874 De
459 799 652 898 Oppianici
677 797 855 868 sententia
874 819 1087 893 responsum
1112 808 1184 884 est,
1207 794 1308 892 quod

238 916 293 987 isl
312 913 407 986 Aviti
425 907 636 982 familiarem
661 908 808 978 lunium
829 929 905 978 esse
922 903 1081 993 dicebat,
1101 905 1194 977 clam
1216 903 1308 977 velle

238 1024 333 1098 ferri.
347 1027 442 1096 itum
455 1033 509 1092 est
518 1022 557 1090 in
569 1015 773 1090 consilium.
784 1013 963 1088 Omnibus
971 1015 1171 1104 sententiis,
1180 1029 1309 1113 praeter

237 1159 367 1222 unam,
383 1147 494 1230 quam
509 1153 611 1202 suam
628 1127 792 1199 Staienus
803 1123 817 1172 ⁵
830 1149 907 1198 esse
918 1123 1078 1212 dicebat,
1091 1124 1309 1197 Scamander

236 1247 353 1344 prima
371 1237 538 1314 actione⁶
561 1236 824 1310 condemnatus
843 1250 908 1308 est.
926 1235 1016 1326 Quis
1039 1249 1119 1308 tum
1139 1249 1215 1308 erat
1232 1259 1309 1307 om-

237 1357 359 1441 nium,
375 1352 456 1450 qui,
472 1347 692 1422 Scamandro
710 1346 971 1428 condemnato,
986 1371 1060 1418 non
1070 1343 1246 1443 judicium
1262 1346 1308 1418 de

236 1463 439 1562 Oppianico
471 1457 606 1532 factum
638 1481 715 1530 esse
747 1455 1012 1529 arbitraretur?
1039 1455 1137 1546 Quid
1167 1473 1222 1530 est
1248 1456 1308 1528 iiia

237 1573 470 1646 damnatione
489 1567 711 1664 judicatum,
729 1567 798 1639 nisi
817 1589 998 1638 venenum
1016 1565 1072 1653 id,
1088 1564 1190 1662 quod
1202 1567 1308 1636 Avito

236 1681 403 1769 daretur,
421 1703 499 1752 esse
519 1677 755 1775 quantumi?
780 1679 869 1766 Quae
888 1699 1000 1774 porro
1021 1677 1232 1748 tenuissima
1250 1699 1309 1748 su·

238 1794 352 1891 spicio
380 1789 509 1863 coliata
536 1788 575 1860 in
601 1785 859 1860 Scamandrum
883 1799 955 1873 est,
980 1799 1043 1858 aut
1067 1783 1225 1858 conferri
1248 1809 1308 1883 po

237 1905 325 1990 tuit,
346 1916 388 1975 ut
411 1902 440 1972 is
465 1923 530 1972 sua
550 1910 681 1995 sponte
704 1921 832 1968 nccare
854 1895 1010 1968 voluisse
1036 1899 1181 1968 Avitum
1202 1910 1306 1994 puta·

237 2011 357 2086 retur?

284 2130 425 2220 Atque,
456 2119 528 2191 hoc
554 2133 632 2188 tum
657 2114 793 2212 judicio
817 2113 934 2201 facto,
961 2130 997 2185 et
1022 2117 1247 2213 Oppianico,
1268 2140 1308 2188 re

236 2248 273 2306 et
285 2229 546 2304 existimatione
558 2227 652 2323 jam,
665 2220 767 2324 lege⁸
780 2239 817 2298 et
830 2227 1127 2323 pronuntiatione
1140 2225 1307 2298 nondum

238 2343 501 2427 condemnato,
525 2353 645 2412 tamen
662 2340 787 2408 Avitus
807 2338 1050 2434 Oppianicum
1066 2361 1170 2410 reum
1188 2340 1307 2410 statim

239 2479 313 2526 non
339 2450 433 2524 fecit.
460 2449 585 2520 Voluit
608 2471 850 2545 cognoscere,
873 2461 995 2520 utrum
1016 2445 1156 2542 judices
1181 2449 1218 2518 in
1246 2461 1308 2518 eos

237 2565 333 2637 solos
360 2561 641 2646 essentsevcri,
670 2581 764 2655 qnos
796 2581 979 2630 venenum
1008 2555 1179 2632 habuisse
1208 2558 1308 2654 ipsos

236 2673 515 2772 comperissent,
551 2695 598 2742 an
638 2672 745 2741 etiam
781 2668 931 2740 consilia
964 2670 1307 2765 conscientiasquc⁹

237 2781 414 2882 ejusmodi
432 2779 633 2854 facinorum
655 2778 834 2876 supplicio
855 2778 981 2878 dignas
994 2777 1210 2874 judicarent.
1231 2783 1304 2852 Ita·

237 2921 310 2994 que
329 2899 372 2968 C.
392 2890 617 2978 Fabricium,
636 2913 746 2987 quem
765 2903 915 2987 propter
933 2887 1209 2962 familiaritatem
1228 2893 1305 2990 Op-

271 3068 330 3116 XX.
347 3082 370 3113 1.
383 3066 412 3112 la
432 3061 560 3112 consilium
581 3061 620 3111 iri.
642 3063 707 3110 Eunt
722 3063 749 3110 in
831 3070 854 3118 t.
870 3063 945 3125 Quod
956 3063 984 3110 is.
1004 3061 1151 3112 Scamander
1169 3063 1232 3110 ciam
1250 3061 1307 3112 ferri

237 3143 478 3204 consillumjudicea‚
485 3159 574 3206 quum,
582 3159 653 3190 causa
667 3143 750 3190 utrina·
792 3145 935 3192 sententiam
945 3143 1045 3208 petivit,
1055 3143 1135 3208 nequi
1143 3142 1240 3206 iudices
1247 3177 1254 3200 ,
1262 3143 1306 3190 Ju-

238 3241 285 3291 que
297 3233 420 3288 perorata,
430 3220 462 3268 ad
472 3222 616 3271 renuntians
626 3222 749 3273 ferendam
793 3223 827 3270 nii
845 3221 989 3271 anctoritate
1003 3221 1115 3280 adducti,
1132 3221 1305 3271 Scamandrum

223 3303 396 3354 ,conveniunt
793 3301 906 3351 damnare
920 3313 1003 3367 aperte
1018 3313 1173 3366 cogerentur.

273 3399 298 3432 a.
305 3381 431 3446 Queen'eor.
438 3381 488 3444 Qui
495 3380 547 3430 tuin
554 3381 683 3448 quaestioni
691 3397 750 3448 prae-
830 3381 854 3428 5.
865 3381 906 3431 Al.
919 3393 947 3430 ut
958 3381 1062 3446 passim,
1072 3380 1194 3430 Staienus.
1204 3381 1229 3430 J.
1236 3381 1268 3430 V.
1279 3383 1308 3428 L.

237 3473 298 3512 erat.
313 3463 350 3510 De
363 3461 551 3528 quaesitorem
562 3459 703 3525 quaestionis
711 3459 751 3520 jn·
830 3461 854 3508 6.
871 3461 954 3508 Pruna
968 3460 1072 3510 actione.
1086 3457 1229 3525 Ampiiandi
1237 3469 1308 3526 pote·

239 3545 293 3594 dice
311 3542 367 3591 vide
385 3539 455 3607 plura
472 3540 503 3589 ad
521 3541 611 3590 calcem
630 3541 701 3589 Verr.
721 3536 749 3603 l,
794 3549 880 3588 atatem
893 3539 946 3606 lege
957 3540 1121 3604 permittente.

237 3621 396 3690 Appendde
407 3619 489 3672 Judic.
499 3619 591 3685 public.
831 3635 853 3680 7.
868 3619 927 3666 Esse
941 3619 1079 3682 quaesitum.
1093 3619 1176 3668 Fuisse
1185 3633 1309 3688 compara·

274 3702 352 3755 &uia
365 3699 572 3766 CorneliaOum
582 3696 749 3746 neomutus
794 3711 854 3748 tum.
873 3724 908 3734 -
927 3699 953 3744 Is
970 3713 1016 3745 sua
1036 3710 1130 3764 sponte.
1149 3699 1209 3748 Nou
1228 3697 1308 3747 alieno

237 3783 303 3832 Sulla
317 3781 347 3831 de
360 3781 452 3830 sicariis
463 3789 487 3828 et
497 3775 610 3826 veneficia
620 3776 714 3833 tulerat,
722 3790 751 3827 ut
794 3777 906 3828 coneilio.

237 3863 362 3910 sententiae
376 3876 389 3907 a
405 3857 529 3920 iudicibus
541 3856 603 3904 clam
616 3865 658 3902 ant
670 3857 749 3922 palam
830 3859 856 3906 8.
879 3859 948 3922 Lege.
969 3859 1031 3920 Quae
1047 3857 1157 3919 iudicum
1181 3858 1308 3906 muntiis

237 3957 269 3989 ex
279 3941 313 3988 rei
322 3939 447 3988 voluntate
456 3937 583 3984 ferrentur.
590 3935 662 3984 eont
672 3951 693 3983 c.
704 3953 746 3998 ap.
792 3955 859 3986 mum
872 3935 1026 3985 condemnat.

240 4047 271 4061 ,-
285 4023 346 4085 Quoe
359 4029 410 4066 tum
422 4027 484 4063 erat.
497 4015 584 4063 Postea
597 4015 693 4062 videtur
702 4015 746 4064 ali·
827 4035 851 4082 9.
872 4015 1045 4066 Conscientiae.
1060 4015 1108 4063 lios
1122 4015 1165 4079 qui
1184 4013 1307 4063 dedissem

236 4097 296 4163 quid
309 4099 512 4148 ineamutatnm.
791 4097 932 4159 conissium,
947 4097 1008 4144 tanti
1024 4093 1119 4144 aceien'a
1132 4095 1235 4144 eomcii.
