2958 4670
519 385 896 463 ARGUMENTUM.
1169 391 1235 468 501

16 591 17 598 ἵ
114 582 117 590 ,
215 515 366 575 Catilinam
378 531 447 571 vero
461 512 490 570 in
502 511 628 590 petendo
644 511 797 570 consulatu
807 531 858 590 spe
869 525 900 568 et
913 509 1071 588 cupiditate
1083 513 1243 573 inflamma·

215 623 276 670 tum
288 610 431 678 riderent,
448 628 563 682 ornnes,
588 610 638 687 qui
654 609 732 666 illam
757 627 775 665 a
796 606 946 686 republica
966 619 1076 696 pestem
1095 608 1241 688 depellare

213 719 370 785 cuperent,
383 705 420 764 ad
434 709 587 764 Murenam
602 703 740 762 aestatim
754 704 946 775 contulerint,
965 704 1070 771 ἰζ-16.
1105 739 1107 746 ·
1188 734 1191 748 ι

252 805 389 881 Sequitur
407 803 508 861 tertius
520 802 603 861 locus
618 799 655 859 de
667 798 791 858 ambitus
805 799 944 872 numine,
970 799 999 858 iu
1013 820 1073 878 quo
1088 802 1168 878 quod
1183 809 1242 862 Po-

213 900 335 960 stumius
349 898 478 972 dixerat,
495 918 548 977 per
561 897 702 957 divisores
716 915 732 954 a
746 900 869 955 Murena
885 895 1074 976 adsullragia
1085 896 1243 960 obtinenda

211 997 349 1076 pecunias
364 995 534 1056 distributas
545 1013 650 1072 easque
665 992 860 1072 deprehensas
874 992 980 1064 lause,
993 995 1138 1072 Sulpicius
1152 997 1244 1072 filius,

212 1113 229 1152 a
245 1098 278 1152 L.
298 1100 430 1153 Murenae
442 1093 576 1172 privigno
594 1097 629 1151 L.
648 1094 734 1150 Natta
751 1091 863 1167 equites
881 1089 918 1148 ad
936 1089 1090 1168 prandium
1107 1093 1243 1154 invitatos

211 1209 274 1248 esse
287 1211 294 1248 ε
308 1190 434 1268 pomum
446 1187 545 1246 Cicero
558 1191 688 1246 Murenae
701 1186 848 1244 fortunam
860 1187 1055 1264 conqueritur,
1066 1189 1245 1268 quodquam

211 1307 248 1346 ex
258 1286 420 1345 honoribus
438 1286 582 1344 continuis
601 1284 717 1343 familiae
740 1283 939 1362 majorumque
960 1303 1078 1342 suorum
1098 1305 1242 1346 summunt

212 1382 387 1444 adscendere
400 1385 521 1462 gradum
538 1382 685 1462 dignitatis
699 1397 818 1441 conatus
833 1380 884 1454 sit,
895 1381 1010 1440 veniret
1022 1383 1052 1448 in
1063 1383 1242 1460 periculum,

211 1505 249 1543 ne
262 1494 383 1564 propter
397 1483 524 1542 studium
540 1502 622 1541 novae
634 1482 729 1554 laudis
741 1461 824 1540 etiaiu
838 1483 868 1538 in
880 1483 986 1540 veteris
1004 1481 1127 1540 lortunae
1141 1480 1244 1540 discri-

210 1601 276 1640 men
288 1581 469 1662 adducatur3
491 1595 521 1638 et
536 1579 630 1658 qnod,
645 1592 752 1658 praeter
767 1579 927 1656 Sulpicium
942 1592 1070 1656 patrem,
1083 1598 1170 1656 quern
1184 1601 1241 1638 nen

210 1679 315 1757 injuria
329 1682 476 1748 Murenae,
497 1677 548 1737 sed
562 1677 683 1735 honoris
698 1677 847 1735 cententio
865 1689 1066 1754 permoverat,
1090 1691 1242 1735 accusetur

209 1793 227 1832 a
241 1778 292 1833 Cn.
305 1776 469 1846 Postumio,
483 1787 606 1853 paterno
620 1773 725 1842 amieo,
747 1787 777 1831 et
789 1785 887 1830 vetere
903 1773 999 1830 vicino
1017 1793 1050 1830 ac
1064 1774 1244 1843 necessario,

207 1871 311 1930 deinde
324 1892 342 1930 a
354 1876 416 1932 Ser.
431 1871 570 1950 Sulpicio,
581 1870 774 1942 adolescente,
786 1869 837 1928 filii
850 1869 957 1940 sodali,
971 1889 1057 1946 aquo
1069 1883 1239 1946 exspectan-

207 1967 278 2026 dum
292 1980 381 2039 esset,
392 1980 424 2025 ut
437 1979 574 2045 paternos
588 1967 696 2025 amicos
711 1967 809 2044 potius
824 1964 1010 2036 defenderet,
1022 1983 1109 2042 quam
1121 1985 1239 2024 accusa-

208 2079 272 2139 ret3
293 2059 448 2143 deniquae
463 2069 592 2134 Catone,
620 2064 670 2142 qui
684 2083 773 2141 quum
788 2081 944 2140 numquam
959 2083 975 2120 a
989 2067 1112 2120 Murena
1127 2061 1240 2122 alienus

207 2161 327 2236 luisset,
343 2181 377 2220 ea
393 2161 559 2220 conditione
572 2161 602 2216 in
615 2160 732 2217 civitate
744 2172 828 2216 natus
841 2170 934 2228 esset,
950 2170 982 2215 ut
994 2157 1056 2234 ejus
1067 2177 1139 2236 opes
1150 2171 1180 2217 et
1198 2161 1239 2218 in-

207 2259 322 2336 genium
335 2257 472 2336 praesidio
485 2258 581 2316 multis
595 2257 681 2314 edam
696 2255 892 2328 alienissimis,
908 2255 954 2312 vix
970 2256 1105 2332 cuiquam
1118 2257 1237 2315 inimico

207 2354 295 2412 exitio
309 2373 371 2414 esse
384 2354 538 2427 deberent,
552 2375 598 2431 27.
692 2383 697 2390 =

245 2455 309 2509 Jam
324 2469 389 2528 quta
406 2451 508 2509 Cicero
526 2453 675 2510 Postumio
689 2465 719 2508 ct
733 2451 862 2529 Sulpicio
880 2449 1056 2508 adolescenti
1070 2450 1239 2528 respondit,

207 2560 241 2600 ea
254 2541 351 2600 omnia
366 2542 584 2600 interciderunt.
600 2547 739 2621 Superest
752 2563 786 2600 ea
801 2562 886 2620 pars,
902 2562 961 2619 qua
975 2545 1116 2600 Catonem
1135 2545 1240 2602 conlu-

206 2637 288 2696 tavit.
308 2638 396 2717 Cujus
418 2639 545 2716 primum
562 2639 737 2718 deprecatur
756 2641 958 2700 auctoritatem
970 2659 1008 2697 ne
1025 2640 1167 2698 sortereo
1182 2662 1238 2698 no-

204 2749 284 2810 ceat,
304 2738 350 2794 28.
367 2736 478 2796 Deinde
499 2757 594 2796 mores
610 2736 672 2813 ejus
688 2736 806 2808 laudat,
828 2751 888 2795 tum
910 2736 1008 2793 stoicae
1023 2735 1237 2814 philosophiae,

205 2833 251 2891 cui
270 2837 342 2894 Cato
363 2853 394 2892 se
417 2832 582 2904 addixerat,
605 2833 787 2912 asperitatem
808 2851 841 2890 ac
864 2831 1001 2893 duritiem
1023 2831 1115 2889 facete
1137 2832 1235 2905 ridet,
1267 2823 1269 2828 ’

204 2929 290 3006 29-31
301 2952 311 3003 ;
325 2928 431 2990 deinde
442 2951 507 3007 quae
518 2934 591 2989 Cato
602 2928 738 2989 attulerat
748 2927 786 2988 ad
797 2926 1026 2986 confirmandum
1039 2925 1165 2986 arabitus
1178 2931 1237 2987 cri-

203 3045 290 3098 men,
305 3026 430 3100 relutat‚
445 3026 551 3084 32-36.
568 3031 717 3085 Postremo
729 3031 883 3084 Murenam
897 3025 927 3082 in
941 3025 1094 3082 consulatu
1106 3026 1233 3084 retinen·

203 3121 274 3181 dum
287 3142 349 3182 csse
357 3123 456 3195 docet,
472 3122 510 3181 ob
522 3125 651 3202 pericula
661 3143 678 3182 a
690 3124 819 3184 Catilina
831 3122 960 3200 reliquiis
970 3120 1037 3180 urbi
1049 3122 1234 3192 imminentia.

203 3239 268 3298 quae
278 3220 369 3297 magis
381 3221 478 3290 etiam,
489 3240 576 3298 quam
589 3221 651 3297 ipse
665 3219 726 3297 ejus
740 3220 901 3290 exercitus,
916 3217 1043 3278 timenda
1052 3219 1119 3289 sint,
1133 3219 1234 3297 37-39.

242 3321 276 3375 ln
294 3317 479 3396 peroratione
490 3316 603 3394 judices
617 3317 766 3388 hortatur,
780 3331 813 3376 ut
825 3317 897 3386 otio,
911 3329 944 3374 ut
955 3317 1037 3394 paci,
1047 3330 1080 3375 ut
1091 3318 1191 3390 saluti,
1202 3331 1235 3377 ut

202 3413 270 3471 vitre
284 3412 392 3470 civium
406 3414 573 3485 consulant,
588 3433 696 3492 eosque
709 3413 859 3486 obsecrat,
871 3425 904 3470 ut
917 3417 1048 3470 Marrenae
1059 3411 1233 3472 beneficium

200 3509 302 3589 populi
316 3523 498 3583 conservent,
509 3529 635 3588 eumque
647 3510 814 3589 reipublicae
828 3510 978 3575 consulem
992 3508 1126 3582 reddant,
1139 3509 1235 3568 simul·

200 3626 257 3683 que
274 3627 341 3665 eum
354 3606 394 3666 ita
408 3608 607 3680 commendat,
620 3618 652 3665 ut
665 3606 883 3685 cupidissimum
907 3605 962 3664 otii
972 3649 980 3677 ,
991 3604 1233 3666 studiosissimum

199 3699 364 3772 bonorum,
380 3703 554 3762 acerrimum
569 3683 671 3762 contra
686 3702 877 3776 seditionem,
889 3702 1075 3761 fortissimum
1087 3703 1120 3759 in
1133 3701 1232 3772 bello,

198 3798 425 3858 inimicissimum
445 3800 638 3878 conjurationi
651 3800 826 3859 Catilinariae
843 3799 973 3858 futurum
991 3817 1054 3856 esse
1070 3797 1231 3876 spondeat,

199 3903 254 3968 lo,
272 3905 329 3966 trs

236 3996 388 4050 Murenam
406 3991 569 4050 absolutum
583 4013 644 4052 esse
658 4005 787 4066 constat,
805 4005 835 4050 ot
849 3992 1030 4050 consulatum
1046 4009 1112 4048 cum
1128 3991 1226 4050 Silano
1325 4001 1328 4007 '

197 4109 273 4148 anne
294 4088 349 4166 691
377 4088 504 4167 gessisse.
534 4090 577 4149 Cl.
598 4103 670 4148 orat.
686 4110 741 4168 pro
763 4091 884 4160 Flacco,
902 4089 950 4146 31.
980 4091 1114 4164 ,Ceterum
1140 4085 1229 4164 lraber
