2988 4668
261 305 333 378 600
433 307 1164 383 OBSERVATIONES·ArotoGEttcAE

262 430 372 494 tonius
394 429 598 520 Augustinus
617 430 685 520 (ι),
706 433 821 500 Petrus
848 436 951 500 Faber
970 436 1135 499 Arvernus
1153 435 1217 524 (2),
1237 437 1331 502 Fran·-

259 537 364 602 ciscue
378 540 556 602 Connanus
577 537 644 626 (3),
664 556 696 603 et
708 541 858 605 omnium
877 541 1030 606 latissime
1051 542 1116 606 Cel.
1129 542 1329 607 Abrabamus

264 643 406 732 Wielr'ng
425 644 483 734 (4).
521 647 690 728 Quorsum
724 664 833 711 autem
866 648 937 713 haee
977 648 1116 716 formula
1153 649 1328 737 pertineat,

262 748 395 838 quando
413 767 445 815 ct
463 773 481 814 a
501 775 568 839 quo
591 752 625 815 in
643 750 861 819 vindicatione
881 753 1026 818 adhibita
1050 754 1167 835 luerit,
1188 755 1221 818 in
1245 771 1330 818 tanta

261 857 466 944 antiquitatis
489 857 642 947 caligine,
658 874 691 922 et
705 875 995 924 monumentorum
1018 861 1127 948 inopia
1141 860 1264 948 (quum
1279 861 1330 924 illa

264 953 407 1027 formula
421 964 514 1029 nobis
530 963 681 1047 aliunde,
698 966 790 1054 quod
807 967 920 1049 sciam,
936 990 1007 1031 non
1031 965 1192 1049 innotuit,
1211 968 1272 1030 nisi
1292 987 1331 1030 ex

262 1069 327 1133 hoc
344 1069 412 1134 solo
428 1069 538 1157 loeo),
559 1068 689 1136 difficile
710 1072 800 1137 dictu
816 1073 954 1138 videtur.
973 1074 1102 1139 Partem
1119 1075 1230 1138 iecisse
1245 1074 1330 1138 illam

262 1197 421 1240 manuum
435 1176 669 1261 consortionis,
688 1177 791 1242 simile
807 1179 875 1242 veri
892 1195 951 1246 est.

306 1298 457 1363 Mulieres
471 1322 592 1383 omnes,
611 1315 667 1365 ete.
686 1301 755 1366 Hac
768 1301 809 1366 de
823 1324 859 1367 re
876 1302 952 1368 totis
966 1302 1246 1367 dissertationibus
1261 1323 1330 1391 ege·

264 1421 343 1470 runt
358 1406 463 1495 Ampl.
482 1407 687 1472 Everhardus
708 1407 786 1473 Otto
803 1407 869 1497 (5),
894 1427 927 1474 et
945 1411 1011 1474 Cel.
1027 1410 1167 1474 loannes
1187 1407 1329 1473 Gottlieb

263 1510 457 1576 Heineccius
473 1511 535 1601 (6),
566 1503 708 1600 quorum
726 1513 812 1578 dicta
830 1531 974 1603 repetere
993 1516 1058 1579 mei
1082 1538 1150 1579 nou
1175 1530 1223 1578 est
1239 1515 1331 1579 insti·

258 1617 322 1680 tuti
340 1615 399 1706 (7)·

309 1739 436 1806 Genera
456 1757 612 1826 tutorum,
629 1756 687 1809 etc.
712 1747 788 1810 Non
807 1769 872 1810 una
890 1743 930 1809 de
947 1745 999 1810 bis
1017 1743 1197 1826 tutoribus,
1219 1746 1276 1832 qui
1296 1745 1328 1807 in

263 1839 438 1912 mulierum
463 1867 555 1914 erant
579 1867 761 1938 potestate,
780 1850 984 1924 eruditorum
1007 1850 1071 1914 fuit
1090 1850 1248 1915 sententia
1267 1847 1329 1938 (8);

263 1953 385 2041 quippe
400 1955 494 2020 JCtos
514 1959 676 2046 exagitans
694 1958 807 2021 Cicero
826 1957 937 2020 ironiis
955 1956 1021 2020 suis
1037 1957 1082 2018 ita
1096 1951 1209 2026 omnia
1224 1955 1329 2036 auxit,

263 2055 413 2142 detorsit,
434 2060 611 2150 alienisque
627 2062 748 2126 caussis
764 2062 933 2143 attribuit,
956 2077 994 2125 ut
1011 2061 1171 2149 Delphico
1187 2076 1331 2124 natatore

264 2184 347 2250 opus
371 2165 506 2256 sit,¹qui
527 2167 588 2250 rei,
611 2168 740 2232 fallaciis
759 2168 896 2232 obtectae
913 2182 945 2231 et
966 2167 1141 2250 immersae,
1166 2166 1330 2230 veritatem

262 2267 406 2360 detegat,
421 2289 520 2370 atque
536 2271 640 2337 fundo
654 2273 811 2341 extrahat.
829 2275 868 2337 In
885 2273 970 2337 hanc
984 2273 1175 2360 opinionem
1186 2271 1251 2352 jam
1267 2272 1331 2334 fere

262 2397 377 2440 omnes
395 2379 606 2442 consentiunt
621 2377 683 2467 (9).
702 2378 828 2462 Mariti,
844 2379 878 2442 in
902 2401 1045 2466 quorum
1064 2399 1199 2442 manum
1213 2399 1329 2440 uxores

294 2571 333 2638 (1)
351 2574 454 2642 amena.
475 2587 500 2624 οι
524 2575 600 2640 opn.
623 2576 667 2626 ns.
684 2578 723 2640 11,
738 2593 794 2643 ap.
816 2593 849 2638 2,
869 2577 896 2626 tu
910 2550 938 2628 't
959 2579 1030 2644 (som.
1051 2579 1089 2626 rr
1107 2577 1181 2626 ruet
1198 2579 1256 2626 sur.
1275 2577 1329 2628 civ.

259 2663 345 2711 Ottou.
358 2679 415 2728 pag.
432 2665 518 2729 1472).

296 2758 334 2826 (π)
347 2761 443 2810 Comm.
454 2759 486 2809 ad
499 2763 551 2812 Cio.
561 2760 640 2812 Acad.
655 2762 701 2811 lib.
715 2765 740 2822 1,
757 2777 810 2827 cap.
824 2763 850 2811 3.

293 2853 332 2924 (3)
344 2859 483 2916 Commeut.
494 2861 547 2912 Jur.
562 2859 618 2910 clv.
631 2859 742 2920 libVII,
754 2876 809 2925 esp.
822 2861 848 2911 3..

294 2954 332 3022 (4)
345 2957 473 3006 lectior.
483 2957 539 3006 Cir.
554 2957 599 3006 lib.
614 2959 638 3021 1,
647 2973 701 3022 cap.
712 2958 739 3006 3.
750 2957 862 3007 conferri
873 2972 974 3022 quoque
983 2967 1089 3022 possunt
1098 2993 1106 3018 ,
1115 2957 1233 3020 qnorille
1241 2973 1329 3022 magno

260 3059 361 3096 numero
371 3043 454 3092 laudat
464 3079 472 3102 ,
488 3045 635 3095 Contionum
643 3045 800 3111 praeteriens,
814 3046 858 3110 qui
868 3046 1001 3110 eleganter,
1013 3055 1040 3094 ut
1048 3045 1182 3110 pleraque,
1194 3045 1244 3094 boe
1256 3061 1328 3111 arga·

259 3144 367 3186 mentum
377 3134 540 3196 pertractavit.

295 3228 334 3296 (⁵)
351 3227 382 3280 In
391 3231 519 3280 Dissertat.
529 3231 560 3280 de
569 3242 688 3297 perpetua
700 3232 845 3280 feminarum
858 3231 943 3282 tutela.

294 3325 332 3393 (6)
345 3329 374 3374 ln
386 3327 567 3376 Exercitatioue
576 3327 607 3374 de
616 3327 704 3380 marito
718 3339 800 3376 tutore
814 3337 838 3375 et
850 3338 961 3375 curatore
974 3327 1060 3375 uxoris
1069 3326 1189 3392 legitimo,
1201 3343 1256 3392 eap.
1265 3341 1327 3391 prar-

258 3416 339 3464 sertim
349 3416 439 3480 primo.
456 3415 511 3480 (Est
523 3415 549 3462 in
558 3415 733 3480 opusculorum
742 3417 866 3463 rariorum
875 3415 977 3481 Sylloge
985 3415 1084 3474 xxw,
1099 3431 1125 3478 p.
1136 3417 1166 3463 δι’
1175 3431 1185 3462 r
1195 3415 1275 3479 seqq.)

294 3512 334 3580 (p)
347 3513 411 3563 vide
421 3529 520 3577 qnoque
529 3513 674 3561 Raevardum
684 3515 816 3562 variorum
825 3513 870 3562 lib.
882 3516 909 3573 1,
922 3529 978 3579 cap.
992 3528 1041 3572 ¹⁰3
1051 3516 1107 3563 Joa.
1118 3517 1187 3561 Fero.
1198 3513 1230 3560 de
1241 3515 1323 3567 lietes,

259 3604 326 3653 lib.1
345 3602 450 3652 Miscell.
464 3618 517 3666 cap.
534 3602 549 3650 5
565 3601 636 3666 (tom.
648 3605 685 3650 VI
698 3603 772 3652 Thes.
791 3603 875 3667 Ampl.
887 3601 1047 3660 Meermanni,
1063 3617 1121 3665 pag.
1141 3601 1197 3668 37).
1210 3603 1326 3666 Magnum

259 3693 396 3756 Schulting.
415 3691 447 3738 ad
461 3691 561 3756 Ulpiani
573 3691 723 3756 fragmenta,
738 3692 778 3742 tit.
794 3693 849 3753 XI,
871 3689 929 3756 §r,
946 3706 1006 3757 pag.
1026 3692 1076 3755 ⁵9⁴
1091 3689 1198 3756 (Juriep.
1218 3689 1309 3756 Antei.)
1315 3721 1324 3749 ‚

257 3795 282 3830 et
298 3782 314 3848 s
330 3783 378 3844 18,
395 3795 450 3845 pag.
465 3781 523 3830 600.
834 3800 838 3809 ¹

294 3877 334 3943 (8)
352 3879 438 3925 Varias
452 3877 581 3942 opiniones
593 3887 718 3942 percenset
726 3877 811 3943 Ampl.
822 3879 894 3935 Otto,
913 3876 940 3926 d.
952 3875 999 3941 bs
1015 3877 1063 3936 ιδ,
1077 3891 1104 3940 p.
1114 3876 1165 3925 215
1180 3891 1247 3940 seqq.

292 3977 331 4043 (9)
343 3981 402 4027 Huc
412 3979 585 4027 verisimillima
598 3981 737 4040 conjectura
749 3981 855 4030 maximo
863 3980 983 4030 sciorum
994 3978 1107 4039 debetur,
1118 3979 1163 4044 qui
1171 3993 1224 4028 eam
1234 3978 1324 4042 primun

258 4069 387 4132 proposuit
398 4066 501 4115 observ.
511 4066 556 4115 lib.
566 4069 627 4126 vlt,
640 4084 693 4133 cap.
705 4082 746 4118 ιι.
