3020 4666
438 357 942 446 nescessitatum,
968 361 1015 429 11.
1193 361 1263 460 269

196 501 271 552 non
294 476 397 565 licet;
419 477 478 550 hic
503 477 583 576 [cui
604 494 714 568 vetat,
735 481 1009 580 intercedendi]
1028 498 1261 581 potestatem,

197 589 335 660 etiamsi
358 591 593 662 intercessum
622 595 687 680 sit,
714 606 835 663 tamen
853 593 1028 666 eamdem
1053 598 1262 684 constituit,

195 723 324 796 quam,
345 701 375 770 si
394 700 461 770 lata
478 715 570 774 esset
587 700 644 772 lex
660 730 668 772 :
693 717 821 773 utnon
836 702 1030 800 intelligam
1046 759 1055 790 ,
1074 730 1185 801 quare
1201 722 1263 777 aut

197 808 256 878 hic
273 824 368 881 vetet
388 810 609 883 intercedere
620 811 649 901 ⁶,
667 827 728 883 aut
746 837 967 910 quemquam
984 813 1263 886 intercessurum

196 932 316 1016 putet,
335 943 449 1016 quum
468 922 676 993 intercessio
690 923 876 994 stultitiam
892 925 1139 996 intercessoris
1155 930 1262 1023 signi·

197 1025 345 1118 ficatura
365 1029 430 1118 sit,
447 1053 524 1100 non
539 1055 615 1102 rem
637 1033 868 1130 impeditura.

247 1140 326 1209 Sint
345 1140 453 1236 igitur
475 1139 668 1212 decemviri
698 1165 817 1240 neque
840 1147 934 1214 veris
960 1145 1115 1214 comitiis
1137 1154 1164 1231 ⁷,
1193 1146 1264 1217 hoc

198 1263 270 1336 est,
287 1251 413 1348 populi
428 1249 623 1349 suffragiis,
641 1277 761 1350 neque
776 1248 873 1322 ἰΙΙὶε8
892 1252 935 1324 ad
953 1255 1133 1350 speciem,
1155 1269 1265 1350 atque

199 1355 243 1427 ad
262 1362 534 1458 usurpationem
556 1365 763 1448 vetustatis,
790 1385 943 1466 perium
964 1362 1124 1448 lictores,
1148 1366 1266 1462 auspi·

199 1471 335 1538 ciorum
354 1493 480 1556 causa,
499 1471 740 1556 adumbratis,
763 1476 960 1543 constituti.
982 1473 1132 1544 Videte9
1146 1497 1265 1561 nunc,

200 1601 280 1664 eos,
298 1583 361 1674 qui
388 1603 408 1649 a
430 1579 533 1652 vobis
557 1581 647 1651 nihil
673 1586 858 1679 potestatis
881 1587 1105 1679 acceperint,
1125 1597 1265 1680 quanto

200 1685 397 1783 majoribus
422 1695 647 1762 ornamentis
670 1683 816 1777 afficiat,
844 1716 954 1788 quam
979 1717 1106 1770 omnes
1127 1718 1194 1764 nos
1216 1691 1267 1763 af·

200 1795 283 1868 lecti
301 1822 444 1886 sumus,
461 1799 596 1897 quibus
614 1825 678 1872 vos
695 1801 929 1897 amplissimas
952 1815 1146 1898 potestates
1167 1801 1266 1874 dedi-

200 1909 274 1978 stis.
290 1906 399 1979 Jubet
411 1912 558 2006 auspicii
569 1922 600 1954 ¹⁰
616 1910 842 1980 coloniarum
852 1909 1146 1980 deducendarum
1163 1935 1269 1982 causa

201 2017 423 2089 decemviros
444 2017 578 2091 hahere
597 2019 767 2118 pullarios
783 2029 810 2064 ¹¹
831 2025 987 2090 :Eonnra
1004 2045 1106 2107 suna,
1127 2021 1268 2118 inquit,

201 2153 275 2211 Quo
298 2151 512 2200 nsananuur
540 2139 744 2202 aunsv1n1¹²
776 2151 866 2200 naon
892 2133 1114 2199 Seuruoms.
1131 2129 1269 2200 'Audes

201 2239 329 2326 etiam,
358 2239 481 2326 hulla,
510 2240 734 2310 mentionem
766 2231 882 2310 facere
910 2237 997 2334 legis
1022 2239 1269 2336 Semproniae?

202 2364 318 2420 necte
338 2350 451 2420 calex
469 2351 544 2446 ipsa
561 2364 786 2436 commonet,
804 2364 877 2421 tres
893 2348 989 2418 viros
1003 2348 1083 2418 illos
1098 2371 1193 2418 xxxv
1210 2349 1271 2419 tri-

201 2457 317 2530 buum
347 2456 517 2556 suffragio
546 2485 622 2532 esse
646 2459 809 2531 creatos?
837 2463 896 2548 Et,
923 2484 1038 2557 quum
1068 2474 1107 2529 tu
1139 2485 1159 2530 a
1186 2458 1263 2531 Tib.
1292 2527 1294 2530 .

203 2568 358 2640 Gracchi
373 2571 539 2668 aequitate
550 2566 581 2614 ¹³
597 2593 638 2640 ac
651 2568 793 2667 pudore
810 2569 1017 2665 longissime
1031 2583 1192 2639 remotus
1206 2569 1267 2655 sis,

238 2771 265 2820 6,
284 2773 352 2818 Vetet
363 2770 517 2820 intercedere.
529 2775 611 2834 Quum
621 2770 672 2818 sine
682 2770 713 2818 le·
756 2787 807 2817 rem
829 2779 972 2834 potestatem
995 2766 1141 2814 obtinebunt
1166 2783 1238 2832 qnam
1251 2769 1272 2816 ii

203 2865 232 2912 ge
245 2849 353 2898 eamdem
367 2850 458 2898 tribuat
472 2861 629 2914 potestatam,
642 2859 665 2896 et
675 2849 713 2898 in·
751 2857 819 2912 'quos
833 2849 904 2910 elegit
919 2845 1026 2911 populns
1041 2861 1162 2895 romanus.

204 2930 318 2976 tercessio
332 2928 392 2976 nihil
403 2931 435 2977 sit
445 2929 581 2993 profutura.
606 2987 610 2998 ι
637 2924 640 2934 ’
777 2924 1012 2997 'io.1.allem..p0st
1025 2923 1160 2986 Graculum,
1178 2923 1215 2970 ad
1225 2941 1272 2972 au·

241 3025 266 3069 7.
281 3009 367 3074 Neque
377 3008 442 3056 veris
455 3008 565 3055 consitiis.
575 3009 632 3056 rton
641 3007 713 3067 justis
752 3005 843 3070 'spicia
876 3004 951 3052 Male.
978 3003 1109 3066 Vulgatam
1142 3003 1272 3082 lectiopem

204 3087 308 3135 comitiis
324 3088 443 3146 instituti,
457 3085 537 3151 qualia
550 3097 607 3134 sunt
620 3087 658 3134 vel
668 3087 712 3134 tn'·
755 3083 888 3132 Lambinus
901 3095 924 3131 et
942 3083 1087 3130 Garatonius
1106 3093 1170 3130 reete
1189 3083 1271 3132 desen-

204 3165 277 3226 buta,
291 3167 329 3214 vel
344 3167 484 3214 centuriata.
503 3165 632 3228 Namlege
646 3163 713 3213 ttutlt
758 3165 853 3212 derunt.
867 3166 892 3212 J.
902 3167 934 3209 V.
951 3163 979 3211 L.

204 3261 260 3310 para
273 3244 360 3312 populi
375 3245 456 3292 uu'nor
466 3245 496 3292 ad
510 3243 650 3306 suffragium
668 3259 712 3290 vo·
797 3258 836 3290 ιι.
860 3241 992 3289 pullarius.
1013 3245 1068 3289 lloc
1086 3243 1183 3290 nominc
1198 3239 1266 3290 diee-

204 3337 287 3384 catur‚
296 3342 346 3373 non
358 3325 484 3372 universus
499 3323 613 3388 populus.
646 3329 650 3334 '
757 3323 860 3377 bantur,
874 3320 916 3385 qni
930 3319 1010 3386 pullos
1029 3319 1174 3384 gallinaceos
1188 3321 1270 3370 inolu-

242 3408 265 3452 8.
277 3405 361 3470 Neque
370 3403 424 3452 iltis.
433 3401 537 3452 Curiatis
544 3403 649 3460 scilicet,
659 3418 713 3466 quar
758 3418 799 3450 eos
812 3401 948 3449 servabant.
1090 3387 1100 3412 ³

204 3483 388 3532 similitudinem
400 3497 424 3532 et
438 3484 542 3549 speciem
556 3482 713 3530 comitiorum
798 3479 962 3528 12.Ttesvirr'.
983 3475 1031 3524 Alii
1050 3477 1120 3526 multi
1142 3477 1270 3530 trirrmvr'rr'.

203 3563 309 3623 habent3
324 3565 422 3612 comitia
432 3581 489 3612 vero
499 3580 548 3612 non
558 3573 714 3626 sunt,qunm
759 3561 840 3624 Quum
855 3574 905 3606 non
926 3557 958 3604 ita
975 3555 1049 3603 multa
1071 3555 1170 3604 haberet
1188 3561 1271 3604 orat'0r

204 3657 252 3705 pro
262 3643 359 3704 triginta
370 3641 456 3708 populi
465 3643 552 3692 urbani
561 3643 635 3690 curiis
645 3651 714 3690 aetate
759 3656 814 3703 quae
822 3638 846 3685 in
855 3637 966 3702 pullariis
975 3635 1159 3700 reprehenderet
1166 3671 1173 3693 ‚
1181 3651 1211 3682 ex
1219 3635 1272 3698 lege

204 3720 345 3777 Ciceronis,
364 3721 462 3784 triginta
475 3724 596 3771 curiarum
615 3722 713 3771 lictores
760 3717 900 3781 Sempronia
915 3717 1066 3763 occasionem
1085 3714 1172 3775 arripit
1190 3729 1272 3761 rursus

204 3797 385 3846 adhiberentur.
758 3800 784 3847 in
795 3799 894 3849 Rullum
906 3793 1056 3844 incurrendi.

241 3895 265 3938 9.
281 3875 365 3923 Videte
373 3893 444 3924 nurse.
453 3879 566 3926 Ostendit
574 3879 631 3927 inde
641 3897 713 3944 quam
797 3879 836 3925 13.
856 3875 990 3940 AEqru'tate.
1015 3873 1085 3921 Adeo
1105 3873 1170 3919 enim
1189 3885 1273 3935 aequus

204 3959 292 4017 iniusta
303 3955 334 4004 sit
343 3955 383 4002 illa
393 3955 443 4003 lex.
456 3955 566 4019 Namque
577 3957 715 4018 decemviri,
760 3957 806 4006 suit
818 3955 874 4004 Tib.
896 3951 1032 4008 Gracchus,
1047 3961 1076 3998 ut
1097 3951 1163 3998 ornni
1177 3951 1273 4016 populo

204 4037 247 4098 qni
261 4037 338 4100 reipsa
346 4051 396 4082 non
407 4051 420 4082 a
431 4035 525 4100 populo
536 4048 658 4094 creantur,
672 4039 714 4086 secl
760 4035 868 4097 suffragii
881 4035 922 4093 jus
940 4031 1077 4094 reliquerit,
1092 4029 1181 4078 nedum
1195 4030 1273 4079 immi·

204 4116 301 4164 eiribua
313 4127 370 4165 aunt
384 4115 486 4164 omuino
500 4115 620 4180 impositi,
634 4117 709 4177 majo·
760 4125 859 4173 nueret,
870 4113 932 4159 sicut
941 4109 994 4174 lege
1007 4125 1050 4157 sua
1062 4109 1152 4158 Rullus
1166 4119 1255 4172 egerat.
