2976 4670
188 363 192 378 ·
278 377 279 382 κ
345 347 436 422 vno
460 347 835 452 tuasconsmrts
856 347 1080 421 noulms.
1177 349 1248 447 599

80 544 86 558 „
177 483 228 533 est
246 465 292 554 (ι)
310 489 318 531 :
341 499 354 523 ι
365 468 497 556 Pugna,
518 469 544 534 si
561 490 614 533 me
630 490 734 550 amas,
751 470 813 534 nisi
831 487 925 536 acuta
939 478 1087 552 appetita,
1105 472 1167 536 nisi
1186 473 1251 538 ele·

177 595 256 662 gans
281 581 416 654 cespius,
444 576 505 638 nisi
530 583 706 656 παράγραμμα
726 576 869 659 bellum,
896 576 958 640 nisi
984 575 1158 641 ridiculum
1180 586 1252 660 παρὰ

176 684 341 760 προσδοκίαν,
359 681 420 743 nisi
444 697 550 745 cetera
575 697 744 769 quaesunt
769 705 787 746 a
811 684 913 747 mein
937 678 1082 747 se'cundo
1101 683 1186 748 libro
1209 683 1250 748 de

15 837 17 876 ,
119 851 125 862 ,
177 787 312 851 Oratore
331 810 390 874 per
409 789 543 851 Antonii
560 809 731 877 personam
747 788 907 877 disputata
918 788 958 853 de
971 789 1131 871 ridiculis,
1145 799 1250 868 τντιχνα

177 907 209 956 et
230 908 341 981 arguta
358 893 576 981 apparebunt,
595 910 633 958 ut
648 917 862 960 sacaananro
882 917 1081 978 conraanas,
1100 917 1169 960 uas
1185 917 1251 960 nott

177 1020 249 1062 assa
260 1029 283 1063 n.
301 998 389 1062 Alter
409 1015 458 1062 est
472 1000 521 1086 (a)
536 1021 544 1064 τ
562 999 808 1082 «Quinetiam,
824 1001 852 1066 si
869 998 1044 1065 decemviri
1064 1023 1252 1065 accusatas·

176 1127 242 1168 ruat
270 1127 303 1169 tn
330 1127 532 1170 ntaanrsrsn
549 1105 706 1184 injustum
719 1105 934 1187 judicassent,
958 1124 1087 1189 tamen,
1108 1108 1252 1195 quoties·

177 1233 320 1297 cumque
344 1212 440 1274 vellet
468 1211 561 1299 quis,
585 1207 628 1273 'in
652 1211 717 1275 hoc
735 1235 853 1301 genere
882 1214 953 1277 solo
979 1235 1049 1277 rem
1074 1212 1252 1294 judicatam
1273 1199 1275 1204 ⁸

176 1315 297 1378 referre
323 1339 419 1403 posse
445 1317 639 1382 voluerunt:
661 1347 675 1374 υ
706 1318 794 1382 unde
824 1335 913 1408 patet
940 1335 974 1384 et
1002 1319 1044 1384 de
1070 1319 1141 1407 ipsa
1169 1341 1248 1406 pro·

176 1419 312 1506 prietate
341 1423 426 1508 (nas
455 1446 521 1486 non
543 1421 652 1506 assa),
680 1423 778 1489 etde
803 1425 872 1512 ipsa
899 1441 1002 1490 status
1028 1424 1250 1491 controversia

177 1523 232 1610 (tn
255 1531 497 1614 ntssnraran),
523 1551 591 1593 non
616 1527 657 1592 de
682 1529 894 1608 auctoritate,
923 1547 1127 1596 sacramento
1152 1529 1253 1595 fuisse

178 1647 336 1695 certaturn
354 1632 411 1722 (3).

222 1815 286 1882 Sed
308 1839 391 1881 anne
412 1829 448 1881 tu
465 1817 544 1882 dt'ct's
562 1841 672 1882 caussa
692 1818 913 1883 vindicaveris.
932 1817 1028 1882 Varia
1051 1816 1129 1881 olim
1153 1817 1254 1898 hujus

178 1918 241 1984 loci
258 1923 320 1987 fuit
335 1923 440 2006 lectio,
450 1955 463 1980 «ι
474 1924 532 1988 sed
547 1948 632 1990 anne
648 1941 685 1988 tu
701 1924 782 1990 dicis
801 1925 858 2013 qui
876 1947 987 1989 caussa
1003 1919 1250 2007 vindicaveris»,

177 2026 254 2090 «sed
267 2051 351 2092 atine
372 2046 410 2093 tu
425 2029 477 2094 dic
494 2031 532 2094 iis
547 2031 604 2118 qui
626 2053 737 2096 caussa
753 2031 962 2096 vindicaveris
978 2030 1024 2118 (i)
1034 2061 1057 2096 ι.
1082 2032 1193 2095 Plures
1205 2028 1252 2117 (ὅ)

177 2129 247 2196 VV.
266 2133 334 2197 DD.
350 2135 515 2223 legemnt,
535 2166 548 2190 α
559 2134 616 2200 sed
633 2158 718 2200 anne
732 2152 769 2199 tu
787 2135 887 2218 dicis,
907 2160 970 2224 qua
986 2159 1099 2200 caussa
1114 2133 1269 2222 vindica-¹

177 2237 262 2300 veris
271 2269 294 2302 a.
305 2239 427 2303 Verum
438 2256 531 2328 ,post
539 2240 732 2320 Victorium,
744 2241 963 2319 Lambinum,
974 2241 1183 2322 &caucium
1193 2239 1253 2328 (6),

179 2365 267 2420 eam,
293 2366 390 2431 quam
409 2345 522 2432 posui,
546 2346 717 2410 lectionem
742 2347 899 2434 optimam
920 2346 1076 2426 judicavit
1094 2347 1139 2410 Cl.
1164 2344 1252 2409 Grae-

178 2447 259 2513 vius.
276 2447 326 2513 De
347 2450 470 2539 origine
490 2468 522 2515 et
536 2476 599 2516 usu
615 2476 733 2517 vocum
751 2453 828 2517 dicis
844 2475 955 2518 catassa
971 2453 1171 2543 scripserunt
1190 2451 1254 2516 An·

215 2695 254 2763 (a)
268 2697 325 2746 'Lib.
334 2699 384 2746 v11
393 2697 424 2746 ad
434 2699 492 2747 Div.
506 2709 549 2764 ep:
564 2697 613 2758 32,
631 2695 646 2761 s
661 2700 685 2757 4.

216 2792 255 2860 (a)
271 2797 318 2842 Pro
334 2797 429 2856 Domo,
442 2811 496 2859 cap.
508 2811 558 2858 ap,
573 2794 599 2841 in
612 2793 631 2840 f.

216 2907 256 2972 (3)
269 2908 336 2956 Nihil
351 2908 438 2955 clarius
448 2907 528 2954 verbis
535 2906 637 2954 Asconii
651 2903 753 2954 Pedianl
762 2905 794 2954 ad
802 2907 961 2956 CicVerrin.
973 2905 986 2953 t
996 2942 1003 2966 ,
1012 2922 1066 2970 cap.
1077 2923 1107 2970 9²
1122 2909 1253 2973 aliamque

182 3009 258 3059 quum
280 2995 306 3041 in
328 3011 378 3042 rent
392 2995 497 3057 aliquam
515 3003 614 3057 agerent
629 2993 780 3059 litigatores,
794 3005 818 3043 es
830 3011 904 3059 poens
924 3009 950 3042 sa
968 2997 1111 3043 sacramenti
1125 3007 1253 3060 peterent,

182 3081 316 3147 poscebant
324 3081 431 3142 jndicem
442 3113 449 3138 ‚
463 3081 506 3146 qui
520 3081 623 3130 dabatur
632 3092 690 3146 post
699 3081 849 3144 trigesimum
861 3083 942 3142 diem,
954 3097 1006 3146 quo
1020 3081 1077 3130 dato
1088 3083 1178 3131 deinde
1188 3084 1253 3136 inter

181 3189 207 3220 se
219 3171 380 3236 perendinum
395 3171 475 3232 diem,
489 3181 517 3218 ut
531 3170 690 3232 adjudicium
700 3172 825 3230 venirent,
840 3170 1032 3232 denuntiabant,
1041 3187 1091 3234 quo
1105 3188 1181 3236 quum
1191 3185 1254 3223 asset

181 3271 290 3318 ventum,
300 3270 428 3324 antequam
439 3275 521 3306 caussa
533 3269 652 3323 ageretur,
661 3259 729 3323 quasi
741 3275 785 3322 pet·
794 3259 900 3308 indicent
910 3275 961 3306 tent
974 3259 1130 3322 exponebant
1139 3281 1160 3309 ι.
1172 3263 1253 3323 Patet,

181 3359 331 3396 sacramento
342 3347 475 3412 repetiisse
488 3347 634 3409 litigatores,
648 3363 724 3411 quum
736 3348 763 3394 in
774 3364 825 3396 rem
834 3357 934 3411 agerent
945 3344 1014 3413 (ergo
1028 3347 1056 3394 in
1073 3349 1212 3398 actionibus
1225 3352 1252 3398 in

180 3435 243 3500 rem)
254 3471 261 3496 ,
274 3447 403 3500 antequam
409 3434 486 3497 judex
497 3433 621 3498 pedaneus
633 3434 741 3498 daretur,
750 3435 766 3481 i.
776 3451 800 3482 a.
810 3445 867 3499 post
879 3451 964 3482 manus
978 3435 1176 3496 consertionem
1194 3453 1251 3485 nam

180 3527 202 3573 ai
210 3526 251 3574 illa
264 3527 300 3574 vis
309 3525 421 3575 simulata
434 3535 491 3588 post
503 3535 680 3572 sacramentum
689 3523 861 3588 interpositum
871 3521 925 3571 lieri
938 3523 1023 3570 iuusct
1037 3522 1126 3585 solita,
1140 3539 1193 3572 eam
1210 3525 1252 3576 hie

181 3631 233 3663 non
246 3615 400 3680 praeteriisset
412 3611 543 3660 Asconius.

172 3714 194 3744 ι’
216 3709 256 3776 (a)
272 3710 330 3757 vid.
340 3711 378 3759 Cl.
391 3709 516 3758 Graevium
528 3707 561 3755 ad
573 3708 598 3756 h.
608 3707 625 3757 l.
708 3729 710 3738 s

218 3806 257 3874 (5)
269 3805 334 3854 vtde
348 3808 454 3854 Brisson.
465 3805 495 3853 de
510 3808 591 3854 Fornt.
604 3804 648 3854 lib.
655 3807 688 3866 V,
702 3819 756 3867 cap.
769 3819 802 3850 aa
813 3837 821 3864 ,
832 3818 890 3869 pag.
903 3802 967 3864 358,
984 3801 1105 3866 stSigon.
1121 3803 1152 3852 de
1165 3804 1249 3855 indic.

180 3895 225 3943 lib.
237 3899 265 3957 1,
278 3913 333 3959 rap.
344 3910 387 3958 ar,
402 3911 456 3960 pag.
467 3895 533 3958 465,
545 3909 618 3958 quem
632 3894 742 3958 sequitur
755 3893 871 3944 licinacc.
883 3893 971 3956 Antiq-
980 3893 1053 3940 Rom.
1065 3891 1109 3942 lib.
1117 3894 1164 3954 IV,
1174 3893 1212 3943 tit.
1223 3897 1250 3956 6,

181 3981 196 4047 S
209 3985 258 4043 25,
271 3985 297 4031 iu
308 3985 327 4032 l.

217 4079 257 4148 (6)
270 4081 374 4129 Ohserr.
385 4079 462 4140 lib.V‚
472 4096 528 4145 cap.
539 4081 582 4128 33.
