2934 4680
326 386 522 455 ORATIO
547 387 648 456 PRO
673 389 808 458 LEGE
832 387 1066 459 MANILIA.
1191 410 1228 457 11

166 507 206 578 iis
219 503 412 578 ostendam
428 507 673 603 potissimum,
688 509 753 604 qui
765 511 798 579 ei
810 521 960 606 quoque
970 510 1023 579 rei
1032 519 1063 552 ¹⁰
1076 505 1236 612 fructum

171 639 237 688 suo
252 615 390 712 judicio
404 613 641 687 tribuendum
661 640 736 687 esse
757 630 987 688 censuerunt.
1011 621 1130 714 Atque
1147 615 1238 690 illud

166 728 204 796 in
218 727 344 824 primis
356 724 447 796 mihi
461 724 656 797 laetandum
667 725 748 821 jure
765 751 841 798 esse
859 726 980 814 video,
999 726 1099 823 quod
1117 729 1155 798 in
1167 727 1236 800 hac
1300 782 1302 794 .

165 835 308 906 insolita
324 836 415 907 mihi
433 859 478 906 ex
498 835 569 906 boc
586 835 668 907 loco
685 838 824 908 ratione
845 835 1007 923 dicendi,
1029 859 1135 910 causa
1155 839 1236 909 talis

166 944 285 1017 oblata
302 959 375 1032 est,
390 948 428 1016 in
443 971 515 1043 qua
532 947 650 1016 oratio
667 943 791 1017 deesse
807 948 943 1018 nemini
959 960 1088 1045 potest.
1106 949 1235 1020 Dicen-

166 1055 254 1126 dum
270 1070 325 1126 est
341 1057 438 1127 enim
453 1055 498 1146 de
511 1059 576 1128 Cn.
590 1058 751 1153 Pompeii
766 1058 936 1154 singulari
950 1058 1153 1154 eximiaque
1166 1061 1236 1128 vir·
1294 1103 1295 1108 κ

166 1179 267 1238 tute:
290 1165 400 1261 hujus
416 1181 537 1238 autem
556 1169 731 1238 orationis
755 1165 976 1239 difficilius11
1002 1182 1056 1238 est
1077 1171 1234 1256 exitum,

165 1300 274 1373 quam
292 1277 512 1374 principium
535 1279 708 1347 invenire.
733 1280 787 1348 Ita
807 1277 897 1348 mihi
918 1303 995 1348 nou
1016 1290 1091 1347 tarn
1112 1279 1235 1375 copia,

169 1411 278 1484 quam
299 1386 430 1459 modus
452 1388 491 1458 in
509 1385 662 1459 dicendo
680 1387 897 1483 quarendus
916 1402 979 1460 est.

209 1501 253 1568 Π.
277 1500 420 1595 Atque,
444 1511 485 1568 ut
501 1497 587 1568 inde
609 1497 726 1569 oratio
750 1522 832 1568 mea
847 1495 1114 1596 proficiscatur,
1136 1495 1236 1568 unde

164 1605 239 1679 haec
255 1611 373 1678 omnis
391 1631 498 1680 causa
514 1607 677 1696 ducitur;
696 1606 834 1679 bellum
857 1632 963 1705 grave
989 1621 1026 1678 et
1049 1607 1233 1705 periculo·

167 1741 245 1789 sum
265 1723 391 1791 vestris
408 1718 641 1816 vectigalibus
657 1733 765 1815 atque
788 1719 925 1790 sociisa
943 1716 1088 1789 duobus
1104 1731 1234 1815 poten·

163 1829 307 1900 tissimis
320 1828 467 1927 regibus
480 1828 647 1919 infertur,
663 1828 870 1900 Mithridate
887 1843 922 1901 et
934 1831 1085 1928 Tigrane
1096 1839 1127 1918 ¹;
1144 1853 1232 1927 quo

161 1965 243 2011 rum
268 1940 359 2013 alter
379 1942 544 2030 relictus,
569 1940 659 2013 alter
679 1941 885 2030 lacessitus,
913 1943 1139 2012 occasionem
1162 1938 1232 2012 sibi

161 2049 206 2121 ad
221 2050 469 2149 occupandam
485 2052 606 2124 Asiam
626 2050 785 2124 oblatam
801 2077 878 2124 esse
898 2052 1104 2123 arbitratur.
1120 2051 1231 2148 Equi·

161 2158 258 2232 tibus
272 2167 430 2234 romanis
441 2175 469 2251 ²,
487 2162 749 2234 honestissimis
760 2164 862 2250 viris,
876 2161 1079 2234 afferuntur
1092 2186 1136 2233 ex
1150 2163 1233 2234 Asia

160 2270 324 2368 quotidie
340 2272 467 2361 literae,
480 2297 636 2370 quorum
652 2296 788 2368 magnae
801 2298 858 2345 res
870 2287 1039 2370 aguntur,
1052 2274 1089 2342 in
1104 2271 1232 2342 vestris

160 2381 393 2480 vectigalibus
421 2381 631 2454 exercendis
653 2381 884 2481 occupatae33
907 2387 970 2481 qui
995 2383 1039 2455 ad
1060 2407 1139 2471 mc,
1161 2405 1229 2479 pro

160 2491 441 2581 necessitudine,
455 2517 537 2590 quae
553 2493 642 2564 mihi
657 2508 711 2564 est
726 2519 808 2565 cum
821 2494 885 2565 illo
900 2493 1028 2565 ordine
1042 2496 1069 2580 ⁴,
1087 2515 1230 2563 causam

160 2602 366 2702 reipublicae
380 2603 615 2701 periculaque
630 2629 752 2676 rerum
766 2629 913 2675 suarum
928 2603 1160 2677 detulerunt:
1176 2601 1230 2672 Bi-

197 2765 236 2800 ιο.
245 2750 381 2815 Eiquoquc
391 2749 549 2798 retntcendi
557 2750 674 2800 facultati.
754 2753 778 2799 3.
793 2753 891 2819 Magna
904 2769 966 2822 res..
973 2787 980 2801 .
991 2787 998 2800 .
1010 2785 1016 2798 .
1028 2761 1162 2814 occupatas.
1176 2749 1232 2796 Ma-

197 2827 380 2898 11.Disficiliru
398 2840 433 2876 est
450 2829 552 2878 exitum.
576 2832 674 2879 Graecos
718 2847 771 2896 gna
785 2849 860 2897 opes,
871 2833 994 2896 pecuniae,
1010 2832 1138 2880 facultates
1153 2828 1232 2878 collo·

158 2909 229 2970 hujus
236 2910 361 2956 aasentias
372 2909 451 2956 fontes
461 2908 579 2958 indicavit
589 2911 675 2958 Victo·
718 2923 793 2972 catam
807 2928 893 2974 nempe
910 2909 1036 2975 publicani
1053 2909 1175 2958 bonasus
1193 2907 1234 2972 pi·-

156 2989 219 3048 tius,
230 2990 292 3036 Var.
303 2989 369 3036 Leot.
383 2988 445 3050 Π,
463 2989 503 3045 16,
516 2999 541 3036 st
551 2989 672 3047 Muretus,
719 3006 794 3054 guors
803 2989 947 3052 dabantpro
954 2987 1234 3052 vectigalibussxsrcsn·

157 3069 290 3130 msto.
720 3067 766 3116 dia.
784 3068 917 3134 Vectigalia
938 3081 1050 3114 exercere
1063 3076 1100 3113 ost
1118 3064 1230 3113 decumas
1266 3111 1267 3114 ,

191 3150 224 3196 Π.
241 3164 266 3196 ι.
284 3146 430 3195 Ms'tkridatc
445 3157 470 3194 st
486 3145 602 3212 Tt'grane.
626 3147 677 3194 Mi·
720 3147 751 3195 ab
772 3147 907 3196 aratoribus
928 3146 1039 3210 salgere,
1057 3145 1201 3209 scripturam
1218 3160 1232 3192 a

157 3226 280 3276 thridstes
289 3238 338 3276 erat
345 3245 389 3276 rex
399 3227 482 3288 Ponti;
489 3227 584 3276 Tullius
591 3228 618 3275 in
627 3231 676 3275 Lu·
719 3228 852 3292 pecuniis,
863 3227 1000 3293 portorium
1011 3242 1025 3273 s
1039 3223 1228 3282 mercatoribus3

161 3305 233 3354 collo
246 3306 315 3354 illum
326 3305 431 3371 appellat
444 3305 580 3353 maximnm
596 3321 676 3370 regem
719 3306 771 3354 baec
786 3308 851 3356 enim
862 3317 919 3355 aunt
935 3305 1022 3372 populi
1040 3304 1134 3352 romani
1150 3301 1241 3352 recti·'

160 3395 225 3450 post
240 3384 414 3433 Alexandrum.
425 3384 542 3448 Tigranes
555 3384 676 3432 Armenio
719 3385 788 3450 gulis.
824 3381 826 3386 ’

159 3479 215 3524 rex,
226 3463 375 3511 Mithridatis
384 3473 435 3511 erat
444 3479 528 3522 socer,
542 3472 571 3510 ut
581 3463 674 3528 Appia·
753 3473 778 3522 t.
790 3463 898 3514 Camillo
911 3463 1004 3512 ordine.
1013 3461 1076 3511 Nam
1085 3477 1115 3510 ex
1122 3462 1228 3525 equestri

157 3558 219 3602 πως
233 3558 317 3606 gener,
331 3553 358 3590 ut
367 3542 511 3590 Plutarchus
523 3542 616 3591 scribit.
716 3545 802 3593 ordine
810 3545 943 3611 publicano
954 3555 1022 3608 patre
1033 3552 1114 3603 ortus,
1125 3557 1179 3589 eum
1189 3556 1229 3588 or·

191 3639 216 3672 a.
226 3623 355 3686 Equitibus
368 3621 487 3671 mmanis.
499 3623 616 3686 Equitum
623 3639 668 3672 ro·
715 3623 796 3674 dinem
802 3641 897 3690 semper
903 3623 1047 3688 complexus
1056 3633 1105 3682 est,
1117 3631 1143 3668 ut
1151 3630 1227 3669 testu·

154 3717 280 3749 manorum
300 3703 442 3759 societates,
463 3701 550 3764 quinto
569 3717 668 3766 quoquc
713 3713 753 3751 tur
767 3705 793 3752 in
810 3705 919 3753 oratione
932 3719 979 3769 pro
990 3701 1091 3750 Rabirio
1105 3701 1230 3752 Postumo.

153 3797 231 3840 anno,
243 3798 324 3830 mense
338 3781 441 3840 martio,
454 3781 551 3828 actione
571 3783 596 3828 in
610 3782 667 3830 foro
712 3783 953 3844 Plinius,xxx111:
967 3783 1022 3830 «M.
1036 3781 1122 3830 Cicero
1132 3779 1230 3828 demum

153 3861 296 3920 constituta,
306 3878 319 3909 a
332 3859 475 3910 oonsulibus
485 3859 611 3924 vectigalis
622 3877 667 3926 po·
711 3862 826 3912 stabilivit
839 3873 947 3926 equestre
959 3878 1047 3909 nomen
1058 3859 1085 3907 in
1100 3859 1228 3908 consulatu

152 3939 207 4003 puli
217 3942 317 3989 romani'
322 3939 510 4001 conduratam
520 3939 578 3988 inde
597 3940 665 4004 quod
709 3958 763 4002 sno,
772 3939 795 3990 ei
804 3953 911 3991 senatum
922 3939 1064 3999 concilians,
1075 3955 1106 3986 ex
1116 3954 1146 3986 so
1157 3955 1182 3986 se
1191 3954 1230 3986 or-

152 4017 249 4082 publica
261 4020 443 4078 conducerent,
447 4018 578 4085 publicani
589 4023 666 4069 nomi·
711 4021 767 4070 dinc
777 4023 913 4087 proiectum
923 4035 973 4066 esse
985 4016 1121 4076 celebrans,
1135 4028 1159 4064 st
1174 4015 1227 4086 ejus

152 4097 204 4146 nati
216 4111 279 4148 sunt.
291 4099 357 4148 vida
366 4103 438 4148 Verr.
450 4101 500 4159 111,
509 4113 572 4162 psas.
709 4102 773 4148 vires
785 4101 901 4165 pectiliari
913 4096 1075 4163 popularitate
1087 4113 1224 4162 quaerens».
