3018 4664
153 317 155 322 Ι
246 371 316 458 364
446 433 460 438 ,.
563 377 611 444 M.
638 376 676 443 T.
704 377 982 447 CICERONIS

245 507 389 593 sumpta
409 492 595 583 concedis,
610 493 837 568 interfectum
857 497 939 591 jure
961 495 1137 568 con'cedas
1159 523 1303 572 necesse

245 617 310 679 est.
1153 621 1162 630 '

368 757 533 836 Paisoula
550 759 694 848 desunt,
712 775 753 832 ut
762 759 981 859 quibusdam
997 762 1178 834 videtur*.‘

293 963 371 1030 VII.
392 959 446 1029 Fit
463 960 813 1032 senatusconsultum
828 972 855 1048 ¹,
877 975 920 1033 ut
943 967 980 1034 C.
1001 925 1153 1052 Marius,¹
1173 968 1213 1034 L.
1236 969 1304 1034 Va·

244 1068 374 1155 letius,
396 1071 579 1158 consules,
602 1070 817 1143 adhiberent
842 1071 1009 1143 tribunos
1027 1071 1143 1170 plebis
1161 1088 1197 1144 et
1215 1098 1302 1169 prae·

140 1251 144 1267 ,
245 1193 359 1268 tores,
380 1203 472 1276 quos
490 1183 540 1250 eis
557 1180 754 1269 videretur3
774 1204 994 1277 operamque
1013 1181 1156 1268 darent,
1177 1195 1217 1252 ut
1236 1183 1302 1250 irn-

245 1291 387 1386 perium
403 1291 541 1388 ¹populi
570 1292 730 1374 romani,
754 1292 993 1387 majestasque
1021 1305 1302 1363 conservaretur.

245 1397 429 1470 Adhibent
449 1425 575 1471 omnes
596 1399 762 1472 tribunos
781 1399 897 1496 plebls
914 1415 1042 1499 praeter
1061 1403 1305 1484 Saturninum,

247 1521 396 1581 omnes²
419 1526 590 1607 praetores
613 1524 743 1608 praeter
767 1505 976 1581 Glauciam³
996 1537 1003 1579 :
1024 1512 1088 1606 qul
1104 1508 1305 1608 rempubli-

247 1643 326 1690 cam
348 1618 478 1690 salvam
501 1645 578 1692 esse
602 1620 772 1704 vellentl,
798 1644 896 1691 arma
918 1644 1066 1717 capere,
1087 1635 1180 1692 etse
1205 1620 1307 1716 sequi

245 1727 385 1823 jubent.
413 1734 546 1802 Parent
570 1755 720 1801 omnes:
744 1755 788 1802 ex
809 1725 993 1800 aedificiis⁵
1014 1732 1308 1801 annamentariis-

248 1863 322 1934 que
340 1837 495 1935 publicis
510 1865 607 1911 arma
624 1841 761 1938 populo
776 1863 946 1927 roman0,
970 1843 1009 1909 C.
1029 1841 1142 1910 Mario
1161 1839 1308 1910 conside

249 1946 509 2036 distribuente,
529 1949 671 2020 dantur.
684 1951 749 2021 Hic
760 1950 852 2044 jam,
870 1966 911 2021 ut
927 1951 1091 2021 omittam
1108 1965 1244 2036 cetera,
1263 1950 1308 2021 de

251 2070 287 2126 te
308 2057 406 2154 ipso,
427 2057 606 2142 Labiene,
627 2083 770 2155 quaero:
789 2075 903 2156 quum
928 2061 1141 2132 Saturninus
1162 2060 1308 2157 Capito-

251 2165 340 2236 lium
360 2181 500 2240 teneret
516 2184 693 2257 armatus,
716 2184 809 2240 esset
826 2193 899 2240 una
918 2173 956 2240 G.
979 2169 1141 2258 Glaucia,
1160 2173 1200 2240 C.
1222 2172 1310 2238 Sau-

252 2273 362 2363 feius,
393 2279 497 2349 etiam
529 2275 618 2348 ille6
648 2303 691 2348 ex
725 2277 963 2376 compedibus
993 2293 1101 2375 atque
1132 2277 1310 2375 ergastulo

255 2387 460 2475 Gracchus;
489 2386 639 2478 addam,
662 2390 834 2484 quoniam
856 2393 904 2459 lta
923 2391 976 2460 vis
989 2399 1016 2473 ⁷,
1036 2387 1164 2460 eodem
1182 2390 1226 2477 Q.
1243 2391 1310 2457 La·

268 2582 446 2639 ''smitan
460 2585 477 2634 l.
491 2585 573 2634 deesse
585 2596 655 2652 putat
668 2585 759 2651 prinni-
804 2588 872 2626 ctore
892 2577 1184 2636 Turnebo,addiderunt
1201 2574 1311 2625 Lambin.

251 2665 321 2731 pium
328 2664 472 2713 narrationis
480 2665 509 2712 dc
519 2665 618 2713 turbisa
630 2665 760 2713 Saturnino
804 2657 892 2706 Olivet.
906 2657 1004 2705 Lallem.
1016 2668 1063 2704 etc.
1077 2658 1103 2706 J.
1114 2660 1148 2705 V.
1162 2657 1188 2706 1.

253 2745 375 2806 excitatis,
388 2755 518 2809 postquam
535 2745 677 2793 Memmium
691 2760 760 2792 com-
839 2737 864 2784 3.
879 2735 1014 2784 Glauciam.
1032 2737 1062 2786 C.
1077 2735 1191 2783 Servilius
1204 2733 1313 2792 Glaucia,

253 2826 383 2889 petitorem
393 2822 500 2871 Glauciae
512 2824 538 2870 iu
547 2821 674 2870 consulatu
687 2821 761 2868 inter·
805 2827 856 2864 tum
870 2825 960 2878 praetor
972 2829 1026 2862 cum
1044 2815 1176 2862 Saturnino
1192 2813 1313 2870 sentiens,

254 2901 385 2951 ficiendurn
395 2912 527 2949 curaverat.
540 2903 571 2950 Et
583 2902 609 2948 in
624 2901 681 2948 Pall.
699 2899 761 2948 dno·
806 2910 854 2943 una
865 2904 901 2942 est
914 2893 1066 2942 interfectus.

253 2983 300 3031 bns
315 2982 433 3046 integrans
446 2979 548 3028 delicere
560 2981 673 3044 paginam
689 2981 715 3027 in
724 2994 763 3027 eo-
842 2983 867 3029 t..
879 2973 974 3021 Salem
983 2988 1033 3020 esse
1044 2973 1276 3021 velletrensem
1287 2968 1314 3016 in

256 3061 311 3109 dice
329 3071 427 3108 vetusto
442 3059 581 3108 adnotatur.
604 3059 666 3107 Sunt
682 3069 763 3106 autern
806 3053 899 3114 magnis
914 3051 1029 3115 periculis
1044 3050 1076 3098 ed
1089 3049 1227 3098 audendum
1239 3063 1314 3112 quum

256 3137 381 3197 nonnulli,
395 3138 437 3201 qui
446 3136 509 3183 nihil
521 3135 603 3184 deesse
616 3145 710 3200 putent,
723 3136 764 3184 ci-
806 3141 937 3196 properato
947 3147 1010 3196 opus
1021 3140 1080 3188 erat,
1091 3129 1271 3178 multitudinem
1280 3129 1315 3176 iu-

255 3211 417 3279 eeronernqne
425 3214 544 3277 semihora
555 3215 763 3279 circumscriptum
807 3211 914 3262 citabant
925 3211 1049 3270 consules,
1059 3209 1127 3273 qnod
1136 3209 1240 3273 spatium
1250 3207 1314 3254 dele-

256 3295 393 3345 transitioni
415 3311 499 3359 parurn
523 3295 667 3353 attendisse,
690 3311 764 3358 quum
808 3300 860 3337 ctus
872 3289 977 3337 habendi
992 3305 1042 3336 non
1061 3296 1120 3336 erat.

256 3389 294 3424 res
307 3377 369 3422 iuter
382 3389 407 3422 se
418 3376 475 3422 satis
489 3373 645 3422 cohaererent.
844 3371 868 3417 5.
882 3371 924 3416 Ex
932 3365 1048 3434 sarificiis.
1058 3365 1122 3415 Cod.
1134 3367 1217 3414 Onon.
1224 3363 1316 3413 editas

289 3457 347 3504 Vll.
359 3473 380 3503 r.
394 3453 682 3503 Fitsenatusconrultum.
690 3453 764 3500 Arma
808 3449 892 3498 sacru.
905 3449 932 3496 J.
941 3448 975 3495 V.
991 3448 1015 3492 t.

254 3541 309 3601 jure
321 3545 415 3598 sumpta
426 3534 451 3581 in
465 3515 620 3582 Saturninum
633 3531 766 3596 probatae·
845 3529 869 3576 6.
881 3526 936 3575 Ille.
956 3529 979 3572 Is
997 3527 1023 3573 1..
1036 3523 1148 3588 Equitius
1159 3523 1221 3570 ‘olim
1234 3537 1316 3569 servus

256 3613 432 3666 natusconsulti
444 3612 602 3666 auctoritate,
611 3626 663 3673 quo
674 3624 765 3657 anmmn
810 3615 872 3660 erat,
885 3619 900 3650 a
912 3603 1042 3651 Saturnino
1059 3600 1222 3658 subornatus,
1236 3600 1278 3663 qni
1291 3613 1317 3645 se

256 3707 364 3761 potestas
376 3693 517 3742 muralibus
529 3691 643 3755 permissa
652 3700 696 3736 est.
714 3692 766 3737 Hu-
810 3684 884 3731 occisi
894 3682 996 3730 Gracchi
1007 3679 1085 3728 lilium
1103 3681 1259 3728 mentiretur:
1270 3692 1317 3723 una

254 3777 382 3836 innantem
389 3771 652 3820 decretiauctoritatem
662 3768 766 3831 primum
811 3779 865 3810 enm
880 3763 1009 3808 Saturnino
1022 3771 1060 3808 est
1068 3759 1216 3807 interfectus.
1229 3757 1318 3805 Conler

258 3865 353 3902 senaim
364 3852 390 3900 in
401 3853 429 3900 C.
443 3849 579 3898 Gracchum
591 3857 763 3911 usurparet-an
808 3841 916 3905 Appian.
930 3838 981 3888 Ide
996 3838 1056 3887 Bell.
1069 3839 1125 3886 Civ.
1139 3836 1203 3886 rior.
1215 3837 1262 3892 111,
1273 3834 1318 3893 ὥς

258 3931 315 3980 inde
328 3932 466 3991 tribuniius
475 3929 539 3977 istud
551 3927 646 3976 senatui
654 3943 704 3974 non
714 3941 765 3973 esse
809 3921 862 3968 Vel.
871 3922 938 3969 Mu.
949 3921 982 3966 lli
994 3951 1001 3976 ,
1013 3934 1025 3978 7
1041 3929 1067 3965 et
1078 3918 1119 3966 16.

258 4011 440 4058 eoncedendum
455 4010 641 4059 contendebant.
721 4025 728 4036 ·
847 4019 869 4061 7.
890 3999 1012 4063 eronr'am
1024 3997 1060 4044 ita
1070 3996 1118 4044 au's.
1137 3993 1243 4058 Quando
1254 3992 1279 4038 in
1290 3989 1320 4036 il·

293 4103 319 4136 a.
335 4091 437 4148 Omnes,
449 4088 516 4152 qnod
534 4089 601 4136 abest
613 4105 626 4134 a
637 4086 710 4134 codd.
726 4099 764 4131 au·
810 4081 834 4127 lo
848 4093 949 4128 numero
969 4077 1044 4124 luisse'
1058 4086 1171 4140 patruum
1185 4074 1223 4122 vis
1237 4083 1318 4125 tunm3
