2934 4680
290 396 488 466 ORATIO
513 397 617 466 PRO
643 395 786 468 LEGE·
806 395 1044 466 MANILIA.
1151 398 1198 470 23

142 530 210 588 tam
228 539 308 588 ease
325 531 437 612 atque
452 515 675 614 depressam
693 539 839 611 magnas
855 515 1014 588 hostium
1028 531 1201 614 praeteroa

140 626 260 724 copias
296 626 420 698 multis
452 626 580 724 praeliis
605 649 683 698 esse
713 625 873 711 deletas,
907 624 1201 724 patefactumque

139 739 271 806 nostris
302 733 531 832 legionibus⁶
559 759 635 808 ease
664 740 837 823 Pontum,
863 737 1036 834 quiante
1061 737 1203 834 populo

138 869 293 916 romano
311 870 356 916 ex
377 845 478 916 omni
498 843 598 916 aditu
616 845 755 920 clausus
774 861 883 934 essct,
907 848 1068 944 Sinopen
1090 860 1201 943 atque

137 957 322 1040 Amisum,
348 953 483 1049 quibus
513 956 553 1026 in
582 955 726 1052 oppidis
753 969 854 1030 erant
879 955 1059 1030 domicilia
1084 958 1200 1052 regis,

139 1061 313 1134 omnibus
344 1061 455 1136 rebus
490 1077 618 1136 ornata
653 1078 766 1161 atque
798 1063 954 1152 referta,
990 1080 1199 1164 ceterasque

138 1171 250 1244 urbes
273 1176 377 1243 Ponti
403 1187 440 1244 et
464 1173 697 1272 Cappadociae
713 1175 924 1273 permultas,
940 1199 1016 1250 uno
1032 1174 1131 1247 aditu
1148 1190 1199 1248 at·

139 1305 211 1378 que
242 1280 403 1354 adventu
429 1307 505 1355 ease
535 1298 677 1382 captas;
711 1309 833 1381 regem
867 1285 1058 1382 spoliatum
1085 1309 1201 1383 regno

139 1392 259 1488 punio
288 1407 399 1488 atquc
423 1397 537 1481 avito,
570 1392 615 1464 nd
640 1394 728 1466 alios
758 1417 797 1466 ae
825 1407 949 1490 reges⁷
979 1409 1087 1491 atquc
1115 1393 1200 1470 alias

141 1514 266 1598 gentes
282 1493 482 1600 supplicem
503 1504 718 1592 contulisse3
732 1519 843 1602 atque
855 1503 930 1576 haec
943 1508 1082 1592 omnia,
1096 1503 1200 1578 salvis

142 1611 270 1708 populi
297 1613 439 1684 romani
469 1615 595 1700 sociis,
628 1628 737 1711 atque
769 1616 918 1713 integris
949 1612 1198 1710 vectigalibus,

143 1743 219 1792 etse
240 1735 349 1819 geete.
375 1724 465 1795 Satis
489 1724 621 1822 opinor
643 1723 714 1794 hoo
740 1749 817 1796 esee
842 1723 975 1809 laudia3
1001 1737 1109 1820 utque
1130 1723 1199 1808 ita,

143 1831 324 1921 Quitites,
351 1847 395 1904 ut
421 1833 493 1904 hoo
519 1855 583 1905 vos
606 1833 867 1930 intelligatis,a
890 1831 991 1907 nullo
1008 1833 1158 1902 istorum
1170 1825 1198 1914 ⁸,

143 1943 204 2036 qui
230 1940 317 2014 hnic
341 1941 545 2016 obtrectant
571 1942 640 2041 legi
669 1957 779 2039 atque
801 1965 934 2030 causae,
953 1946 992 2014 L.
1008 1941 1199 2017 Lucullum

143 2049 306 2121 similiter
326 2076 372 2122 ea
392 2051 463 2122 hoc
482 2052 564 2124 loco
581 2075 659 2122 esso
676 2051 869 2124 laudatum.

193 2165 254 2233 lx.
294 2165 513 2259 Requiretur
546 2159 695 2234 fortasse
725 2185 842 2249 nunc,
873 2155 1200 2258 quemadmodum,

143 2297 257 2372 quum
277 2271 353 2342 hmo
371 2271 419 2342 ita
446 2276 540 2359 sint,
570 2271 750 2367 reliquum
781 2273 894 2369 poscit
927 2293 1004 2348 etse
1028 2293 1199 2366 magnum

142 2381 291 2454 bellum.
320 2382 554 2476 Cognoscite,
581 2380 769 2469 Quirites:
799 2405 875 2454 nou
902 2381 997 2454 enim
1028 2377 1100 2452 hoo
1122 2381 1199 2452 eine

143 2517 247 2563 causa
272 2491 383 2588 quaeri
403 2487 556 2560 videtur.
583 2493 741 2560 Primum
769 2515 813 2562 ex
834 2515 902 2561 suo
927 2515 1038 2588 regno
1062 2490 1112 2561 sic
1129 2492 1197 2560 Mi-

143 2601 315 2674 thridates
335 2595 518 2698 profugit,
550 2613 591 2670 ut
621 2625 666 2671 ex
692 2597 819 2675 eodem
844 2605 961 2710 Ponto
988 2600 1115 2672 Medea
1140 2600 1201 2671 illa

143 2769 179 2819 Μ.
190 2772 296 2827 Varum,
312 2767 412 2816 Sertorii
425 2765 649 2832 legatum,Mithri·
691 2779 719 2818 nt
737 2787 788 2818 non
805 2769 883 2818 tolum
901 2769 942 2818 hic
959 2770 1059 2832 cicero,
1075 2770 1116 2818 red
1136 2771 1200 2820 etin

143 2849 221 2908 dates,
230 2846 649 2914 utAppianueacribit,praeieccrat,
692 2849 801 2898 oratione
814 2865 860 2913 pro
872 2851 973 2896 Murena
986 2850 1067 2898 docet.

40 2951 45 2962 ·
143 2927 211 2990 cique
224 2925 390 2974 Alexandrum
411 2925 536 2988 quemdam
546 2926 649 2990 Paphla·
727 2927 753 2976 6.
777 2923 1078 2990 Patefactumqrtenostn's
1099 2925 1200 2990 legioni·

142 3005 252 3070 genium,
264 3016 288 3052 et
301 3004 447 3068 Dionysium
456 3006 592 3062 ennuchum
605 3004 649 3053 ad·
693 3007 744 3054 bns.
754 3009 847 3070 Fugato
861 3019 916 3069 rege
926 3013 949 3051 et
958 3003 985 3050 in
995 3003 1132 3052 Armeniam
1142 3019 1200 3068 pro·

141 3085 261 3144 junxerat.
278 3083 422 3136 Plutarchus
440 3093 518 3133 autem
543 3084 649 3132 Marium
692 3083 770 3145 l'rcto,
791 3083 919 3142 Lucullus,
931 3083 1053 3131 maritimo
1075 3082 1160 3130 itincre
1173 3083 1199 3129 in

142 3165 263 3220 nominat,
273 3161 374 3210 Sertorii
388 3162 505 3225 legatum,
514 3161 650 3230 lrtpo'plni-
693 3163 798 3212 Pontum
811 3161 948 3228 proiectus,
962 3177 1046 3210 omnen
1060 3161 1108 3210 lere
1126 3159 1199 3210 nrbca

143 3259 198 3310 pet,
210 3257 285 3305 quem
302 3241 329 3288 in
341 3257 371 3288 eo
382 3239 448 3288 helio
462 3250 559 3305 captum
577 3241 650 3289 iuiaae
693 3242 834 3306 occuparit,
846 3243 873 3289 in
889 3241 927 3288 hia
944 3243 1074 3289 Amasti-im
1087 3251 1112 3289 ct
1123 3241 1199 3290 Hera·

143 3331 250 3368 tentatur.
258 3319 363 3368 Primum
377 3319 486 3382 praelium
496 3315 650 3367 com'nriaaum
693 3321 784 3380 elram,
804 3321 912 3384 Sinopen
925 3329 949 3368 et
966 3321 1092 3378 Amiaum,
1104 3329 1129 3369 et
1142 3320 1201 3368 inde

144 3399 188 3446 tuit
200 3400 266 3446 inter
275 3397 401 3448 Tenedum
411 3409 436 3445 et
445 3397 592 3446 Achaeorum
603 3407 650 3446 ata-
693 3409 772 3448 tantaa
781 3399 1069 3464 coacervavitpecnniaa,
1077 3409 1104 3446 ut
1115 3409 1200 3462 postea

143 3478 248 3536 tionem,
262 3477 288 3523 in
301 3493 351 3540 quo
371 3487 447 3541 captae
464 3487 520 3524 runt
533 3475 649 3526 tredecim
693 3479 859 3528 Romnnomm
887 3478 997 3542 ipsorum
1016 3477 1200 3525 admirationem

142 3571 215 3604 natea
228 3555 336 3614 bellicae,
349 3555 477 3604 interiecto
491 3571 574 3603 eorum
589 3555 650 3603 duce
693 3557 856 3621 invidiamque
866 3555 930 3604 rnatu
942 3556 1010 3620 regio
1018 3555 1127 3620 privatua
1136 3569 1201 3601 com·

142 3635 249 3694 Isidoro,
263 3634 355 3698 qnieaa
364 3633 434 3682 classi
445 3635 524 3698 regia,
538 3651 591 3698 quae
606 3637 650 3686 Le·
693 3637 805 3684 moverit.

142 3714 194 3764 mni
210 3724 275 3774 erat,
294 3712 394 3762 volebat
411 3713 549 3775 adjungere.
564 3715 650 3762 Poetea
730 3731 754 3776 7.
765 3714 808 3762 Ad
819 3713 882 3761 alios
895 3727 969 3778 reget.
980 3711 1020 3760 Ad
1036 3725 1150 3775 generum
1157 3710 1202 3758 Ti·

142 3802 167 3839 et
179 3793 229 3857 ipra
247 3795 312 3858 regia
331 3792 426 3848 ciaaaia,
448 3791 479 3839 50
493 3791 595 3840 navibus
608 3810 651 3841 nu·
694 3805 805 3859 grauem,
819 3793 940 3841 Armeniae
954 3807 1040 3854 regem.

142 3872 264 3931 mero‚ad
285 3875 402 3922 umnam
416 3869 462 3918 fnit
479 3871 651 3930 vieta,ducca
731 3873 755 3920 8.
769 3876 881 3922 istorum.
893 3870 1004 3920 Catulum
1013 3867 1201 3917 etliortenainm

141 3949 192 4010 ejna
204 3951 282 4016 eapti,
301 3951 366 4000 inter
384 3965 446 4013 quoa
463 3949 509 3996 init
521 3950 549 3996 L.
563 3949 652 3997 Variua
694 3957 817 4018 proecipue
837 3951 974 4016 aigniiicat,
989 3949 1031 4013 qui
1044 3946 1147 3996 Lucullo
1166 3948 1202 3996 fa·

143 4025 276 4094 (Plutarch.
292 4027 397 4094 rarus).
407 4029 468 4076 Sanc
477 4027 540 4074 hanc
553 4028 651 4078 clamem
694 4031 785 4081 rebant
792 4041 816 4080 ct
825 4047 882 4080 eum
893 4045 923 4077 ea
930 4030 1024 4077 Rostria
1032 4027 1203 4090 laudaverant,

143 4107 243 4158 voluiaac
257 4109 356 4158 ltaliam
369 4117 451 4174 petere
460 4106 585 4172 cognitum
598 4120 651 4172 eat,
694 4111 771 4176 legem
786 4107 951 4159 dissuadentes
961 4107 1096 4157 Manilium.
