3020 4666
355 353 359 364 ’
431 405 500 472 ou
524 404 660 474 Luco
683 407 934 494 Aoniam,
958 409 1008 475 11.
1183 408 1248 478 261

190 525 261 597 bus
272 525 370 620 regia
383 539 540 622 potestas
554 524 713 623 baclege
727 527 910 623 quaeritur.
925 528 1102 600 Universo
1115 529 1253 624 populo

190 659 311 732 neque
329 637 405 733 ipse
423 636 634 721 committit,
655 661 775 734 neque
798 637 849 710 illi
870 637 1001 716 horum
1020 637 1253 716 consiliorum

191 758 357 816 auctores
370 744 547 814 committi
559 758 655 816 recte
668 759 798 842 putant
815 771 934 844 posse,
944 749 1122 820 sortietur
1137 745 1256 818 tribus

190 854 287 926 idem
308 853 446 925 Rullus.
464 859 583 940 Homo
598 851 704 925 felix⁷
723 853 871 946 educet,
889 881 979 954 quas
995 855 1114 944 volet,
1128 854 1256 934 tribus,

191 968 292 1055 Quos
317 988 449 1035 novem
477 961 593 1035 tribus
618 963 842 1042 decem-viros
867 965 1039 1055 fecerint,
1058 965 1103 1038 ab
1125 966 1254 1038 eodem

190 1074 302 1147 Rullo
314 1073 469 1161 eductae;
483 1073 551 1146 bos
570 1076 734 1147 omnium
751 1101 892 1166 rerum,
909 1092 951 1149 ut
962 1079 1037 1174 jam
1051 1075 1257 1162 ostendam,

191 1183 360 1257 dominos
377 1184 604 1257 habebimus.
629 1189 748 1284 Atque
768 1189 792 1256 ii
802 1183 832 1274 ὅ,
851 1202 896 1262 ¹ut
914 1191 1006 1286 grati
1024 1209 1257 1266 ac-memores

190 1293 360 1367 beneficii
384 1319 461 1368 esse
490 1294 691 1380 videantur,
713 1296 849 1394 aliquid
876 1322 913 1370 se
939 1323 1072 1371 novem
1093 1296 1256 1370 tribuum

192 1406 287 1476 notis
304 1404 539 1476 hominibus⁹
558 1404 691 1477 debere
706 1405 997 1498 confitebuntur3
1008 1407 1157 1504 reliquis
1171 1430 1260 1479 vero

192 1538 254 1587 sex
270 1530 306 1587 et
321 1541 369 1592 xx
387 1513 572 1604 tribubus,
591 1514 680 1586 nihil
695 1520 780 1606 erit,
797 1517 898 1614 quod
917 1541 991 1588 non
1007 1531 1136 1615 putent
1151 1540 1256 1614 posse

192 1648 259 1696 suo
276 1627 357 1721 jure
385 1626 573 1724 denegare.
600 1629 701 1717 Quos
729 1625 873 1699 tandem
901 1629 1011 1724 igitur
1035 1625 1275 1698 decemviros·

192 1739 304 1807 creari
326 1736 425 1806 vult?
443 1762 482 1808 se
502 1739 659 1835 primum
670 1746 712 1808 ¹·0.
732 1739 805 1826 Qui
822 1738 927 1816 licet?
944 1739 1040 1835 leges
1056 1738 1152 1809 enim
1172 1748 1258 1806 sunt

191 1859 351 1934 veteres,
369 1869 489 1943 neque
507 1871 557 1918 eae
577 1847 783 1928 consulares
795 1859 838 1935 ¹,¹,
852 1850 882 1919 si
895 1847 983 1944 quid
996 1850 1168 1919 interesse
1185 1845 1258 1917 hoc

193 1953 431 2042 arbitramini,
440 1955 503 2028 sed
511 1955 725 2040 tribunitiae,
739 1954 840 2028 vobis
853 1955 1123 2053 majoribusque
1132 1960 1261 2027 vestris

192 2065 426 2139 vehementer
448 2081 560 2164 gratae.
577 2081 686 2163 atque
710 2065 889 2161 jucundae.
905 2067 1038 2139 Licinia
1051 2076 1080 2110 ¹²
1107 2079 1161 2137 est
1181 2065 1262 2152 lex,

194 2192 303 2276 atque
319 2177 430 2250 altera
443 2176 605 2263 AE.butia;
621 2200 701 2273 quae
715 2201 791 2246 non
812 2176 922 2248 modo
936 2201 1040 2262 enm,
1056 2175 1120 2272 qui
1136 2173 1261 2245 tulerit

194 2285 239 2358 de
261 2286 382 2384 aliqua
408 2288 595 2359 curatione
618 2309 661 2357 ac
678 2299 878 2382 potestate,
903 2286 966 2357 sed
984 2287 1090 2358 etiam
1105 2283 1262 2381 collegas

195 2395 289 2492 ejus,
307 2411 498 2493 cognatos,
516 2395 640 2468 affines
656 2396 808 2492 exeipit,
829 2421 876 2468 ne
897 2398 947 2469 eis
965 2420 1007 2467 ea
1024 2409 1181 2493 potestas
1194 2417 1257 2466 cus

194 2508 330 2579 ratiove
348 2507 550 2580 mandetur.
569 2508 729 2592 Etenim,
751 2507 779 2575 si
806 2506 945 2604 populo
968 2501 1178 2588 consulis¹³,
1205 2527 1258 2574 rc·

230 2704 256 2750 7.
269 2689 429 2754 Homoselix.
437 2690 538 2738 Rullum
547 2690 639 2748 innuit,
650 2703 703 2736 eor·
746 2687 957 2737 andelacillimom
968 2685 1100 2735 eratllullo
1109 2685 1262 2751 qupevellet,

193 2767 226 2816 tie
249 2767 390 2832 religionem
413 2770 579 2826 violaturum,
601 2777 624 2817 et
646 2767 703 2815 ideo
747 2766 896 2815 decemviros
907 2768 1003 2831 eligere.

194 2846 288 2895 felicem
297 2859 382 2906 vocat,
400 2849 456 2912 quia
466 2864 521 2912 qua
532 2847 651 2912 paraverit
660 2845 704 2894 tri-
786 2861 826 2894 ro.
839 2847 869 2893 Se
876 2847 990 2908 primurn.
1002 2845 1060 2891 Non
1072 2852 1122 2896 erat
1131 2857 1188 2892 sace
1196 2841 1258 2896 illud

194 2925 240 2975 bue
254 2942 285 2974 ex
296 2943 355 2974 urna
368 2929 467 2976 nomina
481 2927 577 2978 educet.
746 2925 772 2970 in
782 2925 834 2988 lege
844 2924 937 2978 tribuni
946 2923 1119 2982 constitutum
1130 2920 1172 2968 sed
1183 2935 1260 2984 quum

230 3007 257 3055 8.
275 3009 357 3070 Atque
369 3006 396 3055 ii.
411 3008 515 3058 Necesse
527 3017 563 3054 eat
575 3017 603 3053 ut
617 3015 703 3057 mutuo
745 3004 795 3065 jam
810 3004 913 3052 Gracchi
924 3002 997 3050 simili
1009 3013 1118 3065 tempore
1131 3000 1259 3076 iecissent2

194 3087 257 3133 iuter
272 3102 298 3132 cc
315 3085 446 3133 decemviri
460 3096 484 3133 et
499 3085 576 3134 tribue
591 3100 646 3149 quse
662 3099 704 3131 eos
748 3081 848 3136 Rullum
857 3093 939 3130 orator
949 3081 1049 3144 conjicit
1059 3079 1166 3144 vestigiis
1174 3093 1260 3127 eorum

195 3163 322 3228 elegerint,
344 3165 452 3213 devincti
467 3165 515 3214 aiut
528 3163 620 3213 fraudis
639 3178 705 3211 com·
748 3161 899 3210 institurum.

195 3231 295 3292 caercio.
321 3243 385 3290 Nem
411 3242 558 3302 decemviri,
580 3240 705 3306 largiendo
788 3257 827 3290 rr.
846 3240 997 3288 Coroniam.
1017 3235 1165 3302 Queeplebe
1179 3237 1262 3284 sorem

195 3338 265 3387 agro·
271 3361 278 3384 ,
285 3333 327 3372 eut
335 3324 411 3388 pluris
419 3322 529 3379 emendo,
538 3322 632 3372 civibus
640 3321 705 3380 iuju·
749 3307 880 3368 leveriooee
889 3318 1053 3373 arbitraretur,
1064 3317 1131 3381 quod
1140 3316 1170 3364 ab
1179 3316 1260 3363 inviro

195 3404 237 3451 rire
260 3404 364 3469 pretium
386 3402 522 3452 exsolvent.
551 3400 625 3454 Unde
647 3399 705 3452 oriri
749 3399 816 3464 plebi
827 3399 908 3448 ordini
918 3399 1020 3446 fuissent
1031 3397 1141 3463 proletae.

194 3493 300 3546 potsunt
312 3482 466 3546 gravissima,
478 3482 504 3529 iu
514 3490 613 3528 nutante
625 3479 705 3528 adbuc
788 3495 829 3528 ra.
840 3478 945 3526 Licinia.
955 3478 984 3527 C.
994 3477 1100 3525 Licinius
1108 3474 1262 3536 stololegeru

195 3559 333 3630 republica,
347 3561 458 3614 discidia.
751 3559 807 3606 tulit
811 3595 819 3622 ‚
832 3574 937 3622 quacum
949 3558 1002 3622 ipae
1015 3557 1061 3604 luit
1072 3555 1261 3616 condernpatus;

233 3655 258 3701 9.
272 3639 342 3685 Notis
353 3639 495 3690 luminibus.
508 3639 626 3690 Gratioeis
638 3637 706 3686 ecili-
749 3639 776 3686 in
786 3655 813 3686 ea
824 3637 948 3692 decretum
958 3647 1009 3685 erat
1021 3652 1052 3683 uc
1060 3637 1114 3698 quie
1123 3633 1179 3698 plus
1188 3643 1261 3693 quem

198 3727 249 3778 cet,
270 3732 378 3780 quosque
396 3732 465 3768 antea
486 3735 623 3784 corrupere.
644 3718 706 3766 Satie
750 3719 865 3780 Diogen
878 3716 1022 3780 possideret.

198 3807 250 3846 erat
265 3795 364 3842 enimin
376 3812 470 3862 quaque
482 3797 547 3846 tribu
559 3797 705 3862 conspicuos
765 3831 768 3838 .
789 3797 827 3844 1³.
853 3793 970 3843 Consulis.
992 3793 1017 3840 si
1042 3793 1079 3839 via
1100 3789 1164 3837 enim
1188 3783 1262 3832 fidem

198 3874 318 3942 quosdam
340 3874 403 3920 cives
422 3875 467 3922 ribi
484 3875 579 3924 deditos
600 3877 705 3935 babere3
750 3875 843 3934 beare,
857 3885 880 3922 te
893 3889 940 3938 pro
950 3873 1053 3920 utilitate
1072 3881 1112 3917 tua
1130 3874 1263 3915 conecto-

199 3972 275 4021 quum
288 3953 469 4017 bisullragium
483 3951 640 4012 dabant,eos
654 3955 708 4004 vul·
751 3971 822 4013 rum,
843 3969 938 4000 necesse
959 3961 995 3998 est
1019 3959 1046 3996 ut
1067 3947 1170 3994 libenter
1187 3953 1211 3991 te
1231 3957 1263 3992 ex

200 4053 245 4101 gos
256 4034 335 4084 omnis
347 4048 426 4081 rerum
439 4033 535 4096 ignarus
547 4033 707 4096 sequebatur,
753 4034 820 4080 omui
840 4047 866 4080 re
887 4043 1028 4085 removeas,
1043 4042 1074 4074 ex
1087 4041 1135 4090 que
1156 4025 1264 4079 fructum

202 4126 226 4164 et
243 4115 269 4162 in
288 4113 429 4162 mamutium
447 4126 494 4159 ona
508 4126 563 4158 curu
581 4111 610 4158 iis
629 4112 709 4176 ibeut3
753 4111 877 4176 percipere
892 4117 962 4172 potes
975 4105 1158 4172 amplissimum.
