2976 4670
269 402 340 502 591}
435 403 807 474 OBSERVATIONES
832 404 1162 474 APOmGEHCAE

267 528 395 594 Probus
414 525 485 613 (1);
510 525 575 606 «Q.
593 525 662 590 l.1.
682 525 721 589 T.
738 525 774 588 C.
792 525 825 588 P.
843 525 881 589 A.
899 524 935 587 F.
952 526 991 589 A.
1012 525 1144 612 quando
1164 527 1198 589 in
1213 525 1289 606 jure
1313 543 1349 591 te

268 633 450 722 conspicio,
460 632 591 720 postulo
607 655 693 695 anne
708 630 922 715 [instructor-3
939 631 984 696 sic
996 633 1083 698 enim
1092 633 1271 721 legendum
1281 635 1347 720 (2);

268 765 337 806 non
355 757 393 804 ut
408 739 605 804 Passeratius
622 737 690 828 (3),
709 740 862 826 «postulo
882 761 967 802 anne
986 741 1057 803 fuas
1076 756 1230 822 auctoru,
1249 740 1346 828 quod

267 847 385 914 eodem
409 845 509 923 redit,
527 868 564 910 ac
584 844 664 910 illud
681 846 797 910 veteris
817 844 938 909 codicis
961 845 1048 933 apud
1074 846 1260 910 Ernestiutn
1278 847 1346 934 (4),

267 954 422 1043 ·postulo
440 968 517 1018 ante
536 951 563 1016 si
586 974 620 1016 es
640 967 796 1032 auctor-3
821 951 913 1039 pejus
929 973 1063 1038 quoque
1078 951 1255 1015 Lambinus
1273 952 1343 1038 (5),

230 1107 234 1113 -
267 1060 421 1149 «postulo
432 1077 470 1125 ut
487 1058 558 1122 fuas
577 1074 691 1122 auctor
702 1089 725 1121 ιι.
745 1058 860 1138 Plura,
877 1058 1032 1144 inquam,
1055 1055 1098 1121 de
1118 1057 1179 1122 hac
1198 1059 1344 1122 formula

266 1165 425 1255 disputari
442 1155 598 1253 possunt,
615 1165 772 1252 quoniam
1095 1155 1104 1166 ’

211 1390 216 1401 ,
313 1322 346 1387 1⁰
363 1323 544 1404 Quaeritur,
560 1339 672 1385 utrum
689 1321 741 1385 illa
758 1321 867 1386 locum
882 1338 1011 1387 tantum
1024 1322 1175 1386 habuerit
1190 1321 1222 1385 in
1235 1325 1344 1388 actio·

267 1430 366 1494 uibus
390 1429 424 1490 in
448 1451 536 1508 rem,
558 1449 599 1490 an
621 1428 655 1490 in
673 1427 855 1491 actionibus
877 1428 910 1491 in
935 1451 1123 1518 personam,
1146 1451 1185 1491 an
1209 1430 1344 1493 veroin

266 1535 414 1620 utrisque
436 1533 544 1596 simul.
571 1535 732 1596 Constans
757 1533 835 1596 olim
861 1535 961 1597 fuisse
987 1533 1117 1599 videtur
1135 1535 1246 1622 opinio
1276 1535 1345 1622 (6),

266 1639 354 1703 illam
373 1639 406 1700 in
422 1637 499 1701 solis
512 1637 693 1700 actionibus
709 1639 743 1700 in
761 1661 848 1719 rem,
864 1639 1042 1726 praesertim
1055 1639 1088 1702 in
1102 1637 1344 1720 vindicatione,

265 1746 377 1809 locum
395 1743 563 1821 habuisse,
587 1767 686 1830 quam
705 1745 898 1808 sententiam
924 1745 973 1810 Cl.
998 1746 1189 1810 Heineccius
1205 1744 1252 1832 (7)
1268 1769 1345 1810 am·

265 1850 379 1940 plexus
397 1863 512 1930 est,.et
533 1864 664 1914 strenue
687 1849 792 1912 tuitus
808 1833 923 1914 contra
941 1850 1081 1914 Balthaz.
1102 1850 1250 1914 Braneltu
1270 1851 1344 1939 (8),

266 1955 458 2020 arbitratum
473 1975 543 2018 cam
558 1953 599 2017 ad
612 1953 755 2018 actiones
769 1955 802 2018 in
820 1977 992 2043 personam
1009 1956 1117 2043 potius
1130 1957 1344 2044 pertinuisse;

155 2063 157 2066 ’
267 2060 334 2125 cet.
353 2081 430 2124 vero
447 2059 603 2123 Bacchius
621 2058 669 2147 (9)
693 2059 728 2122 in
749 2061 897 2147 utrisque
917 2060 1095 2124 adhibitam
1116 2061 1215 2126 fuisse
1234 2079 1344 2149 putat.

267 2167 306 2230 In
324 2188 360 2229 re
379 2182 445 2229 tam
461 2165 600 2228 obscura
616 2181 649 2228 et
662 2163 702 2228 de
714 2187 778 2252 qua
791 2166 983 2254 paucissima
998 2167 1092 2230 nobis
1107 2167 1345 2250 innotuerunt,

231 2337 232 2342 ,
267 2273 402 2337 solenne
418 2270 499 2335 illud
514 2271 555 2335 N.
576 2272 611 2334 L.
628 2271 846 2358 pronunciare
864 2272 963 2336 satius
979 2274 1087 2336 forsan
1106 2274 1219 2354 fuerit,
1238 2291 1273 2338 et
1291 2275 1346 2338 in-

267 2401 374 2469 genue
393 2377 502 2457 fateri,
531 2377 629 2440 «Non
652 2393 802 2441 nostrum
826 2377 911 2442 inter
934 2402 991 2443 vos
1013 2395 1116 2443 tantas
1140 2402 1346 2468 componere

267 2484 339 2548 lites
352 2515 376 2548 ι.
393 2483 427 2548 Si
445 2498 571 2563 tamen,
591 2481 682 2569 quod
698 2485 853 2566 sentiam,
876 2483 1058 2549 dicendum
1071 2502 1139 2567 est,
1160 2486 1250 2550 haud
1265 2488 1345 2552 abs·

268 2611 333 2676 que
347 2589 471 2653 ratione
489 2586 595 2676 Ampl.
612 2589 750 2654 Ioannes
766 2590 876 2678 Wybo
896 2589 964 2678 (ιο)
981 2614 1095 2681 rogare
1113 2591 1262 2674 videtur,
1280 2625 1293 2649 ι
1305 2611 1347 2657 ut

268 2695 362 2759 istius
380 2693 642 2783 interrogationis
661 2694 779 2758 utilitas
802 2711 899 2783 atque
921 2719 1001 2760 usus
1026 2698 1078 2786 (in
1097 2698 1282 2764 actionibus
1308 2701 1343 2764 in

269 2800 361 2874 remi
375 2801 484 2889 aliquo
502 2801 611 2865 colore
626 2797 819 2867 ostendatur
829 2832 858 2884 »‚
873 2827 976 2891 quum
996 2826 1177 2892 possessor,
1192 2805 1344 2895 adeoque

305 3067 344 3136 (ι)
363 3071 392 3118 Ιιι
406 3069 491 3118 libello
502 3067 568 3118 laud.
579 3084 633 3134 cap.
643 3077 688 3124 at.
706 3073 776 3118 Hanc
798 3071 926 3121 formulam
943 3075 1033 3139 partim
1049 3075 1121 3123 etium
1135 3076 1233 3140 profert
1251 3077 1342 3128 Cicero

268 3174 316 3224 pro
329 3159 441 3216 Caeciua,
454 3173 508 3222 cap.
522 3173 563 3221 ¹9·

305 3253 344 3320 (a)
361 3254 425 3302 vide
434 3253 517 3318 Ampl.
528 3251 614 3318 Wyho
626 3252 656 3301 de
665 3255 752 3302 Interr.
765 3257 791 3302 in
800 3257 872 3316 Jnre,
885 3273 940 3322 etp.
949 3259 979 3318 6,
997 3275 1053 3326 pag.
1063 3277 1106 3322 77.

304 3351 344 3418 (3)
363 3351 404 3399 Ad
414 3350 469 3401 cte.
478 3367 526 3417 pro
538 3351 604 3400 Caec.
618 3351 643 3398 d.
654 3351 671 3398 1.
943 3407 948 3418 ¹

303 3447 342 3514 (4)
355 3449 396 3497 Ad
408 3449 463 3496 Val.
477 3446 624 3497 1³rob.¹d.t.
639 3447 925 3518 (tom.1Thes.Mcerm.
941 3469 999 3520 pag.
1014 3453 1084 3519 129).

305 3545 343 3611 (5)
358 3545 399 3594 Ad
412 3547 465 3596 Cic.
474 3560 522 3610 pro
532 3545 598 3594 Mur.
611 3543 664 3594 b.1.
750 3563 752 3568 ·

305 3641 343 3708 (6)
357 3643 442 3708 sigon.
459 3640 490 3691 dc
502 3639 564 3691 tud.
575 3639 618 3688 bb.
628 3643 656 3702 1,
671 3657 726 3706 cap.
744 3659 793 3704 ar,
810 3660 866 3708 pag.
881 3647 943 3706 464.
957 3649 995 3698 Cf.
1006 3650 1114 3700 brisson.
1124 3650 1157 3701 de
1169 3655 1254 3705 Fora.
1267 3655 1346 3716 lim,

266 3748 322 3798 cap.
334 3732 366 3780 25
373 3766 379 3792 ,
388 3749 415 3796 p.
426 3730 492 3794 3593
506 3727 620 3778 Raevard.
630 3731 739 3780 Protrib.
751 3747 806 3796 cap.
822 3734 846 3780 5.

303 3828 341 3896 (7)
355 3829 442 3892 Antiq.
455 3829 527 3878 Rom.
541 3825 587 3876 lib.
602 3827 638 3874 1v
641 3861 649 3888 ,
667 3827 707 3876 tit.
718 3827 735 3876 6
745 3828 781 3894 ,s
797 3827 849 3893 25,
866 3831 893 3879 iu
905 3843 972 3882 nota.

306 3925 344 3990 (8)
359 3923 566 3974 Observationum
578 3921 669 3971 decada
679 3926 717 3983 11,
729 3939 784 3989 cap.
795 3925 839 3988 15,
850 3941 905 3991 pag.
916 3945 957 3990 90.

306 4023 346 4086 (9)
360 4025 390 4069 lu
400 4019 506 4070 notitad
515 4021 623 4069 Brisson.
637 4019 667 4068 dc
678 4023 757 4069 Form.
770 4037 824 4086 pag.
836 4025 898 4086 359.

305 4115 362 4182 (ιο)
378 4119 415 4166 Dc
429 4120 515 4166 Interr.
525 4118 633 4176 intare,
648 4133 702 4182 cap.
715 4121 748 4177 8,
760 4135 816 4182 pag.
837 4136 894 4170 ιιο.
