2962 4682
353 375 547 445 ORATIO
571 379 675 448 PRO
701 381 740 448 A.
766 381 1047 456 CLUENTIO.
1187 383 1233 458 85

164 493 438 596 improbitatem
466 495 550 569 addi
580 499 732 574 videtur.
760 503 943 576 Attendite
971 509 1117 579 exitum.
1145 512 1235 599 Quae

162 608 297 679 mulier
327 607 569 681 obtestatione
596 613 663 684 viri
692 612 818 685 decem
848 613 917 687 illis
946 616 1155 689 mensibus⁷
1187 645 1235 690 ne

163 717 315 790 domum
345 717 494 816 quidem
518 719 650 809 ullam,
679 723 748 794 nisi
776 747 900 795 socrus
930 749 1023 814 suae,
1045 751 1151 798 nosse
1170 720 1233 797 de-

163 827 264 918 buit,
285 829 362 900 haec
381 834 511 926 quinto
536 855 661 903 mense
686 848 771 930 post
794 835 863 904 viri
887 849 1042 906 mortem
1067 837 1136 934 ipsi
1162 840 1235 935 Op·

164 942 307 1037 pianico
326 942 460 1040 nupsit.
484 944 573 1032 Quae
592 943 730 1041 nuptiae
753 969 829 1014 non
856 941 1036 1015 diuturnae
1059 944 1232 1018 fuerunt:

163 1065 266 1120 erant
291 1055 389 1121 enirn
419 1075 497 1122 non
525 1053 750 1136 matrimonii
771 1054 968 1152 dignitate,
996 1056 1060 1128 sed
1089 1059 1233 1130 scelerIs

162 1161 570 1256 societate‘conjunctae.

209 1274 307 1340 XIII.
322 1269 421 1358 Quid
431 1271 516 1342 lilla
529 1271 642 1343 caedes
659 1273 773 1345 Asinii
784 1277 982 1362 Larinatis,
996 1273 1233 1347 adolescentis

160 1381 371 1476 pecuniosi,
398 1405 508 1478 quam
534 1381 629 1452 clara
652 1396 748 1472 tum,
770 1388 907 1454 recenti
928 1383 994 1455 re?
1018 1408 1128 1482 quam
1153 1410 1232 1457 om-

162 1492 265 1560 nium
288 1515 455 1562 sermone
475 1491 678 1563 celebrata?
700 1496 780 1564 Fuit
803 1493 939 1564 Avilius
966 1493 1136 1590 quidam¹
1162 1501 1231 1568 La·

159 1601 259 1670 rinas
277 1598 419 1696 perdita
439 1603 619 1698 nequitia,
643 1615 680 1672 et
698 1626 839 1673 summa
855 1617 1033 1701 egestate,
1049 1617 1126 1676 arte
1144 1629 1234 1703 qua·

160 1707 243 1781 dam
272 1708 445 1806 praeditus
474 1709 520 1780 ad
551 1709 719 1783 libidines
751 1713 1104 1786 adolescentulorum
1135 1723 1233 1788 exci-

159 1817 286 1890 tandas
308 1819 629 1902 accommodata&
648 1821 713 1918 qui
734 1836 775 1892 ut
797 1846 835 1894 se
853 1821 1036 1896 blanditiis
1055 1839 1093 1895 et
1114 1849 1233 1898 assen-

161 1929 359 2000 tationibus
370 1933 409 1999 in
420 1933 536 2002 Asinii
550 1932 848 2016 consuetudinem
863 1938 1007 2030 penitus
1021 1933 1231 2025 immersit³,

159 2042 382 2139 Oppianicus
407 2043 583 2112 continuo
609 2065 753 2140 sperare
778 2047 912 2141 coepit,
935 2043 1008 2114 hoc
1031 2067 1068 2115 se
1091 2045 1231 2134 Avilio,

159 2166 346 2249 tamquam
360 2151 480 2249 aliqua
492 2152 660 2224 machina
676 2152 820 2224 admota
828 2158 855 2241 ⁴,
874 2177 1001 2252 capere
1015 2155 1129 2224 Asinii
1143 2155 1231 2226 ado·

158 2262 388 2348 lescentiam,
407 2277 444 2334 et
460 2261 625 2335 fortunas
643 2265 721 2359 ejus
739 2267 871 2362 patrias
886 2289 1094 2363 expugnare
1111 2288 1229 2363 posse.

157 2375 264 2443 Ratio
278 2377 480 2470 excogitata
493 2375 614 2445 Larini
625 2389 678 2446 est
694 2402 701 2444 :
716 2399 775 2446 res
790 2376 959 2446 translata
968 2379 1131 2446 Romam.
1142 2375 1230 2447 Iniri

158 2482 257 2552 enim
276 2480 315 2553 id
334 2483 528 2554 consilium
544 2483 688 2586 facilius
700 2485 738 2555 in
758 2483 954 2556 solitudine
966 2481 991 2574 ⁵,
1012 2483 1137 2584 perfici
1152 2510 1230 2556 reru

195 2717 219 2761 7.
232 2701 323 2748 Decem
335 2699 384 2748 illis
397 2700 524 2750 mensibus.
535 2700 670 2750 Definitum
749 2702 821 2750 xm
838 2716 861 2747 1.
881 2701 937 2748 Fuit
950 2700 1044 2748 Antius
1056 2702 1169 2767 quidam.
1180 2705 1230 2752 Ur·

157 2780 206 2828 boc
215 2791 268 2830 erat
279 2798 294 2829 a
305 2781 427 2830 veteribus
438 2771 533 2846 tempus
540 2797 592 2846 quo
604 2781 672 2829 nasci
715 2779 771 2827 sino
789 2779 882 2843 placuit
897 2779 1229 2846 Avilti11s;oulielmio,A.

157 2851 231 2923 posse
240 2860 384 2924 posthumus
396 2859 460 2909 filins
470 2860 607 2910 eldebatur.
622 2863 672 2908 Ita-
720 2856 815 2906 Villius.
830 2861 853 2908 J.
864 2859 896 2905 V.
907 2861 934 2906 L.

157 2955 206 3002 que
217 2939 303 2987 scribit
312 2941 343 2988 Δ.
352 2940 446 2989 Gellius
456 2956 463 2987 ε
479 2961 492 2982 κ
500 2941 534 2988 Ut
545 2939 591 2987 hac
601 2951 672 2988 etate
753 2954 778 2988 a.
788 2937 988 2986 Accommodata.
995 2937 1069 2988 Beck.
1076 2939 1154 2989 edidit
1161 2955 1232 2992 «arta

159 3033 300 3082 persuasum
312 3021 361 3068 lere
378 3020 493 3068 omnibus
507 3030 557 3078 est,
572 3031 671 3083 partum
716 3016 822 3082 quadam
831 3016 862 3064 ad
872 3015 915 3065 lib.
930 3016 996 3064 adol.
1008 3017 1082 3066 excit.
1091 3033 1232 3069 accommo-

158 3097 197 3146 edi
218 3115 301 3147 menae
323 3115 406 3158 nouo,
425 3101 459 3147 ita
478 3109 570 3146 veteres
589 3115 671 3147 mense
717 3097 941 3160 dattran,quodjarn
949 3087 1230 3150 (selemselitanus

158 3177 255 3225 decium
272 3193 357 3242 parere
374 3177 500 3226 mulierem
517 3177 671 3242 putabant».
716 3177 849 3242 placuerat.

157 3256 218 3304 Inde
233 3258 339 3305 Ovidius
355 3257 420 3306 libro
437 3262 564 3306 Fastorum
577 3261 606 3316 I,
624 3257 669 3314 33,
752 3257 776 3304 3.
804 3254 931 3302 Immersit.
953 3255 1053 3304 Peritos
1076 3257 1186 3318 devenit,
1204 3272 1229 3309 et

157 3335 188 3383 de
208 3351 273 3384 anno
293 3337 376 3384 decern
393 3338 514 3385 menslum
531 3352 546 3383 a
563 3335 672 3383 Romulo
716 3344 838 3398 tamqnam
851 3351 880 3392 se,
887 3333 983 3382 abdidit
995 3335 1022 3383 in
1033 3335 1228 3392 familiaritatem.

157 3415 293 3463 constituto
304 3416 428 3465 scribens:
444 3413 541 3479 «Quod
552 3413 610 3462 satis
623 3424 673 3476 est,
753 3423 777 3471 A.
792 3413 910 3461 Machina
923 3413 1032 3462 admota.
1046 3417 1148 3481 Sumpta
1158 3419 1229 3468 simi.

155 3506 228 3544 ntero
240 3495 324 3542 matris
335 3495 392 3544 dum
403 3495 505 3561 prodeat
516 3493 608 3556 infans,
617 3497 673 3542 Iloc
717 3493 798 3542 litudo
810 3510 841 3541 ex
854 3493 952 3541 urbium
966 3496 1163 3558 oppugrutioua,
1176 3514 1230 3561 quar

157 3589 223 3632 anno
239 3575 322 3622 statuit
338 3576 455 3640 temporis
474 3591 524 3623 esse
541 3573 606 3622 satia.
626 3573 673 3621 Per
717 3573 821 3622 admotis
834 3572 952 3621 machinIs
965 3586 1142 3638 expugnantur.

158 3653 260 3702 totidem
282 3669 377 3704 menses
401 3672 415 3702 a
446 3655 529 3702 sunere
549 3654 673 3716 conjugis
754 3654 778 3702 5.
799 3655 831 3700 ln
853 3651 991 3700 solitudine.
1013 3653 1043 3713 In
1067 3651 1128 3699 urbe
1150 3655 1232 3703 mnus

157 3747 223 3780 uxor
240 3735 347 3782 suamet
370 3735 398 3781 in
415 3733 489 3782 vidua
510 3734 587 3781 tristia
604 3733 672 3796 signa
716 3732 852 3798 frequenti,
877 3730 948 3791 cuius
967 3727 1091 3777 silentium
1111 3730 1142 3778 ad
1163 3733 1231 3793 ejus·

159 3811 234 3860 domo
245 3833 266 3860 n.
276 3815 337 3862 Post
346 3829 437 3861 annum
445 3813 575 3861 licebateia
584 3811 673 3861 iterum
716 3811 786 3861 modi
810 3809 941 3858 consilinm
964 3817 1048 3871 aptum
1073 3819 1140 3867 erat,
1162 3812 1232 3876 quod

156 3891 258 3940 nubere.
283 3894 346 3956 Quae
367 3909 419 3940 nno
443 3904 525 3941 autem
551 3901 673 3940 contente
718 3899 785 3938 tanta
802 3899 853 3935 arte
872 3896 924 3933 erat
944 3883 1133 3935 conficiendum.
1150 3915 1186 3926 —
1200 3893 1233 3942 Ia

157 3981 225 4018 erant
242 3973 413 4031 matrimonio,
433 3986 525 4020 corona
547 3969 674 4034 pudicitie
719 3969 799 4018 turba.
807 3969 937 4028 lomagna·
946 3963 1015 4012 urbis
1023 3963 1139 4027 tumultu,
1149 3969 1231 4034 inqua

158 4048 351 4100 honorabantur.
366 4049 449 4100 Veler.
466 4050 568 4100 Mamm.
586 4051 625 4109 11,
642 4049 673 4098 de
718 4063 775 4112 qnae
789 4045 952 4096 admittuntur
969 4041 1058 4091 scelere
1071 4055 1127 4093 sunt
1140 4047 1230 4102 obseu-

162 4129 240 4178 Inafit.
250 4137 301 4179 vet.
718 4129 796 4187 riora,
805 4133 830 4172 ct
841 4133 951 4170 auctores
963 4121 1056 4170 facilius
1069 4123 1153 4176 latent.
