2934 4680
310 410 498 480 ORATIO
522 407 623 478 PRO
644 407 779 478 LEGE
801 410 1032 481 MANILIA.
1153 411 1194 484 31

145 530 248 604 nibus
266 529 417 602 liberam
435 555 502 629 per
521 528 633 600 hosce
649 529 787 599 annosi
807 530 907 626 quod
931 530 1080 629 vectigal
1097 533 1199 605 vobis

145 654 261 712 tutum
283 637 377 710 suit?
402 663 511 736 quem
538 639 677 708 socium
702 636 933 712 defendistis?
956 643 1015 712 cui
1036 641 1201 740 praesidio

145 749 315 822 classibus
338 751 463 821 vesuis
481 747 619 820 fuistis?
635 772 745 845 quam
764 750 895 822 multas
921 754 1128 826 existimatis
1145 756 1199 826 in·

144 861 234 932 sulas
254 885 331 933 esse
355 857 535 932 desertas?
557 883 667 958 quam
689 859 817 930 multas
839 877 901 933 aut
920 879 1018 934 metu
1039 865 1199 956 relictas,

143 985 202 1042 aut
214 995 235 1042 a
249 969 481 1068 praedonibus
495 982 616 1068 captas
629 967 739 1040 urbes
749 965 779 1012 ¹³
794 993 870 1042 csse
885 973 1091 1044 sociorum?

187 1083 268 1150 Xll.
299 1077 369 1150 Sed
394 1078 484 1176 quid
511 1101 579 1175 ego
607 1078 804 1176 longinqua
830 1085 1103 1154 commemoro?
1121 1087 1203 1156 Fuit

143 1188 211 1260 boc
229 1187 438 1285 quondam,
456 1185 523 1258 fuit
542 1189 732 1286 proprium
752 1190 880 1288 populi
898 1193 1037 1262 romani
1054 1191 1161 1290 longe
1181 1219 1203 1266 a

143 1299 252 1370 domo
279 1297 437 1396 bellare,
465 1312 501 1370 et
527 1299 806 1395 propugnaculis
829 1301 993 1397 imperii¹
1022 1305 1202 1374 sociorum

143 1405 327 1490 fortunas,
345 1430 420 1476 non
441 1431 505 1478 sua
524 1421 618 1478 tecta
637 1406 842 1481 defendere.
864 1411 976 1481 Sociis
995 1436 1061 1508 ego
1079 1414 1204 1484 vestris

142 1538 239 1586 mare
267 1515 430 1586 clausum
454 1539 519 1614 per
541 1515 650 1587 hosce
671 1541 784 1588 annos
808 1517 923 1590 dicam
942 1518 1069 1610 fuisse,
1091 1547 1220 1621 quum·

143 1625 323 1700 exercitus
340 1625 455 1696 nostri
473 1649 493 1696 a
510 1624 727 1697 Brundisio²
746 1651 965 1724 numquam,
984 1631 1053 1702 nisi
1065 1653 1205 1705 summa

144 1735 280 1822 hieme,
299 1733 585 1805 transmiserint?
602 1735 676 1825 Qui
695 1734 740 1806 ad
757 1759 820 1806 vos
836 1735 882 1808 ab
902 1741 1031 1810 exteris
1051 1743 1208 1812 nationi-

144 1845 211 1916 bus
229 1846 418 1930 venirent,
440 1858 564 1942 captos
585 1869 733 1942 querar,
752 1869 867 1942 quum
883 1845 987 1946 legati
1006 1851 1131 1948 populi
1145 1875 1207 1922 ro·

145 1951 267 2026 mani³
286 1954 466 2052 redempti
482 1955 578 2026 sint?
596 1953 859 2026 Mercatoribus
877 1968 995 2026 tutum
1015 1983 1111 2031 mare
1129 1985 1207 2032 non

146 2063 253 2137 luisse
261 2063 506 2163 dicam,quum
514 2061 706 2136 duodecim
715 2069 874 2136 sccures‘
884 2068 920 2136 in
930 2065 1138 2164 praedonum
1146 2095 1206 2168 po

145 2190 309 2247 testatem
323 2175 552 2273 pervenerint
561 2171 847 2264 iCnidum⁵,aut
858 2176 1127 2273 Colophonem,
1140 2195 1204 2253 ant

147 2289 313 2373 Samum,
330 2283 569 2356 nobilissimas
586 2282 715 2372 urbes,
733 2285 1085 2385 innumerabilesque
1103 2288 1207 2379 alias,

145 2411 349 2494 captasesse
357 2409 922 2493 commemorem3quumvestros
930 2394 1089 2495 portusfl,
1099 2412 1208 2502 atque

146 2531 208 2578 eos
216 2505 510 2606 portus,quibus
519 2509 628 2578 vitam
638 2506 845 2603 etspiritum
860 2505 1004 2594 ducitis,
1015 2510 1052 2578 in
1071 2510 1210 2607 praedo-

147 2641 234 2688 num
245 2615 356 2688 fuisse
369 2627 544 2714 potestate
554 2615 756 2688 sciatisiAn
764 2640 852 2687 vero
859 2615 1032 2716 ignoratis
1041 2673 1051 2706 ,
1059 2637 1209 2716 portum

185 2791 224 2838 1³.
240 2785 332 2852 Coptos
344 2785 421 2836 nrbes.
439 2787 618 2852 Quadraginta,
630 2796 658 2834 ut
702 2795 739 2835 tas
748 2797 784 2835 cst
796 2787 823 2833 iu
834 2785 954 2846 Calabria,
963 2799 1038 2850 portu
1046 2787 1136 2851 nobili,
1145 2791 1211 2843 unde

148 2867 232 2915 scribit
241 2865 393 2915 Plutarchus.
401 2867 529 2933 Appianus
536 2865 585 2914 sic:
595 2865 658 2913 intra
702 2862 731 2913 in
742 2863 861 2914 Grseciam
874 2867 920 2913 iter
931 2877 975 2915 cst.
990 2891 1026 2902 -
1036 2867 1129 2919 Hieme.
1144 2872 1212 2920 Plra.

148 2946 299 3010 septuaginta
312 2944 364 2993 dies
378 2961 461 2994 omnes
474 2946 605 3010 piratarum
617 2961 660 2992 na-
703 2953 781 2992 tarom
792 2954 867 2991 metu.

148 3040 203 3083 res,
216 3024 244 3072 id
257 3023 421 3088 est,amplius
439 3035 557 3084 mecenta,
570 3023 596 3070 iu
609 3023 661 3084 ejus
740 3023 764 3071 3.
779 3020 958 3086 Legatipopuli
968 3021 1074 3072 romani.
1089 3025 1157 3076 latet
1168 3029 1211 3094 qui

149 3113 294 3168 potestatem
313 3118 418 3164 venere,
434 3103 521 3167 partim
532 3102 557 3149 vi
569 3112 659 3166 eapte,
702 3101 793 3150 luerint
801 3099 836 3148 illi
843 3100 914 3166 legati
924 3111 949 3150 et
955 3117 1004 3166 quo
1013 3111 1120 3168 tempore
1128 3107 1201 3173 capti.

149 3183 236 3248 partim
247 3181 279 3229 ab
289 3181 348 3246 ipsis
358 3179 461 3236 deditae:
474 3191 571 3228 centum
580 3189 661 3226 autem
740 3189 764 3235 4.
773 3179 906 3227 Duodecim
912 3197 1012 3232 secures.
1022 3183 1090 3231 Duos
1095 3197 1211 3251 pretores

150 3273 172 3309 et
180 3259 361 3326 vigintidiebus
369 3258 572 3307 cunctaaillorum
580 3255 660 3316 urbes,
705 3257 830 3308 Sextilium
841 3268 866 3308 et
878 3259 1014 3323 liillenum,
1026 3261 1051 3308 in
1061 3265 1212 3329 provinciam

149 3357 228 3400 arces,
242 3339 368 3404 perfugia,
385 3337 496 3400 castella,
511 3336 660 3402 receptacula
704 3347 800 3394 euntes,
814 3354 869 3385 cum
887 3337 1013 3397 ministris,
1027 3338 1170 3407 lictoribus,
1184 3364 1213 3398 ac

152 3419 176 3466 iu
186 3419 306 3466 ditionem
316 3415 402 3480 populi
408 3415 500 3464 romani
508 3415 608 3480 redegit,
616 3431 660 3463 ote·
704 3414 788 3464 ceteris
799 3415 850 3477 ejus
862 3417 1013 3480 magistratus
1025 3417 1160 3484 insignibus
1169 3441 1213 3473 ο..

151 3499 181 3546 aia
191 3497 300 3562 ipsorum
307 3495 363 3558 plus
370 3495 449 3543 miuus
456 3493 537 3543 decem
545 3493 660 3544 millibus.
703 3497 785 3560 ptivos
792 3494 945 3544 abduxerunt
956 3497 1047 3560 pirata.
1063 3499 1131 3548 Senis
1141 3501 1213 3552 fasci·

184 3578 244 3625 xit.
260 3591 282 3622 r.
296 3573 487 3638 Proprsgnaculo
503 3571 597 3637 imperii
617 3588 659 3621 νο·
704 3572 749 3622 bus
761 3575 787 3621 in
801 3575 932 3638 provinciis
943 3587 1059 3640 proetores
1071 3579 1211 3644 utebantur,

150 3665 235 3703 cantm
242 3653 349 3703 coioniae
359 3651 475 3700 institute
484 3652 509 3699 in
519 3650 657 3700 nationibus
701 3653 766 3701 binis
773 3653 800 3701 in
809 3653 882 3702 Urbe.
890 3653 954 3703 l’iut.
963 3655 989 3703 in
998 3657 1046 3703 vita
1057 3658 1175 3724 Pompeii.

151 3733 215 3782 bello
226 3733 349 3792 subactis,
359 3730 447 3794 quibua
457 3742 482 3780 st
491 3731 565 3778 victas
576 3741 659 3794 gentes
738 3731 762 3779 5.
776 3731 886 3780 Gnidum.
897 3732 987 3782 Urbem
998 3733 1082 3784 Carioe.
1093 3763 1128 3772 -
1141 3739 1211 3789 colo.

151 3813 176 3858 in
183 3811 263 3860 officio
273 3811 442 3868 continerent,
451 3819 474 3857 et
483 3809 588 3872 impetus
600 3807 659 3858 rici·
699 3807 821 3874 pionem,
831 3811 858 3858 in
869 3811 981 3860 lonis.-
989 3813 1094 3860 Samum.
1105 3815 1211 3872 Iusuhm

152 3907 232 3940 narum
242 3891 351 3956 gentium
365 3887 390 3934 in
401 3904 456 3935 suas
468 3885 605 3952 provincias
617 3901 661 3934 co·
703 3887 728 3935 in
738 3888 900 3953 mariAEgoeo,
913 3905 969 3938 oum
979 3889 1038 3937 urbe
1050 3892 1155 3954 ejusdem
1167 3915 1213 3949 uo-

152 3969 268 4019 bibmnt.
282 3973 334 4020 llas
353 3967 497 4033 plerumque
514 3983 528 4014 e
543 3969 661 4014 veteranis
706 3967 785 4015 minis.

153 4049 264 4100 militibus
273 4050 403 4097 instituere
412 4044 641 4094 solebantllornsni.
740 4043 764 4094 6.
777 4047 854 4108 Quum
862 4055 954 4093 austros
959 4055 1051 4110 portus.
1062 4049 1158 4116 Caietae,
1165 4059 1213 4106 Mi-

185 4145 208 4177 a.
217 4132 241 4179 A
251 4125 397 4179 Brundisio.
411 4123 485 4174 Abest
494 4140 522 4174 a.
532 4125 593 4187 Qute
604 4123 661 4172 civi·
705 4125 770 4184 seni,
785 4133 809 4172 et
822 4124 904 4172 Ostise.
919 4151 954 4162 -·
971 4123 1053 4174 Vitam
1066 4139 1091 4177 et
1103 4131 1211 4195 apsidem
