2958 4670
359 391 550 459 onemo
575 392 676 460 rao
700 394 739 461 L.
764 393 1008 465 nunnus.
1147 397 1215 495 517·

204 512 427 600 Quaesturam
455 535 528 582 una
557 513 680 609 petiit,
710 527 748 584 et
772 537 852 584 sum
878 538 945 611 ego
968 514 1083 590 factus
1104 523 1216 616 prior.

107 639 112 648 ’
153 623 237 691 Non
251 632 306 693 est
318 619 614 718 respondendum
628 619 674 692 ad
687 624 819 714 pmuia.
838 626 965 721 Neque
984 629 1079 698 enim
1093 654 1216 725 quem·

153 753 264 826 quam
296 743 455 802 vestrum
487 729 593 827 fugit,
624 755 739 828 quum
776 732 879 804 multi
910 758 1015 832 pares
1044 735 1216 833 dignitate

151 836 262 927 fiant,
276 863 372 910 uuus
387 854 508 911 autem
522 842 681 938 primum
695 841 793 913 solus
808 847 921 940 possit
935 843 1119 933 obtinere,
1138 872 1215 920 non

151 948 321 1021 eumdem
346 973 423 1021 esse
441 947 607 1021 ordinem
628 950 828 1048 dignitatis,
855 967 891 1023 et
913 958 1214 1028 renuntiationis:

149 1073 343 1158 propterea
361 1059 484 1157 quod⁷
507 1065 732 1135 renuntiatio
747 1065 878 1160 gradus
899 1064 1045 1158 habeat,
1060 1068 1214 1166 dignitas

148 1184 270 1242 autern
300 1171 346 1242 sit
374 1193 533 1268 persaepe
568 1169 692 1244 eadem
724 1175 899 1245 omnium.
920 1175 1003 1247 *Sed
1033 1190 1214 1274 quaestura

148 1282 337 1377 utriusque
359 1279 627 1378 propemodum
650 1283 729 1379 pari
751 1281 942 1356 'momento
971 1284 1102 1357 sortis⁸
1132 1284 1210 1358 luit.

146 1387 280 1460 Habuit
296 1389 355 1460 hic
368 1389 447 1488 lege
465 1393 583 1460 Titias
602 1393 824 1488 provinciam
845 1395 986 1466 tacitam
1005 1405 1035 1438 ¹⁰
1054 1410 1091 1466 et
1108 1396 1210 1493 quie-

147 1514 220 1571 tam
251 1526 259 1569 :
295 1511 336 1570 tu
362 1498 479 1589 illam,
508 1505 585 1586 cui,
613 1525 727 1596 quum
758 1517 955 1599 quaestores
986 1507 1209 1591 sortiuntur,

146 1611 252 1680 etiam
268 1610 453 1680 acclamari
473 1609 580 1696 solet,
603 1611 804 1684 Ostiensem
819 1621 864 1700 ¹¹,
884 1637 961 1683 nou
981 1626 1052 1684 tam
1075 1616 1209 1710 gratio-

144 1741 219 1788 sam
233 1732 270 1790 et
283 1717 478 1808 illustrem,
493 1743 601 1816 quam
615 1723 838 1817 negotiosam
854 1738 890 1794 et
903 1723 1100 1810 molestam.
1117 1730 1210 1798 Con-

144 1826 237 1900 sedit
253 1838 282 1872 ¹²
306 1831 497 1924 utriusque
517 1853 652 1900 nomeu
671 1831 709 1901 iu
729 1847 920 1929 quaestura.
942 1833 1091 1905 Nullum
1109 1837 1207 1904 enirn

141 1939 246 2011 vobis
272 1963 350 2011 sors
376 1962 545 2035 campum
571 1938 687 2029 dedit,
715 1945 753 2012 in
779 1967 854 2040 quo
876 1966 1067 2015 excurrere
1092 1945 1206 2016 virtus

142 2055 386 2148 cognoscique
401 2064 534 2146 posset.

158 2212 161 2218 -
190 2165 250 2232 [Χ.
277 2162 420 2259 Reliqui
437 2161 612 2256 temporis
632 2163 788 2257 spatium
800 2167 838 2232 in
857 2165 1129 2234 contentionem
1144 2189 1205 2234 vo-

140 2285 243 2341 catur
256 2297 263 2340 :
277 2269 323 2342 ab
337 2284 494 2367 utroque
510 2267 746 2340 dissimillima
755 2273 893 2342 ratione
907 2284 1099 2343 tractatum
1112 2284 1122 2316 ¹
1140 2287 1202 2344 est.

139 2382 282 2454 Servius
290 2378 349 2452 hic
359 2378 547 2450 nobiscum
560 2391 574 2422 ²
589 2379 683 2450 hanc
692 2379 867 2451 urbanam
880 2381 1042 2454 militiam
1053 2407 1205 2482 respon·

137 2611 276 2662 virsolsrius
284 2627 313 2660 se
321 2621 428 2666 ιιιιοιιιι,
433 2611 585 2660 cumulatum
592 2631 648 2663 eum
692 2622 743 2659 tum
756 2612 843 2660 hocin
857 2614 912 2661 loco
921 2613 1040 2662 desudent
1050 2616 1202 2679 interpretes,

137 2692 395 2758 Ciceronepetiemnt.
404 2690 647 2754 vtd.nd.tuie.1,1.
693 2689 828 2754 frustraque
837 2693 962 2742 Manutius
972 2693 1019 2757 legi
1028 2693 1203 2742 velit-lautis».

174 2790 199 2835 7.
208 2775 336 2838 Propterea
344 2771 417 2836 qnod.
428 2771 532 2820 Necesse
541 2773 647 2822 ertenim
731 2785 770 2818 so.
783 2771 938 2820 Provinciam
951 2771 1060 2821 tacitam.
1075 2774 1138 2834 Quis
1156 2789 1205 2822 uns

135 2867 212 2902 unum
233 2853 314 2916 primo
329 2851 387 2900 loeo
400 2851 480 2900 mlum
498 2852 647 2910 renuntiari,
691 2859 743 2896 esst
756 2865 788 2896 ex
800 2859 905 2914 quatuor
917 2851 1052 2916 provinciis
1070 2852 1204 2914 quaestoriis

135 2930 236 2980 alterum
247 2930 368 2988 mundo,
380 2941 426 2978 etc.
435 2932 527 2978 Verum
540 2930 649 2978 dissimu-
690 2927 793 2988 Italicis,
806 2929 832 2976 iu
847 2945 895 2994 qus
907 2930 974 2979 nulls
983 2930 1067 2994 gloriae
1079 2933 1185 2982 materis.
1268 2971 1270 2976 .

135 3009 213 3058 lentes
225 3009 311 3058 Gieero
322 3009 349 3054 in
359 3006 404 3056 lise
421 3007 579 3071 responsione
592 3025 646 3057 rer·
729 3021 769 3054 ss.
797 3005 937 3056 Ostiensem.
962 3008 1094 3060 Dicebatur
1120 3008 1202 3058 eadem

134 3098 216 3145 setun
234 3085 293 3134 alibi
308 3085 373 3134 enim
394 3085 424 3134 de
436 3085 492 3144 his,
511 3102 565 3150 que
581 3103 646 3136 nunc
689 3083 1015 3149 agrart'aetfrumentan'a,
1027 3088 1202 3156 quissdquae·

134 3165 229 3226 elevet,
239 3165 278 3214 vel
291 3166 376 3230 potius
386 3165 488 3214 omniuo
502 3164 579 3224 tollit,
594 3167 646 3231 ipse
689 3173 779 3212 ctorem
791 3165 1022 3227 ostentamentis·
1038 3167 1147 3218 meminit
1165 3165 1203 3218 ct-

133 3243 264 3310 gloristur,
276 3253 304 3292 ιιι
316 3245 343 3292 in
353 3247 402 3294 Pis.
410 3255 435 3292 et
443 3259 490 3309 pro
498 3244 550 3308 lege
559 3245 645 3296 Menil.
689 3259 746 3292 cero
760 3245 786 3292 in
797 3243 926 3306 Sextiam,
942 3244 1078 3308 pertinebat
1089 3260 1146 3292 curs
1158 3245 1204 3296 sd·

169 3325 194 3374 8.
206 3324 330 3373 nomes
349 3322 431 3373 sertis.
452 3325 525 3372 Fuere
537 3326 609 3374 sortis
622 3337 646 3375 et
688 3323 817 3390 eportsndi
827 3323 943 3374 frumenti
953 3335 977 3372 et
992 3324 1027 3372 rei
1038 3324 1163 3376 meritisne
1175 3326 1203 3371 in

132 3403 225 3465 generis
235 3401 344 3464 ejusdem
362 3403 512 3467 provincie,
532 3405 645 3454 nimirum
688 3405 749 3452 mss-i
760 3405 850 3464 iniero,
861 3413 889 3451 nt
901 3403 1007 3452 ostendit
1017 3406 1082 3468 lips.
1097 3403 1129 3453 sd
1141 3405 1202 3454 Tse.

132 3491 234 3545 utreque
249 3482 347 3542 Italics,
365 3498 427 3546 quse
440 3493 499 3532 tone
512 3486 644 3548 temporis,
689 3487 756 3532 Anu.
766 3485 810 3543 tv,
826 3499 867 3545 ²7·
876 3483 994 3547 Cll‘igh.
1005 3483 1037 3536 sd
1047 3498 1104 3532 ann.
1116 3483 1176 3540 488.

131 3570 160 3609 ut
172 3562 266 3625 quietes
277 3563 394 3622 nimium,
410 3577 463 3612 non
475 3563 557 3625 mgni
572 3563 645 3612 fecie·
727 3575 766 3612 ts.
776 3563 997 3621 Consedit.'.lscuit,
1006 3561 1137 3614 tinelande
1144 3562 1202 3611 futt.

131 3639 200 3689 bant.
724 3643 770 3691 IX.
793 3659 815 3689 s.
834 3642 898 3694 cod.
919 3643 1003 3696 lis-sne,
1025 3651 1202 3698 certammest,

167 3723 274 3787 9.·Lege
290 3719 361 3770 iits‘a.
372 3721 499 3782 thttrs
517 3718 569 3769 lisso
585 3733 640 3770 nsts
686 3721 753 3785 quod
773 3723 881 3770 Gratius
894 3719 1071 3785 preferendum
1085 3721 1203 3780 censuit,

133 3797 232 3848 videtur
245 3799 377 3864 exsgrsris
385 3799 511 3862 legeSesti
520 3799 579 3848 Titii
588 3801 646 3851 trib.
692 3812 717 3850 et
730 3802 820 3868 recepit
839 3802 937 3852 lelem.
958 3815 988 3848 ex
1008 3815 1057 3850 uno
1078 3796 1135 3846 eod.
1153 3813 1204 3866 reg.

131 3878 166 3942 pl.
179 3878 315 3934 summ,
329 3875 361 3925 sd
379 3875 543 3940 colligendum
557 3878 648 3928 seilicet
692 3883 716 3931 J.
727 3881 760 3930 V.
771 3883 798 3932 L.

131 3955 237 4021 veetigsl
251 3956 314 4020 egris
327 3955 433 4020 publicis
446 3955 649 4020 impositummu·
729 3958 940 4009 a.Nobiseum.1u
950 3957 1043 4004 urbano
1054 3955 1117 4004 otio.
1126 3956 1206 4003 Excu-

128 4037 170 4097 jus
181 4035 291 4084 meminit
310 4035 607 4096 v11.stutmus‚vt11‚
624 4055 647 4086 s.
693 4055 745 4088 esre
767 4039 875 4086 Seruum
896 4037 1006 4093 videtur,
1030 4034 1088 4082 dum
1107 4033 1204 4084 civilem

132 4116 230 4164 Ferrarii
237 4115 433 4180 explanationem
441 4114 572 4180 sequimur.
582 4117 650 4168 tsut-
693 4118 755 4170 tene
768 4115 877 4169 uitium
890 4114 982 4168 irridet.
1024 4162 1028 4171 ,
