2934 4680
257 365 303 446 [14
578 366 627 432 M.
654 367 692 432 T.
719 367 1000 436 CICERONIS

257 487 355 581 quel
374 497 610 581 superarunt,
626 485 871 583 omnibusque
891 483 1077 556 navalibus
1096 487 1226 584 pugnis
1242 491 1325 558 Car·

258 591 516 689 thaginienses,
537 594 705 668 homines
723 599 760 668 in
782 597 967 668 maritimis
986 595 1096 668 rebus
1111 598 1324 669 exercitatis·

257 703 367 773 simos
388 703 722 803 paratissimosque,
740 707 924 795 vicerunt,
944 707 970 776 ii
984 705 1086 778 nullo
1101 705 1140 778 in
1153 707 1236 778 loco
1250 709 1322 803 jam

255 812 487 910 pradonibus
507 839 609 912 pares
626 841 703 888 esse
720 830 951 915 poteramus:
975 840 1042 886 nos
1058 840 1207 913 quoque
1218 813 1244 904 ⁵,
1261 821 1324 914 qui

257 937 361 994 antea
375 948 451 994 non
464 923 575 997 modo
588 927 725 998 Italiam
737 943 854 998 tutam
866 925 1108 1012 habebamus,
1123 925 1186 1002 sed
1198 951 1325 1000 omnes

256 1035 372 1104 socios
391 1037 429 1104 in
448 1034 582 1108 ultimis
600 1039 673 1109 oris
690 1039 902 1110 auctoritate
918 1038 1035 1108 nostri
1048 1037 1190 1133 imperii
1209 1035 1325 1109 salvos

255 1157 423 1240 praestare
445 1161 672 1242 poteramus;
693 1164 792 1236 tum,
818 1173 934 1244 quum
959 1147 1075 1220 insula
1096 1146 1228 1236 Delos,
1251 1162 1326 1219 tarn

176 1305 179 1320 .
258 1253 387 1352 procul
405 1255 550 1327 anobis
569 1259 606 1328 in
621 1262 735 1355 AEgaeo
757 1259 848 1330 mari
869 1258 1005 1356 posita,
1025 1282 1101 1354 quo
1120 1281 1248 1328 omnes
1265 1281 1328 1346 un·

258 1363 369 1461 dique
397 1367 480 1437 c'um
509 1367 687 1440 mercibus
712 1385 822 1466 atque
853 1367 1027 1440 oneribus
1056 1366 1327 1452 commeabant,

258 1475 389 1546 referta
416 1475 569 1563 divitiis,
596 1476 725 1577 parva,
755 1481 987 1564 sinemuro,
1017 1475 1134 1547 nihit⁶
1158 1475 1327 1561 timebat3

258 1583 367 1654 iidem
390 1611 465 1656 non
487 1585 599 1658 modo
622 1590 832 1686 provinciis,
857 1603 968 1685 atquc
990 1590 1064 1658 oris
1086 1586 1195 1658 ltaliae
1218 1587 1326 1655 mari·

258 1695 370 1782 timis,
386 1719 427 1770 ac
445 1695 626 1792 portubus
647 1703 796 1786 nostris,
815 1697 877 1769 sed
899 1700 1006 1768 etiarn
1027 1695 1164 1793 Appia⁷
1181 1695 1257 1788 jam
1271 1696 1328 1763 via

259 1804 501 1878 carebamus:
531 1821 568 1878 et
593 1808 649 1880 his
676 1807 904 1906 temporibus
929 1832 1006 1878 non
1032 1803 1193 1903 pudebat
1215 1805 1327 1901 magi·

259 1928 391 1986 stratus
414 1917 543 2014 populi
563 1920 719 2003 romani,
742 1923 780 1987 in
802 1917 900 1988 hunc
918 1919 1037 2014 ipsum
1063 1915 1183 1984 locum
1205 1937 1329 1984 escen·

258 2019 381 2112 derel,
403 2050 516 2122 quum
538 2053 622 2098 eum
645 2028 746 2100 vobis
768 2030 923 2122 majores
944 2026 1054 2096 vestri
1073 2023 1211 2095 exuviis
1236 2047 1328 2094 nau·

260 2135 336 2205 ticis
354 2148 390 2206 et
409 2135 575 2209 classium
594 2138 718 2237 spoliis
736 2153 902 2209 ornatum
923 2133 1170 2233 reliquissent!

306 2251 400 2317 XIX.
421 2251 522 2320 Bono
547 2261 583 2320 te
608 2252 731 2320 animo
759 2262 856 2335 tum,
879 2249 924 2337 Q.
952 2245 1141 2328 Hortensi,
1169 2243 1330 2340 populus

258 2381 448 2447 romanus,
474 2373 511 2430 et
537 2373 692 2446 ceteros,
709 2362 775 2456 qui
801 2372 903 2428 eraut
924 2359 961 2426 in
984 2355 1110 2426 eadem
1134 2354 1330 2438 sententia,

258 2463 376 2536 dicere
395 2469 608 2538 existimavit
625 2494 683 2553 ea,
702 2493 782 2565 quae
801 2466 1028 2555 sentiebatis;
1055 2463 1116 2535 sed
1142 2479 1263 2534 tamen
1292 2466 1329 2532 in

256 2573 370 2648 salute
395 2582 582 2649 communi
608 2579 704 2650 idem
728 2575 887 2676 populus
909 2597 1081 2646 romanus
1102 2572 1239 2644 dolori¹
1262 2597 1329 2643 suo

258 2764 380 2814 demersit.
400 2767 474 2815 Anno
494 2769 635 2832 insequente
653 2769 681 2816 L.
694 2766 769 2814 AEmi-
814 2763 882 2828 quod
893 2763 966 2812 ethic
977 2772 1014 2810 est
1027 2762 1134 2809 otiosum
1148 2772 1173 2809 et
1185 2760 1248 2808 mele
1260 2771 1331 2809 sonet

257 2844 303 2892 llus
329 2845 458 2909 Regillus,
485 2849 529 2912 qni
551 2848 621 2896 Livio
647 2862 769 2895 successe·
814 2853 870 2890 ants
883 2841 927 2906 qui
938 2841 1057 2906 positum.
1072 2843 1184 2889 Goemns.
1196 2839 1229 2886 ed
1238 2840 1291 2888 Cic.
1300 2838 1331 2887 dc

258 2935 309 2984 ret,
324 2927 435 2974 eumdem
456 2929 632 2993 Polyxenidam
650 2927 681 2974 ud
695 2928 768 2990 Myo·
815 2919 896 2968 Finib.
917 2922 955 2978 tt,
971 2936 1000 2982 9,
1021 2930 1086 2968 recte
1104 2919 1205 2980 conjicit
1226 2935 1329 2984 nosque.

257 3021 341 3052 nesum
348 3007 428 3054 navali
437 3009 522 3072 praelio
529 3009 657 3066 viriumr
667 3007 769 3054 navibus
815 3001 841 3048 J·
851 3001 882 3045 V·
895 3001 924 3046 L·

257 3085 282 3129 in
293 3101 320 3131 ea
331 3102 411 3149 pugna
422 3087 529 3150 potitus,
540 3101 642 3150 quarum
652 3085 768 3133 tredecim
849 3079 875 3126 6.
893 3075 964 3124 ulti!
975 3075 1082 3125 timebat.
1097 3077 1193 3140 Opibus
1207 3077 1268 3124 freta
1283 3093 1330 3141 po·

256 3173 332 3226 ceptae
343 3163 368 3209 in
378 3175 523 3226 potestatem
535 3167 586 3226 ejus
597 3176 723 3222 venerunt,
733 3181 771 3210 ee-
816 3157 869 3221 puli
881 3156 985 3204 romeri-

257 3250 313 3286 terae
323 3240 474 3288 incensaeant
481 3242 668 3291 demerste.Vide
675 3244 770 3291 Livium
852 3253 874 3297 7·
882 3234 1027 3300 Applal'am
1037 3233 1094 3282 vla·
1106 3235 1202 3299 ΑΡΡῙΙΙ·
1211 3235 1332 3284 Claudius

256 3316 301 3365 lib.
313 3320 609 3374 xxsttxxxvu.
815 3317 900 3364 eacus
922 3331 998 3377 quum
1022 3323 1084 3362 esset
1106 3329 1204 3370 censor,
1224 3315 1331 3378 Appiam

293 3405 317 3452 t.
349 3399 494 3461 Persenque.
525 3401 553 3448 C.
580 3401 698 3448 Octavius
718 3399 768 3450 kal.
815 3397 878 3442 riam
891 3409 905 3440 ι
919 3395 1099 3457 portaCapona
1113 3409 1189 3456 nsque
1203 3392 1330 3442 adurbeur

257 3475 425 3525 decembribus
446 3477 476 3524 de
495 3494 549 3540 rege
571 3480 642 3525 Perse
660 3479 769 3526 natalem
815 3474 938 3537 Captum,
953 3473 1108 3520 muniendam
1132 3475 1245 3530 cumin
1274 3473 1331 3521 inde

257 3555 406 3620 triumphum
417 3559 475 3620 egit,
485 3557 527 3606 sed
536 3557 707 3622 sinecaptivis,
717 3560 769 3606 sine
815 3551 978 3599 Brundusium
992 3567 1069 3614 usque
1086 3551 1179 3599 munit!
1191 3561 1235 3598 etl·
1247 3553 1331 3614 Quum

257 3637 351 3699 spoliis.
370 3636 452 3684 Livius
472 3636 516 3685 tib.
534 3639 617 3694 xiv,
643 3645 685 3692 ss.
712 3638 770 3686 Plu·
813 3647 871 3678 vero
885 3631 1096 3694 propinquarunt
1108 3633 1212 3692 jaceret,
1225 3647 1331 3694 peream

257 3714 353 3763 tarchus
373 3726 457 3763 contra
480 3715 566 3764 scribit
590 3717 677 3764 Persen
702 3718 768 3780 apud
814 3712 859 3757 iter
875 3709 978 3769 habere,
999 3711 1086 3774 piratis
1098 3727 1163 3758 mere
1176 3711 1333 3771 tenentibus,

257 3796 348 3842 Orcum
366 3809 421 3842 cnm
441 3795 559 3842 Romanis
582 3796 667 3858 praelio
687 3796 767 3843 navali
813 3790 865 3837 sine
877 3789 987 3852 periculo
998 3805 1051 3837 non
1060 3789 1330 3839 licebatstrablibv.

257 3888 373 3936 prospers
394 3873 541 3933 decertasse,
556 3884 580 3922 et
596 3875 683 3937 viginti
698 3891 771 3923 naves
853 3867 876 3914 ⁸·
898 3867 938 3916 5ῑο
959 3869 1041 3917 Graev·
1058 3885 1071 3915 θ
1087 3869 1132 3917 MS
1148 3868 1237 3919 Cfllon·
1255 3869 1330 3932 Vulg-

258 3953 378 3998 onerarias
389 3954 495 4015 cepisse,
512 3954 571 4000 alias
580 3953 701 4013 memisse,
716 3969 770 4016 quae
816 3945 955 3994 ascendere·
968 3949 983 3994 J
987 3983 992 3994 ·
1004 3949 1035 3992 V·
1049 3948 1075 3994 L.

260 4028 381 4076 frumento
391 4041 485 4079 onusta
496 4041 572 4080 erant,
852 4027 924 4072 xlx.
947 4042 967 4072 r.
989 4024 1076 4072 Dolori
1095 4043 1147 4074 sito.
1167 4027 1271 4089 l'roptcr
1287 4042 1332 4092 'su-

295 4107 318 4154 5.
331 4109 382 4154 Nos
395 4121 500 4172 qunque.
510 4109 641 4174 Displicnis
650 4110 771 4169 Ernestio,
817 4103 945 4150 commoda
960 4120 1013 4167 quae
1027 4121 1040 4150 a
1057 4105 1139 4166 piratis
1152 4105 1314 4168 accipiebant.
