3018 4664
242 325 313 418 tot
475 381 479 388 -
565 331 614 402 M.
640 331 679 402 T.
707 331 987 404 CICERONIS

288 453 368 523 XII.
394 451 457 523 His
478 461 569 548 ego¹
594 453 823 524 sanctissimis
849 450 1058 550 reipublicae
1079 448 1251 541 vocibus,
1272 465 1313 526 et

241 584 369 632 eorum
384 559 589 650 bominum,
603 565 668 657 qui
681 559 777 632 idem
788 564 962 648 sentiunt,
976 560 1181 648 mentibus,
1195 585 1311 660 pauca

241 669 485 769 respondebo.
506 675 598 768 Ego,
618 675 647 743 si
670 670 740 744 hoc
760 674 937 769 optimum
956 669 1076 743 factu²
1093 671 1312 766 judicarem,

242 795 362 880 patres
389 783 605 879 conscripti,
635 781 825 853 Catilinam
855 795 974 853 morte
1001 778 1172 852 multari:
1201 783 1311 852 unius

240 915 389 962 usuram
413 889 511 961 borae
529 891 717 987 gladiatori
740 892 797 961 isti
816 890 861 962 ad
879 889 1075 962 vivendum
1097 915 1173 962 non
1192 889 1310 962 dedis·

242 1025 330 1072 sem.
357 1003 517 1088 Etenim,
538 1003 567 1072 si
589 1003 722 1075 summi
740 1003 828 1088 viri,
850 1014 887 1072 et
907 1001 1092 1074 clarissimi
1116 1002 1229 1088 cives,
1248 1004 1310 1072 Sa-

243 1112 404 1199 turnini,
435 1125 470 1181 et
500 1110 770 1198 Gracchorum,
793 1126 829 1181 ct
851 1109 988 1196 Flacci,
1020 1124 1056 1181 et
1081 1113 1311 1208 superiorum

242 1222 484 1321 complurium
507 1223 682 1317 sanguine
704 1246 779 1292 non
801 1217 911 1292 modo
932 1245 971 1293 se
992 1245 1068 1293 non
1087 1222 1311 1291 contamina·

242 1346 350 1421 runt,
370 1330 433 1402 sed
452 1335 560 1402 etiam
581 1329 845 1402 honestarunt:
865 1345 962 1418 certe
980 1327 1094 1400 mihi³
1113 1328 1311 1400 verendum

243 1466 320 1513 uon
337 1455 433 1528 erat,
452 1466 500 1511 ue
522 1440 631 1538 quid,
655 1439 728 1512 hoc
749 1439 926 1537 parricida
952 1441 1084 1513 civium
1102 1437 1312 1526 interfecto,

246 1550 387 1622 invidiae
406 1551 495 1622 mihi
514 1554 551 1622 iu
568 1554 816 1650 posteritatem
840 1551 1070 1625 redundaret.
1094 1551 1205 1643 Quod
1224 1555 1252 1624 si
1270 1575 1313 1624 ea

205 1665 211 1676 “
245 1661 335 1732 mihi
351 1665 505 1734 maxime
523 1663 768 1763 impenderet,
791 1677 912 1734 tamen
934 1663 1006 1734 hoc
1030 1666 1152 1734 animo
1171 1686 1314 1760 semper

245 1769 320 1860 fui,
340 1787 381 1843 ut
401 1773 572 1844 invidiam
595 1775 727 1846 virtute
744 1778 919 1872 partum⁴,
943 1773 1110 1871 gloriam,
1132 1798 1207 1844 non
1224 1773 1313 1843 invi·

246 1880 342 1952 diam
360 1897 537 1979 putarem.

295 1995 526 2090 Quamquam
552 1993 720 2066 nonnulli
743 2009 829 2067 sunt
851 1998 890 2066 in
910 1993 980 2068 hoc
996 1995 1144 2083 ordine,
1165 1997 1230 2091 qui
1251 2007 1314 2065 aut

246 2125 306 2188 ca,
320 2127 401 2198 quac
417 2104 628 2190 imminent,
648 2130 723 2176 nou
741 2104 905 2193 videant;
922 2120 985 2176 aut
1001 2129 1063 2194 ea,
1079 2129 1160 2202 quae
1174 2104 1313 2192 vident,

245 2209 496 2294 dissimulent⁵
509 2241 526 2292 :¹
540 2215 603 2310 qui
629 2237 731 2312 spem
755 2215 915 2286 Catiliuae
936 2214 1108 2287 mollibus
1128 2215 1314 2285 sententiis

245 2321 434 2410 aluerunt,
447 2325 810 2422 conjurationemque
822 2341 1029 2398 nascentem
1041 2349 1118 2396 non
1130 2322 1313 2396 credendo

246 2431 586 2505 corroboraverunt.
601 2437 767 2525 Quorum
778 2437 1028 2507 auctoritatem
1041 2435 1186 2532 sequuti
1196 2433 1314 2522 multi,

247 2566 323 2612 non
338 2543 456 2613 solum
471 2545 644 2642 improbi,
658 2570 786 2616 verum
803 2549 910 2618 ctiam
927 2547 1105 2643 imperiti,
1120 2547 1201 2616 siin
1216 2544 1315 2615 hunc

247 2649 598 2743 animadvertissem,
630 2653 825 2727 crudeliter
857 2671 894 2728 et
922 2653 1047 2754 regie⁶
1073 2654 1209 2728 factum
1238 2679 1316 2725 esse

248 2827 370 2878 flaturum.
383 2830 492 2879 Primum
506 2831 558 2879 sine
571 2829 619 2878 ulla
632 2829 709 2895 figura
725 2831 763 2879 di·
841 2842 867 2891 4.
885 2833 1006 2881 Invidiam
1019 2833 1111 2881 virtum
1119 2845 1231 2898 partam.
1249 2833 1315 2880 Sem·

245 2919 316 2958 xerat
324 2920 387 2957 tectu
398 2909 530 2968 ardebunt,
544 2909 632 2958 deiude
642 2910 760 2958 orationis
804 2925 847 2975 per
863 2927 918 2960 snm
938 2911 1068 2966 arbitratus
1091 2912 1211 2984 repulsam
1225 2913 1315 2960 virtuts

244 2989 309 3038 viae
317 2988 398 3040 calore
410 2991 526 3056 abreptus
534 2989 600 3038 adse
613 2991 666 3054 ipse
674 2989 758 3038 eadem
802 3002 910 3054 partam,
930 2993 1010 3040 minus
1030 2991 1151 3056 repulsam
1169 3007 1220 3039 essa
1241 3007 1313 3055 quam

245 3070 368 3118 transfert.
803 3070 886 3133 gloria
900 3070 1006 3119 titulum.
1029 3069 1125 3120 Sciebat
1145 3073 1208 3118 anim
1229 3070 1315 3118 Cicero

281 3150 342 3198 111.
359 3163 381 3196 r.
396 3149 441 3195 liis
454 3164 507 3212 ego.
519 3146 570 3195 illis
583 3146 759 3196 cohortationi·
801 3164 827 3196 se
839 3149 943 3197 maxime
953 3151 1026 3198 livori
1037 3150 1185 3212 obnoxium,
1195 3149 1316 3214 nsqusln·

246 3227 294 3276 bus
307 3227 471 3284 sanctissime,
488 3226 545 3290 quia
563 3227 667 3290 apatria
680 3225 758 3291 proli·
803 3227 871 3276 beuti
885 3229 966 3276 animo
987 3229 1112 3276 bominem
1133 3245 1226 3279 novum
1244 3241 1315 3292 supra

246 3307 386 3366 ciscnntur,
401 3306 522 3364 colendis,
539 3317 564 3354 ct
576 3308 760 3356 merstisbouo·
805 3305 900 3355 nobiles
913 3318 1020 3355 erectum
1033 3325 1048 3354 a
1065 3307 1177 3371 plurimis
1195 3306 1315 3369 conspici.

216 3441 220 3452 ι
246 3401 301 3434 rum
325 3388 454 3446 virorum,
478 3387 521 3450 qui
541 3385 606 3434 idem
629 3388 761 3446 sentiunt,
842 3383 866 3434 ⁵.
878 3386 1043 3434 Dissimulent.
1055 3385 1131 3448 Quasi
1145 3401 1195 3431 uon
1209 3384 1316 3435 videant.

246 3465 496 3530 exprobrationibus,
516 3480 594 3532 pauca
612 3465 758 3530 respondere
802 3465 948 3516 simulamus
966 3465 1039 3524 l'alsa,
1056 3463 1234 3511 dissimulamus
1248 3479 1315 3512 vera.

247 3559 344 3608 equum
358 3559 454 3592 censeo.
803 3571 838 3581 -
847 3547 916 3609 Spem
929 3543 1048 3592 Catilinae.
1061 3543 1171 3591 Nefarias
1181 3541 1317 3590 eruteudae

284 3639 309 3672 a.
329 3624 416 3670 Facta.
430 3621 503 3670 Malit
515 3623 633 3670 Garaton.
652 3639 684 3671 ex
695 3639 760 3671 non·
803 3624 863 3688 reip.
874 3640 930 3690 apsa
942 3624 1055 3671 foverunt
1073 3633 1098 3670 et
1110 3633 1230 3671 auxerunt
1239 3613 1250 3680 ,'
1258 3621 1317 3670 dum

246 3703 370 3751 nullorum
381 3701 494 3751 codicum
504 3702 647 3749 auctoritate
648 3699 758 3766 samm.
804 3703 834 3751 ds
847 3703 951 3751 Catilina
971 3702 1101 3766 benignius
1118 3717 1146 3748 ac
1166 3700 1266 3750 mollins
1276 3701 1318 3762 ju·

231 3811 235 3820 ·
283 3784 307 3832 3.
322 3781 363 3830 ΑΙ.
376 3781 526 3830 “verendum
540 3780 599 3830 mihi
617 3791 758 3830 nouerat».
805 3782 896 3830 dicant.

246 3863 263 3908 J
266 3899 271 3910 .
282 3865 313 3910 V.
322 3863 348 3910 L.
358 3860 462 3908 -Milti
473 3871 612 3924 suspectum
627 3861 673 3908 luit
685 3861 760 3908 Eme-
839 3859 864 3908 6.
873 3859 953 3925 Regia.
964 3860 1111 3926 Tyrannice.
1120 3859 1159 3910 Ns
1169 3873 1258 3908 nomeu
1267 3857 1318 3921 qui-

246 3941 304 3990 stio.
318 3940 422 3988 Beclius
436 3938 560 3998 defendit,
572 3939 628 4004 qnia
640 3954 691 3986 non
706 3939 759 3986 sinc
804 3938 859 3986 dem
872 3941 935 4003 regis
949 3939 1012 3987 ferre
1025 3950 1120 4004 poterat
1134 3939 1242 4004 populus
1254 3953 1317 3984 rom.

245 4022 270 4066 ri
282 4020 386 4083 quadam
400 4021 537 4084 opponitur
551 4019 610 4067 viris
625 4019 724 4068 summis
735 4029 759 4066 et
803 4033 854 4066 non
866 4019 941 4068 modo
954 4019 1086 4078 libertatis,
1100 4020 1143 4066 sed
1157 4019 1228 4066 ctiam
1243 4017 1318 4064 licin-

246 4097 384 4146 clariasimis
397 4098 501 4146 civibus.
805 4097 843 4145 tiae
857 4097 1052 4158 amantissimus,
1071 4099 1103 4146 ita
1124 4110 1165 4159 ut,
1183 4095 1222 4145 vel
1236 4109 1319 4144 aversa
