3018 4664
445 382 513 451 nu
538 383 671 452 nncn
695 385 944 471 sunnam,
970 385 1020 452 n.
1194 385 1264 482 295

196 503 381 576 bunitium
410 528 546 574 nomen
578 503 815 592 horrebantt,
843 521 999 579 vestram
1025 510 1097 576 vim
1124 523 1269 580 metue-

193 610 322 703 bantss,
349 616 572 700 mentionem
598 615 687 715 legis
708 617 854 714 agrariae
882 617 1185 716 pertimescebant
1210 622 1264 691 :ii

194 728 427 797 nuncetiam
454 726 551 796 ultro
581 725 807 825 rogabuntur
835 740 944 824 atquc
976 726 1197 817 orabuntur,
1225 745 1267 801 ut

192 859 299 934 agros
317 839 447 936 partim
465 837 647 936 publicos,
667 841 797 936 partim
816 838 945 937 plenos
960 839 1120 927 invidiae,
1137 840 1265 938 plenos

193 949 363 1045 periculi,
376 951 504 1046 quanti
517 953 586 1047 ipsi
603 949 732 1038 velint,
751 949 962 1021 decemviris
976 948 1130 1020 tradant.
1146 954 1265 1047 Atque

192 1057 264 1128 hoc
280 1083 423 1130 carmen
447 1059 506 1131 hic
529 1059 700 1132 tribunus
725 1060 841 1157 plebis
861 1085 937 1131 non
959 1059 1084 1151 vobis,
1110 1061 1173 1132 sed
1196 1060 1266 1133 sibi

192 1170 293 1240 intus
314 1171 446 1242 canitt.
467 1169 585 1241 Habet
602 1194 768 1242 socerum
785 1181 827 1258 ¹⁰,
845 1173 963 1242 virum
984 1173 1181 1268 optimum,
1200 1174 1267 1269 qui

190 1293 334 1350 tantum
352 1287 425 1379 agri
445 1285 483 1352 in
507 1281 575 1352 illis
597 1280 807 1380 reipublicae
825 1281 987 1354 tenebris
1003 1292 1032 1326 ¹¹
1054 1285 1265 1380 occupavit,

191 1403 370 1484 quantum
383 1392 604 1490 concupivit.
617 1393 711 1463 Huic
721 1390 914 1463 subvenire
926 1393 1004 1498 uult
1012 1391 1267 1464 succumbenti

186 1498 278 1595 jam,
300 1525 495 1600 oppresso,
518 1503 673 1574 Sullanis
695 1500 869 1574 oneribus
894 1505 994 1599 gravi
1009 1512 1053 1590 ¹²,
1078 1526 1142 1573 sua
1167 1502 1265 1598 lege,

188 1621 233 1678 ut
255 1607 367 1682 liceat·
381 1611 433 1683 ilii
453 1613 626 1683 invidiam
644 1610 854 1711 deponere,
876 1614 1068 1710 pecuniam
1094 1610 1262 1684 condere.

189 1719 236 1789 Et
251 1744 316 1791 vos
334 1745 410 1791 non
430 1719 603 1795 dubitatis
615 1720 660 1810 ¹³,
682 1725 771 1821 quin
788 1723 973 1820 vectigalia
992 1737 1108 1794 vestra
1128 1721 1263 1794 venda·

188 1830 255 1914 tis,
273 1830 432 1928 plurimo
451 1834 630 1928 majorum
651 1847 854 1918 vestrorum
877 1835 1053 1930 sanguine
1072 1847 1108 1902 et
1127 1831 1262 1903 sudore

188 1944 357 2037 quaesita,
374 1957 417 2014 ut
432 1943 597 2014 Sullanos
614 1965 838 2041 possessores
858 1940 990 2048 diuitiis
1005 1943 1185 2039 augeatis,
1202 1965 1262 2040 pe·

163 2101 165 2104 -
187 2052 305 2123 riculo
328 2051 511 2124 liberetis?

236 2162 327 2232 Nam
343 2161 390 2234 ad
402 2163 495 2234 hanc
512 2164 736 2260 emptionem
749 2160 1025 2232 decemviralem
1039 2159 1115 2231 duo
1130 2180 1262 2256 genera

186 2293 357 2368 agrorum
373 2271 407 2328 ¹4
421 2288 603 2372 spectant,
620 2273 790 2364 Quirites.
808 2277 944 2343 Eorum
959 2293 1073 2342 unum
1085 2324 1095 2358 ,
1108 2284 1260 2368 propter

186 2379 382 2471 invidiam,
404 2381 542 2454 domini
568 2381 734 2480 lugiunt;
756 2382 911 2454 alterum
936 2396 1088 2480 propter
1114 2383 1260 2452 vastita-

185 2503 272 2562 tem.
291 2492 459 2566 Sullanus
474 2517 575 2593 ager,
590 2517 611 2563 a
627 2493 734 2564 certis
751 2489 964 2562 hominibus
980 2491 1150 2561 latissime
1167 2513 1259 2561 con·

184 2601 365 2688 sinuatus,
389 2617 525 2674 tantam
542 2601 652 2674 habet
675 2599 865 2687 invidiam,
890 2614 932 2670 ut
950 2603 1024 2671 veri
1041 2597 1072 2643 ¹⁵
1096 2624 1137 2670 ac
1156 2597 1258 2670 fortis

185 2709 461 2811 tribuniplebis
485 2714 677 2784 stridorem
705 2735 821 2781 unum
847 2707 1009 2807 perferre
1032 2733 1108 2779 non
1132 2712 1255 2806 possit.

223 2937 406 2998 7.110rrebam.
421 2937 459 2984 Ne
473 2937 514 2984 lex
528 2937 619 3000 agraria
630 2952 644 2982 e
657 2934 699 2982 tri·
743 2929 830 2978 tudius
847 2945 974 2994 agrorum,
988 2944 1064 2992 quos,
1076 2931 1171 2976 victore
1180 2928 1254 2986 Sulla,

183 3015 258 3064 bunis
272 3017 307 3080 pl.
319 3016 530 3080 promulgaretur,
545 3015 576 3063 de
594 3013 698 3064 Sullanis
741 3009 773 3058 ad
786 3009 915 3058 libidinem
928 3007 1071 3072 occupavit,
1085 3019 1257 3073 pregnante,

183 3095 389 3160 migrationibus
402 3095 576 3143 rescindendis.
740 3099 814 3152 atque
829 3087 921 3135 invidis
938 3086 1067 3136 laboranti.

221 3177 245 3223 8.
269 3176 418 3223 Mensebant.
439 3175 477 3221 Ne
496 3173 578 3238 plebs,
592 3172 696 3222 Sullanis
778 3167 863 3216 13.Et
873 3183 919 3214 vos
932 3181 982 3214 uon
992 3163 1117 3213 dubitatis.
1129 3166 1211 3228 Quum
1222 3165 1256 3212 le·

183 3255 292 3312 inimica,
310 3255 389 3320 legem
403 3255 520 3317 agrariam
528 3253 634 3315 juberet.
740 3262 794 3311 gem
807 3262 859 3294 nou
872 3261 918 3310 pro
934 3246 1032 3303 vestris,
1050 3245 1093 3293 sed
1107 3261 1153 3309 pro
1168 3244 1254 3293 dome-

220 3349 245 3397 9.
257 3337 327 3382 Intus
336 3333 410 3381 canit.
419 3336 473 3382 lioc
482 3349 533 3380 uon
541 3332 573 3380 ad
582 3341 696 3390 vestram,
739 3326 807 3375 sticis
819 3325 967 3375 utilitatibus
980 3325 1041 3374 serat
1052 3324 1148 3382 Rullus,
1157 3339 1202 3372 vos
1210 3325 1255 3372 ad·

182 3413 228 3461 sed
246 3415 277 3461 sd
295 3430 363 3462 suam
385 3413 514 3462 utilitatem
534 3411 638 3461 confert.
658 3412 696 3459 De
739 3407 789 3455 huc
799 3405 915 3454 dubitatis
923 3405 1132 3470 vectigaliavestra
1141 3404 1253 3464 vendere,

181 3493 316 3558 proverbio
335 3495 384 3542 boc
401 3509 415 3542 a
435 3493 526 3541 Graecis
544 3491 575 3540 ed
595 3493 696 3540 Latinos
739 3487 846 3552 plurimo
858 3488 978 3548 majorum
990 3486 1107 3550 sanguine
1125 3495 1150 3534 et
1164 3483 1254 3532 sudore

181 3571 319 3634 translato,
338 3573 394 3621 side
409 3589 464 3637 quaa
492 3571 567 3620 multa
590 3571 696 3620 diximus
740 3567 855 3631 quaesita,
873 3577 903 3616 ut
915 3567 1027 3614 Sullanos
1044 3577 1195 3629 possessores
1216 3564 1253 3611 di·

181 3649 216 3697 atl
225 3653 295 3700 Verr.
311 3653 336 3710 1,
352 3665 394 3700 so.
740 3647 806 3694 vitiis
818 3647 938 3711 aug'eatia,
951 3657 1024 3711 atque
1037 3643 1129 3693 invidia
1140 3643 1209 3696 omui
1219 3639 1250 3688 li·

220 3743 261 3777 so.
276 3731 397 3778 nicoenam.
411 3731 539 3796 Valgium,
553 3733 623 3793 cujus
636 3745 695 3796 ergo
738 3725 838 3774 bereti!-

177 3809 258 3873 legens
283 3809 445 3872 couscriptum
457 3827 508 3858 uon
522 3811 594 3859 aemd
605 3813 694 3860 innuit.
777 3815 818 3862 ¹4·
831 3807 887 3852 ΒΜ
899 3819 1016 3868 “emittm
1026 3817 1126 3868 emm·
1136 3800 1187 3848 Alli
1195 3811 1253 3847 ⁸1²⁰*

176 3919 177 3924 ,
221 3887 604 3954 ΙῃΤρηρόώ,.ΟῃῃωίῃΡῃῃρ
619 3892 693 3940 sumi
738 3885 771 3932 iil
784 3885 832 3933 im
846 3884 983 3932 coniiiilssii
996 3883 1066 3946 lgri,
1086 3890 1114 3928 ul
1135 3879 1252 3928 invidiam

180 3985 226 4036 per
240 3968 368 4032 caliginem
379 3967 445 4015 illam
455 3969 514 4032 reip.
526 3970 654 4034 suffusam,
665 3987 694 4019 ae
737 3965 850 4029 pariant,
866 3963 907 4010 alii
920 3965 954 4010 its
965 3963 1123 4027 pestilentes,
1143 3969 1172 4006 ut
1189 3959 1253 4008 vasti

182 4060 292 4113 tempora
306 4047 439 4095 miserrima
451 4047 542 4096 liceret.
738 4045 787 4091 sint
799 4058 827 4089 nc
840 4040 937 4088 deserti.
1323 4036 1325 4043 '

222 4144 262 4177 ra.
275 4127 381 4177 Sullanis
394 4127 505 4176 oneribsu
515 4127 592 4192 gravi.
606 4128 693 4177 Multi·
777 4131 817 4178 15.
825 4127 891 4178 Veri.
896 4129 946 4190 Qui
952 4143 1006 4176 sem
1015 4143 1110 4176 causam
1119 4093 1252 4190 plicetur.
