2912 4654
260 358 325 430 ψ
459 395 464 404 .
581 337 629 405 Μ.
654 337 693 405 r.
716 335 992 412 crosnonrs

250 457 350 528 illum
373 455 656 543 adolescentem,
670 480 789 554 'quem
802 458 921 528 statim
937 471 1048 558 epoto
1065 459 1201 558 poculo
1220 485 1320 534 mor·

251 581 356 640 tuum
379 591 456 640 esse
484 565 641 654 dixistis,
668 568 819 638 omnino
844 567 908 640 illo
934 567 993 638 die
1019 593 1095 642 esse
1120 585 1318 644 mortuum.

247 681 421 776 Magnum
442 692 478 750 et
499 675 691 776 impudens
709 677 948 750 mendacium.
968 681 1162 778 Perspicite
1184 697 1316 754 cetera.

245 789 348 877 Dico,
362 789 481 876 illum,
499 813 615 887 quum
629 786 674 860 ad
693 787 783 860 illud
802 787 995 887 prandium
1010 788 1184 863 crudior⁹
1200 795 1317 864 venis·

230 914 317 988 set,
335 914 388 986 et,
408 915 450 971 ut
469 913 552 970 aetas
569 898 629 970 illa
650 896 737 988 fert,
755 898 825 971 sibi
847 915 967 972 tamen
985 911 1016 944 ¹⁰
1037 925 1114 973 non
1135 905 1317 1001 pepercis-

246 1019 318 1098 set,
338 999 477 1106 aliquot
489 1008 567 1082 dies
579 1023 786 1107 egrotasse,
804 1011 902 1082 etita
916 1034 994 1082 esse
1008 1023 1207 1082 mortuum.
1227 1015 1318 1103 Quis

244 1118 329 1191 huic
350 1121 405 1192 rei
434 1123 534 1191 testis
564 1120 644 1192 est?
670 1119 788 1207 Idem,
819 1125 884 1218 qui
911 1124 967 1192 sui
990 1121 1167 1208 luctus¹¹‚
1188 1137 1316 1220 pater:

243 1246 366 1328 pater,
397 1232 572 1327 inquam,
598 1229 694 1302 illius
718 1228 976 1320 adolescentis,
1003 1257 1137 1330 quem,
1167 1247 1318 1331 propter

245 1342 356 1412 animi
381 1337 563 1428 dolorem,
583 1344 769 1438 pertenuis
795 1343 952 1440 suspicio
980 1346 1157 1441 potuisset
1185 1369 1229 1414 er
1256 1342 1317 1415 illo

139 1491 144 1504 ·
245 1447 370 1521 loco¹²
396 1464 524 1521 testem
550 1451 588 1520 in
612 1453 653 1522 A.
677 1451 889 1523 Cluentium
908 1453 1145 1542 constituere,
1168 1456 1199 1522 is
1218 1451 1318 1524 hunc

246 1584 314 1632 suo
331 1561 539 1632 testimonio
553 1559 726 1632 sublevat.
748 1559 857 1650 Quod
876 1565 997 1633 recita.
1018 1567 1072 1632 Tu
1087 1575 1229 1649 autem,
1250 1563 1315 1634 nisi

247 1670 441 1742 molestum
466 1686 535 1759 est,
558 1671 753 1769 paullisper
778 1697 929 1770 exsurge
946 1669 990 1760 ¹³,
1012 1687 1049 1744 et
1076 1669 1197 1770 perfer
1218 1672 1317 1744 hunc

248 1779 410 1853 dolorem
442 1783 795 1854 commemorationis
822 1783 1030 1856 necessariae
1057 1811 1065 1853 ε
1090 1784 1130 1855 in
1153 1807 1226 1879 qun
1249 1805 1317 1880 ego

210 1885 214 1892 ’
249 1891 384 1964 diutius
407 1918 482 1965 non
504 1893 690 1982 morabor,
710 1895 904 1990 quoniam,
926 1893 1027 1992 quod
1048 1893 1117 1967 luit
1135 1895 1203 1965 viri
1221 1897 1316 1993 opti·

248 2003 316 2092 mi,
337 2001 470 2089 fecisti,
492 2007 611 2076 utine
632 2006 691 2076 cui
712 2007 900 2078 innocenti
914 2001 1053 2077 'moeror
1073 2020 1160 2077 tuus
1173 2005 1316 2077 calami-
1339 2025 1342 2031 ·

249 2127 426 2185 tetemet
451 2111 580 2186 falsum
603 2117 740 2186 crimen
764 2114 919 2189 afferret.
945 2120 1199 2188 Trsrruorruu
1225 2119 1316 2186 Ban-

250 2249 347 2296 nnrrr
369 2249 503 2297 narnis.

296 2341 384 2408 LXI.
402 2341 524 2407 Unum
538 2341 645 2408 etiam
659 2345 670 2381 ¹
688 2337 777 2408 mihi
791 2338 970 2435 reliquum
987 2335 1166 2432 ejusmodi
1180 2339 1319 2407 crimen

249 2461 322 2535 est,
342 2445 501 2540 judices,
526 2471 572 2518 ex
596 2472 674 2544 quo
697 2445 787 2520 illud
808 2449 1011 2544 perspicere
1030 2447 1193 2545 possitis,
1216 2443 1319 2543 quod

246 2580 341 2628 ame
360 2558 463 2627 initio
481 2558 652 2628 orationis
671 2582 759 2630 meae
775 2556 912 2628 dictum
935 2572 1013 2629 est:
1030 2554 1213 2655 quidquid
1234 2555 1320 2626 mali

248 2690 313 2765 per
337 2665 404 2738 hos
432 2691 545 2740 annos
567 2671 608 2739 A.
637 2669 824 2740 Cluentius
855 2665 1008 2754 viderit,
1034 2664 1217 2764 quidquid
1246 2665 1319 2738 hoc

246 2791 409 2874 tempore
430 2777 561 2850 habeat
578 2777 831 2851 sollicitudinis
857 2802 898 2850 ac
920 2779 1083 2874 negotii,
1104 2777 1140 2849 id
1168 2799 1319 2848 omnen

247 2902 361 2960 matre
385 2913 461 2960 esse
483 2887 691 2961 conflatum.
715 2889 957 2987 Oppianicum
979 2911 1124 2961 veneno
1147 2901 1317 2959 necatum

285 3137 428 3202 9.Cmdr'or.
438 3140 490 3188 Etsi
498 3137 693 3200 adolescenaiam
701 3149 758 3186 anta
802 3147 878 3201 pater.
895 3137 975 3184 Moris
991 3147 1042 3186 erat
1060 3147 1106 3198 ut,
1118 3137 1138 3184 ri
1153 3135 1234 3183 scriba
1250 3135 1317 3183 teati-

249 3218 379 3284 prandium
393 3218 511 3267 cruditate
527 3218 664 3278 laborabat,
678 3229 758 3267 nmen
801 3215 913 3264 monium
939 3226 982 3265 aat
1005 3215 1157 3265 laudationes
1186 3215 1315 3271 recisam,

249 3297 295 3346 aibi
306 3313 359 3346 non
372 3299 497 3362 pepercit,
506 3297 550 3346 red
561 3308 647 3347 contra
659 3314 686 3347 ae
697 3298 759 3346 cibis
801 3295 851 3360 ipsi
860 3305 932 3344 tester
942 3305 985 3344 aut
994 3294 1133 3344 laudatores
1145 3301 1315 3357 exsurgent,

249 3377 416 3441 ingurgitavit.
802 3383 831 3422 ut
845 3374 877 3422 ab
891 3375 1006 3422 omnibus
1023 3374 1134 3438 oourpici
1149 3381 1261 3438 possent.
1278 3371 1317 3420 sie

289 3473 328 3506 10.
346 3455 423 3519 vulg.
442 3465 502 3502 tum.
516 3457 603 3504 Erueat
613 3456 758 3506 emendarit.
801 3455 864 3502 inira
881 3455 913 3514 ii,
927 3456 971 3518 qui
985 3453 1150 3502 laudationem
1163 3452 1273 3500 Cluentii
1287 3465 1318 3498 er

248 3541 272 3588 J.
282 3539 316 3586 Υ.
329 3539 357 3586 L.
474 3583 477 3590 ,
802 3531 962 3584 decurionum
978 3531 1127 3581 Larinatium
1144 3531 1261 3590 hacto,
1277 3528 1319 3578 de·

287 3632 327 3666 rr.
346 3613 394 3679 Qui
412 3612 451 3662 rui
469 3614 553 3662 luctus.
573 3612 642 3662 Idem
660 3614 701 3664 ille
715 3615 757 3680 qul
802 3611 922 3670 tulerant,
932 3608 1050 3671 jubentur
1062 3625 1203 3674 usurpare,
1216 3608 1279 3658 dum
1290 3623 1318 3656 aa

248 3713 319 3746 ruum
327 3709 448 3743 summurn
459 3693 568 3742 dolorem
580 3703 688 3743 testatur.
801 3689 910 3738 laudatio
920 3689 1070 3736 recitaretur.

287 3791 328 3822 ra.
343 3775 385 3821 Ex
395 3773 512 3822 illo'loco.
523 3772 701 3830 &subselliim
715 3773 759 3820 ubi
838 3779 892 3825 LX.
911 3791 934 3827 a.
950 3778 1029 3824 Unum
1043 3775 1128 3824 etiam.
1143 3775 1220 3824 Aliud
1231 3773 1317 3824 veneni

248 3863 382 3911 Ιῦωίῑῠὴ
397 3853 497 3916 ‘ltmlue
512 3862 585 3900 ΜΨ
597 3851 680 3902 ”dm
696 3852 758 3900 ⁸⁰¹⁰·
803 3855 895 3904 crimen
903 3855 1008 3913 refutat,
1017 3855 1087 3918 quod
1099 3855 1147 3902 init
1157 3855 1317 3917 praecipuum.

248 3935 315 3981 baut.
331 3957 367 3970 -
383 3930 457 3993 Quod
472 3929 554 3980 mlta·
574 3930 682 3984 Scribam
699 3931 760 3980 ello·
803 3935 943 3984 Cluentium
957 3934 1022 3982 anim
1035 3933 1318 3984 monstenem

252 4011 343 4075 quitur.
804 4026 913 4078 paratae,
925 4028 976 4076 quo
989 4013 1081 4076 peril.
1094 4011 1214 4061 Arellium
1224 4011 1318 4075 Oppia·

290 4091 327 4137 13.
341 4090 462 4152 Exsurge.
472 4090 559 4153 Surgns
569 4089 652 4146 velim,
664 4089 761 4152 lialbuli
804 4092 875 4140 niour
886 4091 1022 4154 tolleretur,
