2988 4668
369 439 460 511 PRO
484 439 852 512 JURECONSULTIS
876 441 1095 511 ROMANIS.
1193 443 1265 538 629

199 575 331 640 sationis
361 571 530 636 aedilicium
554 588 796 660 superstruere,
820 572 1013 661 fraudesque
1037 589 1071 637 et
1097 575 1264 639 stultitiam

199 679 537 746 innocentissimorum
552 679 725 742 hominum
739 678 1019 766 demonstrare(ut
1028 676 1089 742 sibi
1100 678 1264 766 videntur)

199 801 329 872 queant.

243 891 335 972 Haec,
357 913 428 978 quae
442 890 608 972 recensui,
627 887 668 954 de
685 889 838 953 omnibus
856 891 1031 979 generatim
1051 888 1266 979 prudentibus

197 995 300 1058 fassus
316 995 379 1059 fuit
394 996 528 1060 Tullius.
546 996 661 1083 Neque
674 1017 751 1059 vero
767 996 836 1076 illa,
853 1018 925 1083 quae
940 993 980 1058 de
1000 995 1133 1084 singulis
1150 996 1266 1083 saepius

197 1101 340 1188 scripsit,
358 1101 533 1165 Thomasio
551 1100 768 1188 omnibusque
782 1100 851 1179 ejus
863 1100 957 1163 sociis
971 1100 1079 1162 minus
1094 1087 1267 1164 adversan-

198 1218 265 1268 tur:
285 1205 397 1268 «Nihil
409 1207 440 1269 S.
453 1204 556 1270 AElius
566 1203 701 1294 tale(1),
720 1205 801 1268 nihil
820 1206 929 1268 multis
945 1205 1038 1268 annis
1055 1220 1131 1268 ante
1141 1205 1191 1270 Ti.
1203 1207 1267 1269 Co·-

199 1312 393 1393 runcanius,
410 1310 489 1374 nihil
508 1308 607 1375 modo
631 1310 667 1376 P.
684 1313 833 1394 Crassus,
865 1334 891 1374 a·
907 1310 1027 1398 quibus
1047 1311 1118 1391 jura
1142 1311 1266 1376 civibus

197 1415 497 1503 praescribebantur,
515 1437 658 1504 quorum
676 1437 781 1503 usque
798 1413 839 1479 ad
856 1431 1038 1482 extremum
1052 1415 1202 1503 spiritum
1219 1433 1267 1480 est

196 1537 346 1609 provecta
365 1519 569 1610 prudentia».
585 1519 659 1603 Sed,
675 1543 716 1586 ne
733 1520 854 1584 nimius
871 1521 942 1602 sim,
955 1543 1139 1586 sermonem
1154 1545 1265 1587 meum

196 1627 388 1716 restringam
406 1625 447 1690 ad
462 1627 568 1692 solum
588 1616 677 1692 Serv.
696 1627 890 1716 Sulpicium,
905 1649 1061 1715 eumque,
1085 1651 1102 1690 a
1125 1649 1194 1716 quo
1211 1629 1265 1692 hic

193 1732 483 1821 jurisprudentiam
512 1732 646 1799 edoctus
671 1735 751 1815 fluit,
779 1732 969 1821 Aquillium.
993 1735 1071 1798 Haec
1095 1735 1204 1822 itaque
1224 1735 1266 1800 de

197 1837 309 1903 Servio
326 1839 368 1901 ait
384 1839 417 1900 in
436 1838 613 1928 Philippica
632 1839 781 1902 oratione
795 1860 982 1927 noua,.qua
1002 1839 1071 1902 viriv
1083 1841 1206 1928 optime
1224 1840 1265 1904 de

194 1965 262 2032 rep.
279 1945 401 2026 meriti,
416 1960 448 2012 et
461 1946 495 2008 in
508 1945 675 2033 legatione
685 1967 783 2033 quam
799 1944 920 2008 invitus
936 1963 1120 2034 susceperat
1140 1945 1180 2008 ad
1194 1949 1264 2010 An·

195 2051 323 2114 tonium
339 2051 502 2115 Mutinam
518 2048 723 2115 obsidentem
740 2051 884 2131 mortui,
910 2049 1020 2114 laudes
1039 2053 1165 2142 egregie
1186 2053 1266 2117 cele·

194 2156 284 2238 brat,
311 2157 440 2244 illique,
473 2175 587 2222 contra
611 2158 647 2222 P.
675 2156 797 2220 Servilii
823 2158 1034 2234 sententiam,
1061 2175 1200 2222 statuam
1229 2159 1262 2220 in
1317 2241 1319 2248 Α

194 2263 319 2325 Rostris
338 2262 525 2350 ponendam
547 2262 691 2328 decernit
705 2261 773 2350 (a):
792 2293 805 2317 ι
817 2261 886 2326 Nec
903 2285 981 2328 vero
995 2263 1141 2326 silebitur
1158 2263 1262 2328 admi·

194 2366 301 2431 rabilis
321 2366 484 2456 quaedam,
507 2385 541 2432 et
560 2367 776 2450 incredibilis,
795 2386 827 2432 et
838 2391 934 2458 »paene
958 2365 1066 2432 divina
1083 2369 1152 2448 ejus
1169 2370 1203 2431 in
1222 2369 1265 2433 le·

193 2472 287 2562 gibus
300 2472 565 2562 interpretandis,
583 2475 733 2562 aequitate
752 2473 955 2564 explicanda,
965 2475 1107 2539 scientia.
1122 2475 1260 2558 Omnes,

193 2600 233 2642 ex
251 2579 341 2642 omni
357 2595 466 2660 etate,
485 2581 543 2666 qui
559 2581 620 2654 hac
638 2581 675 2642 in
691 2580 818 2644 civitate
834 2579 1078 2668 intelligentiam
1095 2581 1182 2660 ¹juris
1201 2581 1262 2643 lia·

192 2684 353 2768 buerunt,
371 2686 398 2749 si
413 2709 518 2750 unum
535 2687 568 2749 in
585 2686 695 2748 locum
712 2684 932 2766 conferantur,
951 2709 1027 2748 cum
1046 2687 1133 2749 Serv.
1152 2685 1262 2774 Sulpi.

192 2789 244 2854 cio
258 2813 325 2854 nou
340 2807 418 2854 sunt
435 2787 662 2878 comparandis
675 2811 783 2876 aeque
798 2789 956 2852 euimille
973 2791 1073 2877 magis
1085 2790 1166 2870 juris
1179 2813 1259 2854 corr·

192 2897 314 2972 saltus,
334 2919 431 2983 quam
446 2897 578 2976 justitiae
598 2895 670 2958 fuit.
691 2897 825 2982 Itaque,
847 2895 920 2981 quae
937 2893 1260 2983 proficiscebantura

191 2999 335 3088 legibus,
347 3017 380 3064 et
393 3024 411 3064 a
421 3001 495 3080 jure
508 3000 610 3082 civili,
623 3021 751 3088 semper
761 2997 801 3062 ad
814 2998 995 3063 facilitatem
1010 3001 1261 3089 aequitatemque

191 3104 368 3188 referebat3
388 3127 494 3193 neque
510 3106 709 3170 constituere
724 3103 831 3167 litium
847 3105 989 3169 actiones
1002 3105 1148 3188 malebat,
1160 3129 1259 3194 quam

192 3211 425 3274 controversias
444 3212 589 3277 tollere».
604 3209 731 3278 Addere
746 3209 839 3273 liceat
851 3209 921 3290 illa,
935 3234 1007 3298 quae
1020 3210 1107 3276 idem
1122 3229 1259 3277 testatur

191 3313 233 3379 de
249 3317 390 3404 Aquillio
414 3315 525 3398 Gallo,
543 3319 636 3400 cujus
662 3315 867 3405 praeceptoris
889 3316 940 3378 sui
959 3317 1124 3406 egregium
1147 3340 1257 3382 exem·

191 3423 281 3509 plum
303 3423 347 3486 ob
368 3423 480 3486 oculos
498 3425 636 3488 maxime
656 3421 799 3501 habeus,
826 3419 953 3486 Servius
974 3424 1174 3510 aequitatem,
1195 3423 1259 3487 hu·

191 3530 393 3611 manitatem,
411 3529 650 3620 benignamque
665 3527 841 3610 justitiam,
859 3529 894 3591 in
909 3527 1159 3617 interpretandis
1177 3529 1258 3618 legi·

191 3633 252 3698 bus
266 3635 461 3724 juribusque
477 3637 609 3726 patriis,
625 3638 722 3702 unice
738 3633 800 3697 fuit
816 3649 973 3722 sequutus
988 3633 1036 3724 (3)
1053 3659 1061 3700 :
1082 3635 1179 3699 «Nou
1200 3659 1256 3702 ve-

224 3827 263 3894 (1)
274 3829 312 3876 De
321 3829 418 3878 Senect.
433 3845 488 3895 cap.
501 3847 527 3896 9.

225 3915 334 3984 (oco
350 3917 373 3964 ⁵-

224 3999 262 4068 (3)
276 4004 323 4052 aro
339 4003 449 4065 Caelum
472 4021 526 4070 cap.
541 4025 583 4070 aq.
595 4012 665 4074 Quot
681 4024 761 4062 autem
781 4015 901 4078 remedia,
919 4015 951 4064 ad
968 4017 1030 4078 juris
1041 4017 1129 4065 roiville
1149 4020 1255 4083 rigorem

189 4091 327 4140 leniendum
340 4130 349 4156 ,
362 4093 482 4144 invenerit
498 4095 620 4159 Aquillius
631 4101 704 4160 ,vide
720 4105 787 4168 apud
806 4103 846 4154 cl.
856 4103 973 4154 Heiuecc.
987 4116 1048 4153 orat.
1063 4105 1093 4156 dc
1103 4107 1131 4158 C.
1148 4107 1257 4183 Aquilliu
1304 4151 1319 4166 ,

189 4178 262 4230 Gallo
273 4177 310 4244 (in
320 4181 412 4246 Opasc.
426 4179 500 4250 Syll.)
508 4199 563 4248 pag.
577 4188 637 4266 ‚7⁷⁸-
