<?xml version="1.0" encoding="UTF-8"?>
<!DOCTYPE html PUBLIC "-//W3C//DTD XHTML 1.0 Transitional//EN"
    "http://www.w3.org/TR/xhtml1/DTD/xhtml1-transitional.dtd">
<html xmlns="http://www.w3.org/1999/xhtml" xml:lang="en" lang="en">
 <head>
  <title>
</title>
<meta http-equiv="Content-Type" content="text/html;charset=utf-8" />
  <meta name='ocr-system' content='tesseract 3.04.00' />
  <meta name='ocr-capabilities' content='ocr_page ocr_carea ocr_par ocr_line ocrx_word'/>
</head>
<body>
  <div class='ocr_page' id='page_1' title='image "./mtciceronisquae00lemagoog_0087.png"; bbox 0 0 2962 4682; ppageno 0'>
   <div class='ocr_carea' id='block_1_1' title="bbox 247 310 984 409">
    <p class='ocr_par' dir='ltr' id='par_1_1' title="bbox 247 310 984 409">
     <span class='ocr_line' id='line_1_1' title="bbox 247 310 984 409; baseline -0.003 -27"><span class='ocrx_word' id='word_1_1' title='bbox 247 313 293 409; x_wconf 79' lang='lat'><strong>7⁸</strong></span> <span class='ocrx_word' id='word_1_2' title='bbox 572 310 984 380; x_wconf 69' lang='lat' dir='ltr'><strong>nactcnuouts</strong></span> 
     </span>
    </p>
   </div>
   <div class='ocr_carea' id='block_1_2' title="bbox 241 433 1320 2294">
    <p class='ocr_par' dir='ltr' id='par_1_2' title="bbox 241 433 1320 2294">
     <span class='ocr_line' id='line_1_2' title="bbox 243 433 1316 535; baseline 0.002 -27"><span class='ocrx_word' id='word_1_3' title='bbox 243 440 309 535; x_wconf 93' lang='lat' dir='ltr'><strong>qui</strong></span> <span class='ocrx_word' id='word_1_4' title='bbox 328 450 433 508; x_wconf 91' lang='lat' dir='ltr'><strong>antea</strong></span> <span class='ocrx_word' id='word_1_5' title='bbox 454 434 726 522; x_wconf 58' lang='lat' dir='ltr'><strong>denuntiatam,</strong></span> <span class='ocrx_word' id='word_1_6' title='bbox 743 433 901 505; x_wconf 78' lang='lat' dir='ltr'><strong>clamore</strong></span> <span class='ocrx_word' id='word_1_7' title='bbox 927 434 1114 506; x_wconf 91' lang='lat' dir='ltr'><strong>hominem</strong></span> <span class='ocrx_word' id='word_1_8' title='bbox 1139 461 1182 508; x_wconf 92' lang='lat' dir='ltr'><strong>ac</strong></span> <span class='ocrx_word' id='word_1_9' title='bbox 1206 441 1316 511; x_wconf 86' lang='lat' dir='ltr'><strong>minis</strong></span> 
     </span>
     <span class='ocr_line' id='line_1_3' title="bbox 243 542 1317 643; baseline 0.004 -27"><span class='ocrx_word' id='word_1_10' title='bbox 243 547 387 642; x_wconf 85' lang='lat' dir='ltr'>insequi</span> <span class='ocrx_word' id='word_1_11' title='bbox 402 547 588 643; x_wconf 87' lang='lat' dir='ltr'><strong>ooepisset;</strong></span> <span class='ocrx_word' id='word_1_12' title='bbox 608 545 742 614; x_wconf 84' lang='lat' dir='ltr'><strong>Larino</strong></span> <span class='ocrx_word' id='word_1_13' title='bbox 754 542 933 642; x_wconf 80' lang='lat' dir='ltr'>profugit,</span> <span class='ocrx_word' id='word_1_14' title='bbox 951 559 989 616; x_wconf 90' lang='lat' dir='ltr'><strong>et</strong></span> <span class='ocrx_word' id='word_1_15' title='bbox 1005 569 1045 616; x_wconf 89' lang='lat' dir='ltr'><strong>se</strong></span> <span class='ocrx_word' id='word_1_16' title='bbox 1059 547 1096 616; x_wconf 89' lang='lat' dir='ltr'><strong>in</strong></span> <span class='ocrx_word' id='word_1_17' title='bbox 1113 563 1230 618; x_wconf 88' lang='lat' dir='ltr'><strong>castra</strong></span> <span class='ocrx_word' id='word_1_18' title='bbox 1247 549 1317 621; x_wconf 88' lang='lat' dir='ltr'><strong>cla-</strong></span> 
     </span>
     <span class='ocr_line' id='line_1_4' title="bbox 243 649 1317 754; baseline 0.003 -27"><span class='ocrx_word' id='word_1_19' title='bbox 243 658 371 728; x_wconf 89' lang='lat' dir='ltr'><strong>rissimi</strong></span> <span class='ocrx_word' id='word_1_20' title='bbox 390 656 527 744; x_wconf 84' lang='lat' dir='ltr'><strong>viri,Q.</strong></span> <span class='ocrx_word' id='word_1_21' title='bbox 548 649 726 738; x_wconf 87' lang='lat' dir='ltr'><strong>Metelli⁵,</strong></span> <span class='ocrx_word' id='word_1_22' title='bbox 743 652 907 724; x_wconf 80' lang='lat' dir='ltr'><strong>contulit.</strong></span> <span class='ocrx_word' id='word_1_23' title='bbox 916 657 1001 725; x_wconf 85' lang='lat' dir='ltr'><strong>Post</strong></span> <span class='ocrx_word' id='word_1_24' title='bbox 1015 653 1268 754; x_wconf 80' lang='lat' dir='ltr'><strong>illamsugam,</strong></span> <span class='ocrx_word' id='word_1_25' title='bbox 1279 673 1317 730; x_wconf 86' lang='lat' dir='ltr'><strong>et</strong></span> 
     </span>
     <span class='ocr_line' id='line_1_5' title="bbox 244 762 1315 863; baseline 0 -23"><span class='ocrx_word' id='word_1_26' title='bbox 244 768 390 840; x_wconf 85' lang='lat' dir='ltr'><strong>sceleris</strong></span> <span class='ocrx_word' id='word_1_27' title='bbox 399 781 437 836; x_wconf 90' lang='lat' dir='ltr'><strong>et</strong></span> <span class='ocrx_word' id='word_1_28' title='bbox 449 767 676 838; x_wconf 73' lang='lat' dir='ltr'><strong>conscientia</strong></span> <span class='ocrx_word' id='word_1_29' title='bbox 688 762 1072 862; x_wconf 82' lang='lat' dir='ltr'><strong>testem⁶,uumquam</strong></span> <span class='ocrx_word' id='word_1_30' title='bbox 1091 792 1131 838; x_wconf 86' lang='lat' dir='ltr'><strong>se</strong></span> <span class='ocrx_word' id='word_1_31' title='bbox 1153 767 1315 863; x_wconf 89' lang='lat' dir='ltr'><strong>judiciis,</strong></span> 
     </span>
     <span class='ocr_line' id='line_1_6' title="bbox 242 873 1318 973; baseline 0.006 -26"><span class='ocrx_word' id='word_1_32' title='bbox 242 901 442 973; x_wconf 88' lang='lat' dir='ltr'><strong>numquam</strong></span> <span class='ocrx_word' id='word_1_33' title='bbox 459 873 619 972; x_wconf 83' lang='lat' dir='ltr'><strong>legibus,</strong></span> <span class='ocrx_word' id='word_1_34' title='bbox 638 899 839 972; x_wconf 80' lang='lat' dir='ltr'><strong>numquam</strong></span> <span class='ocrx_word' id='word_1_35' title='bbox 853 878 1029 948; x_wconf 84' lang='lat' dir='ltr'><strong>inermem</strong></span> <span class='ocrx_word' id='word_1_36' title='bbox 1047 879 1201 950; x_wconf 90' lang='lat' dir='ltr'><strong>inimicis</strong></span> <span class='ocrx_word' id='word_1_37' title='bbox 1215 905 1318 952; x_wconf 92' lang='lat' dir='ltr'><strong>com·</strong></span> 
     </span>
     <span class='ocr_line' id='line_1_7' title="bbox 244 985 1317 1089; baseline 0.005 -30"><span class='ocrx_word' id='word_1_38' title='bbox 244 990 386 1060; x_wconf 89' lang='lat' dir='ltr'><strong>mittere</strong></span> <span class='ocrx_word' id='word_1_39' title='bbox 404 1011 512 1058; x_wconf 90' lang='lat' dir='ltr'><strong>ansus</strong></span> <span class='ocrx_word' id='word_1_40' title='bbox 530 1001 585 1058; x_wconf 87' lang='lat' dir='ltr'><strong>est</strong></span> <span class='ocrx_word' id='word_1_41' title='bbox 604 1013 613 1055; x_wconf 77' lang='grc' dir='ltr'><strong><em>ε</em></strong></span> <span class='ocrx_word' id='word_1_42' title='bbox 631 985 697 1058; x_wconf 89' lang='lat' dir='ltr'><strong>sed</strong></span> <span class='ocrx_word' id='word_1_43' title='bbox 718 985 901 1083; x_wconf 89' lang='lat' dir='ltr'><strong>perillam</strong></span> <span class='ocrx_word' id='word_1_44' title='bbox 921 992 960 1058; x_wconf 71' lang='lat'><strong>1.</strong></span> <span class='ocrx_word' id='word_1_45' title='bbox 984 988 1091 1058; x_wconf 82' lang='lat' dir='ltr'><strong>Sullae</strong></span> <span class='ocrx_word' id='word_1_46' title='bbox 1111 990 1186 1060; x_wconf 84' lang='lat' dir='ltr'><strong>vim</strong></span> <span class='ocrx_word' id='word_1_47' title='bbox 1206 1007 1317 1089; x_wconf 88' lang='lat' dir='ltr'><strong>atque</strong></span> 
     </span>
     <span class='ocr_line' id='line_1_8' title="bbox 243 1097 1316 1183; baseline 0.005 -15"><span class='ocrx_word' id='word_1_48' title='bbox 243 1100 448 1183; x_wconf 84' lang='lat' dir='ltr'><strong>victoriam,</strong></span> <span class='ocrx_word' id='word_1_49' title='bbox 466 1098 639 1168; x_wconf 81' lang='lat' dir='ltr'><strong>larinum</strong></span> <span class='ocrx_word' id='word_1_50' title='bbox 666 1097 704 1166; x_wconf 88' lang='lat' dir='ltr'><strong>in</strong></span> <span class='ocrx_word' id='word_1_51' title='bbox 732 1120 876 1166; x_wconf 91' lang='lat' dir='ltr'><strong>summo</strong></span> <span class='ocrx_word' id='word_1_52' title='bbox 895 1099 1026 1168; x_wconf 88' lang='lat' dir='ltr'><strong>timore</strong></span> <span class='ocrx_word' id='word_1_53' title='bbox 1044 1101 1210 1171; x_wconf 90' lang='lat' dir='ltr'><strong>omnium</strong></span> <span class='ocrx_word' id='word_1_54' title='bbox 1232 1126 1316 1173; x_wconf 91' lang='lat' dir='ltr'><strong>cum</strong></span> 
     </span>
     <span class='ocr_line' id='line_1_9' title="bbox 241 1206 1317 1308; baseline 0.001 -28"><span class='ocrx_word' id='word_1_55' title='bbox 241 1206 593 1294; x_wconf 80' lang='lat' dir='ltr'><strong>annatisadvolavit3</strong></span> <span class='ocrx_word' id='word_1_56' title='bbox 612 1219 772 1303; x_wconf 87' lang='lat' dir='ltr'><strong>quatuor</strong></span> <span class='ocrx_word' id='word_1_57' title='bbox 784 1209 924 1291; x_wconf 74' lang='lat' dir='ltr'><strong>virost,</strong></span> <span class='ocrx_word' id='word_1_58' title='bbox 942 1229 1037 1303; x_wconf 82' lang='lat' dir='ltr'><strong>quos</strong></span> <span class='ocrx_word' id='word_1_59' title='bbox 1048 1211 1257 1308; x_wconf 83' lang='lat' dir='ltr'><strong>municipes</strong></span> <span class='ocrx_word' id='word_1_60' title='bbox 1266 1209 1317 1282; x_wconf 78' lang='lat' dir='ltr'><strong>se·</strong></span> 
     </span>
     <span class='ocr_line' id='line_1_10' title="bbox 242 1314 1317 1414; baseline 0.001 -24"><span class='ocrx_word' id='word_1_61' title='bbox 242 1333 388 1403; x_wconf 88' lang='lat' dir='ltr'><strong>cerant,</strong></span> <span class='ocrx_word' id='word_1_62' title='bbox 409 1317 575 1404; x_wconf 87' lang='lat' dir='ltr'><strong>sustulit;</strong></span> <span class='ocrx_word' id='word_1_63' title='bbox 594 1340 643 1386; x_wconf 80' lang='lat' dir='ltr'><strong>se</strong></span> <span class='ocrx_word' id='word_1_64' title='bbox 664 1341 686 1386; x_wconf 88' lang='lat' dir='ltr'><strong>a</strong></span> <span class='ocrx_word' id='word_1_65' title='bbox 711 1314 829 1402; x_wconf 87' lang='lat' dir='ltr'><strong>Sulla,</strong></span> <span class='ocrx_word' id='word_1_66' title='bbox 858 1331 896 1387; x_wconf 86' lang='lat' dir='ltr'><strong>et</strong></span> <span class='ocrx_word' id='word_1_67' title='bbox 917 1316 1006 1388; x_wconf 87' lang='lat' dir='ltr'><strong>alios</strong></span> <span class='ocrx_word' id='word_1_68' title='bbox 1028 1333 1201 1414; x_wconf 84' lang='lat' dir='ltr'><strong>praeterca</strong></span> <span class='ocrx_word' id='word_1_69' title='bbox 1223 1334 1317 1408; x_wconf 89' lang='lat' dir='ltr'><strong>tres,</strong></span> 
     </span>
     <span class='ocr_line' id='line_1_11' title="bbox 243 1423 1314 1526; baseline 0.002 -28"><span class='ocrx_word' id='word_1_70' title='bbox 243 1425 357 1500; x_wconf 83' lang='lat' dir='ltr'><strong>factos</strong></span> <span class='ocrx_word' id='word_1_71' title='bbox 376 1451 455 1498; x_wconf 87' lang='lat' dir='ltr'><strong>esse</strong></span> <span class='ocrx_word' id='word_1_72' title='bbox 475 1426 587 1509; x_wconf 84' lang='lat' dir='ltr'>dixit,</span> <span class='ocrx_word' id='word_1_73' title='bbox 608 1441 646 1496; x_wconf 88' lang='lat' dir='ltr'><strong>et</strong></span> <span class='ocrx_word' id='word_1_74' title='bbox 663 1423 709 1495; x_wconf 88' lang='lat' dir='ltr'><strong>ab</strong></span> <span class='ocrx_word' id='word_1_75' title='bbox 731 1424 862 1496; x_wconf 84' lang='lat' dir='ltr'><strong>eodem</strong></span> <span class='ocrx_word' id='word_1_76' title='bbox 886 1425 958 1496; x_wconf 85' lang='lat' dir='ltr'><strong>sibi</strong></span> <span class='ocrx_word' id='word_1_77' title='bbox 975 1451 1053 1498; x_wconf 86' lang='lat' dir='ltr'><strong>esse</strong></span> <span class='ocrx_word' id='word_1_78' title='bbox 1078 1432 1314 1526; x_wconf 84' lang='lat' dir='ltr'><strong>imperatum,</strong></span> 
     </span>
     <span class='ocr_line' id='line_1_12' title="bbox 244 1533 1317 1631; baseline 0.005 -23"><span class='ocrx_word' id='word_1_79' title='bbox 244 1552 286 1608; x_wconf 92' lang='lat' dir='ltr'><strong>nt</strong></span> <span class='ocrx_word' id='word_1_80' title='bbox 305 1539 457 1608; x_wconf 88' lang='lat' dir='ltr'><strong>Aurium</strong></span> <span class='ocrx_word' id='word_1_81' title='bbox 473 1533 599 1621; x_wconf 90' lang='lat' dir='ltr'><strong>illum,</strong></span> <span class='ocrx_word' id='word_1_82' title='bbox 615 1538 680 1631; x_wconf 92' lang='lat' dir='ltr'><strong>qui</strong></span> <span class='ocrx_word' id='word_1_83' title='bbox 697 1533 766 1606; x_wconf 89' lang='lat' dir='ltr'>sibi</span> <span class='ocrx_word' id='word_1_84' title='bbox 781 1533 1002 1608; x_wconf 77' lang='lat' dir='ltr'><strong>delationem</strong></span> <span class='ocrx_word' id='word_1_85' title='bbox 1019 1539 1196 1626; x_wconf 92' lang='lat' dir='ltr'><strong>nominis,</strong></span> <span class='ocrx_word' id='word_1_86' title='bbox 1212 1556 1251 1612; x_wconf 88' lang='lat' dir='ltr'><strong>et</strong></span> <span class='ocrx_word' id='word_1_87' title='bbox 1262 1565 1317 1613; x_wconf 86' lang='lat' dir='ltr'><strong>ca·</strong></span> 
     </span>
     <span class='ocr_line' id='line_1_13' title="bbox 243 1645 1319 1745; baseline 0.007 -28"><span class='ocrx_word' id='word_1_88' title='bbox 243 1648 328 1745; x_wconf 90' lang='lat' dir='ltr'><strong>pitis</strong></span> <span class='ocrx_word' id='word_1_89' title='bbox 352 1645 553 1743; x_wconf 85' lang='lat' dir='ltr'><strong>periculum</strong></span> <span class='ocrx_word' id='word_1_90' title='bbox 585 1659 803 1731; x_wconf 81' lang='lat' dir='ltr'><strong>ostentarat,</strong></span> <span class='ocrx_word' id='word_1_91' title='bbox 831 1661 868 1716; x_wconf 89' lang='lat' dir='ltr'><strong>et</strong></span> <span class='ocrx_word' id='word_1_92' title='bbox 890 1646 1045 1719; x_wconf 89' lang='lat' dir='ltr'><strong>alterum</strong></span> <span class='ocrx_word' id='word_1_93' title='bbox 1075 1651 1255 1740; x_wconf 83' lang='lat' dir='ltr'><strong>Aurium,</strong></span> <span class='ocrx_word' id='word_1_94' title='bbox 1281 1667 1319 1724; x_wconf 89' lang='lat' dir='ltr'><strong>et</strong></span> 
     </span>
     <span class='ocr_line' id='line_1_14' title="bbox 243 1753 1318 1856; baseline 0.006 -29"><span class='ocrx_word' id='word_1_95' title='bbox 243 1757 323 1851; x_wconf 86' lang='lat' dir='ltr'><strong>ejus</strong></span> <span class='ocrx_word' id='word_1_96' title='bbox 339 1761 378 1828; x_wconf 72' lang='lat' dir='ltr'>G</span> <span class='ocrx_word' id='word_1_97' title='bbox 401 1753 533 1842; x_wconf 86' lang='lat' dir='ltr'><strong>filium,</strong></span> <span class='ocrx_word' id='word_1_98' title='bbox 553 1769 590 1826; x_wconf 89' lang='lat' dir='ltr'><strong>et</strong></span> <span class='ocrx_word' id='word_1_99' title='bbox 615 1758 712 1826; x_wconf 84' lang='lat' dir='ltr'><strong>Sext.</strong></span> <span class='ocrx_word' id='word_1_100' title='bbox 734 1754 921 1844; x_wconf 80' lang='lat' dir='ltr'><strong>virbium,</strong></span> <span class='ocrx_word' id='word_1_101' title='bbox 944 1781 1023 1854; x_wconf 93' lang='lat' dir='ltr'><strong>quo</strong></span> <span class='ocrx_word' id='word_1_102' title='bbox 1041 1758 1257 1856; x_wconf 76' lang='lat' dir='ltr'><strong>sequestre⁸</strong></span> <span class='ocrx_word' id='word_1_103' title='bbox 1279 1762 1318 1832; x_wconf 92' lang='lat' dir='ltr'><strong>in</strong></span> 
     </span>
     <span class='ocr_line' id='line_1_15' title="bbox 243 1865 1313 1968; baseline 0.006 -31"><span class='ocrx_word' id='word_1_104' title='bbox 243 1866 305 1937; x_wconf 90' lang='lat' dir='ltr'><strong>illo</strong></span> <span class='ocrx_word' id='word_1_105' title='bbox 318 1865 439 1938; x_wconf 85' lang='lat' dir='ltr'><strong>indice</strong></span> <span class='ocrx_word' id='word_1_106' title='bbox 457 1865 729 1963; x_wconf 87' lang='lat' dir='ltr'><strong>corrumpendo</strong></span> <span class='ocrx_word' id='word_1_107' title='bbox 737 1865 926 1938; x_wconf 84' lang='lat' dir='ltr'><strong>dicebatur</strong></span> <span class='ocrx_word' id='word_1_108' title='bbox 938 1891 1133 1956; x_wconf 79' lang='lat' dir='ltr'><strong>essemus,</strong></span> <span class='ocrx_word' id='word_1_109' title='bbox 1152 1875 1313 1968; x_wconf 86' lang='lat' dir='ltr'><strong>proscri-</strong></span> 
     </span>
     <span class='ocr_line' id='line_1_16' title="bbox 244 1974 1319 2077; baseline 0.007 -29"><span class='ocrx_word' id='word_1_110' title='bbox 244 1976 387 2048; x_wconf 88' lang='lat' dir='ltr'><strong>bendos</strong></span> <span class='ocrx_word' id='word_1_111' title='bbox 405 1974 749 2073; x_wconf 85' lang='lat' dir='ltr'><strong>interficiendosque</strong></span> <span class='ocrx_word' id='word_1_112' title='bbox 763 1993 915 2049; x_wconf 80' lang='lat' dir='ltr'><strong>curaret.</strong></span> <span class='ocrx_word' id='word_1_113' title='bbox 931 1985 1077 2077; x_wconf 87' lang='lat' dir='ltr'><strong>Itaque,</strong></span> <span class='ocrx_word' id='word_1_114' title='bbox 1098 1981 1168 2053; x_wconf 91' lang='lat' dir='ltr'><strong>illis</strong></span> <span class='ocrx_word' id='word_1_115' title='bbox 1185 1983 1319 2055; x_wconf 87' lang='lat' dir='ltr'><strong>crude·</strong></span> 
     </span>
     <span class='ocr_line' id='line_1_17' title="bbox 245 2082 1319 2188; baseline 0.007 -31"><span class='ocrx_word' id='word_1_116' title='bbox 245 2088 377 2158; x_wconf 84' lang='lat' dir='ltr'><strong>lissime</strong></span> <span class='ocrx_word' id='word_1_117' title='bbox 393 2082 609 2166; x_wconf 81' lang='lat' dir='ltr'><strong>interfectis,</strong></span> <span class='ocrx_word' id='word_1_118' title='bbox 634 2110 711 2158; x_wconf 90' lang='lat' dir='ltr'><strong>non</strong></span> <span class='ocrx_word' id='word_1_119' title='bbox 727 2086 902 2158; x_wconf 89' lang='lat' dir='ltr'><strong>mediocri</strong></span> <span class='ocrx_word' id='word_1_120' title='bbox 915 2087 962 2158; x_wconf 88' lang='lat' dir='ltr'><strong>ab</strong></span> <span class='ocrx_word' id='word_1_121' title='bbox 977 2114 1023 2160; x_wconf 85' lang='lat' dir='ltr'><strong>eo</strong></span> <span class='ocrx_word' id='word_1_122' title='bbox 1041 2092 1150 2161; x_wconf 83' lang='lat' dir='ltr'><strong>ceteri</strong></span> <span class='ocrx_word' id='word_1_123' title='bbox 1163 2095 1319 2188; x_wconf 90' lang='lat' dir='ltr'><strong>proscri-</strong></span> 
     </span>
     <span class='ocr_line' id='line_1_18' title="bbox 245 2195 1320 2294; baseline 0.007 -28"><span class='ocrx_word' id='word_1_124' title='bbox 245 2199 381 2294; x_wconf 88' lang='lat' dir='ltr'><strong>ptionis</strong></span> <span class='ocrx_word' id='word_1_125' title='bbox 390 2209 427 2266; x_wconf 87' lang='lat' dir='ltr'><strong>et</strong></span> <span class='ocrx_word' id='word_1_126' title='bbox 436 2198 562 2266; x_wconf 89' lang='lat' dir='ltr'><strong>mortis</strong></span> <span class='ocrx_word' id='word_1_127' title='bbox 573 2209 673 2266; x_wconf 89' lang='lat' dir='ltr'><strong>metu</strong></span> <span class='ocrx_word' id='word_1_128' title='bbox 686 2195 927 2268; x_wconf 89' lang='lat' dir='ltr'><strong>terrebantur.</strong></span> <span class='ocrx_word' id='word_1_129' title='bbox 943 2201 1005 2268; x_wconf 84' lang='lat' dir='ltr'><strong>His</strong></span> <span class='ocrx_word' id='word_1_130' title='bbox 1014 2199 1125 2271; x_wconf 91' lang='lat' dir='ltr'><strong>rebus</strong></span> <span class='ocrx_word' id='word_1_131' title='bbox 1137 2202 1197 2271; x_wconf 80' lang='lat' dir='ltr'><strong>in⁹</strong></span> <span class='ocrx_word' id='word_1_132' title='bbox 1212 2227 1320 2274; x_wconf 86' lang='lat' dir='ltr'><strong>causa</strong></span> 
     </span>
    </p>
   </div>
   <div class='ocr_carea' id='block_1_3' title="bbox 243 2303 1375 2948">
    <p class='ocr_par' dir='ltr' id='par_1_3' title="bbox 243 2303 1320 2486">
     <span class='ocr_line' id='line_1_19' title="bbox 243 2303 1320 2412; baseline 0.005 -34"><span class='ocrx_word' id='word_1_133' title='bbox 243 2307 455 2404; x_wconf 83' lang='lat' dir='ltr'><strong>judicioque</strong></span> <span class='ocrx_word' id='word_1_134' title='bbox 478 2303 683 2402; x_wconf 84' lang='lat' dir='ltr'><strong>patefactis,</strong></span> <span class='ocrx_word' id='word_1_135' title='bbox 703 2309 770 2405; x_wconf 90' lang='lat' dir='ltr'><strong>qui</strong></span> <span class='ocrx_word' id='word_1_136' title='bbox 786 2321 859 2395; x_wconf 85' lang='lat' dir='ltr'><strong>est,</strong></span> <span class='ocrx_word' id='word_1_137' title='bbox 881 2309 946 2406; x_wconf 93' lang='lat' dir='ltr'><strong>qui</strong></span> <span class='ocrx_word' id='word_1_138' title='bbox 968 2308 1071 2379; x_wconf 89' lang='lat' dir='ltr'><strong>illum</strong></span> <span class='ocrx_word' id='word_1_139' title='bbox 1090 2309 1233 2384; x_wconf 84' lang='lat' dir='ltr'><strong>absolvi</strong></span> <span class='ocrx_word' id='word_1_140' title='bbox 1251 2337 1320 2412; x_wconf 92' lang='lat' dir='ltr'><strong>po-</strong></span> 
     </span>
     <span class='ocr_line' id='line_1_20' title="bbox 245 2411 630 2486; baseline -0.005 0"><span class='ocrx_word' id='word_1_141' title='bbox 245 2419 357 2486; x_wconf 79' lang='lat' dir='ltr'><strong>tuisse</strong></span> <span class='ocrx_word' id='word_1_142' title='bbox 369 2411 630 2485; x_wconf 82' lang='lat' dir='ltr'><strong>arbitraretur?</strong></span> 
     </span>
    </p>

    <p class='ocr_par' dir='ltr' id='par_1_4' title="bbox 244 2522 1375 2948">
     <span class='ocr_line' id='line_1_21' title="bbox 294 2522 1320 2627; baseline 0.006 -29"><span class='ocrx_word' id='word_1_143' title='bbox 294 2531 355 2598; x_wconf 80' lang='lat' dir='ltr'><strong>lx.</strong></span> <span class='ocrx_word' id='word_1_144' title='bbox 372 2530 492 2621; x_wconf 87' lang='lat' dir='ltr'><strong>Atque</strong></span> <span class='ocrx_word' id='word_1_145' title='bbox 514 2522 591 2596; x_wconf 85' lang='lat' dir='ltr'><strong>haec</strong></span> <span class='ocrx_word' id='word_1_146' title='bbox 608 2548 717 2622; x_wconf 87' lang='lat' dir='ltr'><strong>parva</strong></span> <span class='ocrx_word' id='word_1_147' title='bbox 734 2541 821 2597; x_wconf 91' lang='lat' dir='ltr'><strong>sunt</strong></span> <span class='ocrx_word' id='word_1_148' title='bbox 843 2554 852 2598; x_wconf 72' lang='grc' dir='ltr'>ε</span> <span class='ocrx_word' id='word_1_149' title='bbox 873 2530 1080 2623; x_wconf 83' lang='lat' dir='ltr'><strong>cognoscite</strong></span> <span class='ocrx_word' id='word_1_150' title='bbox 1100 2528 1259 2627; x_wconf 80' lang='lat' dir='ltr'><strong>reliqua3</strong></span> <span class='ocrx_word' id='word_1_151' title='bbox 1278 2547 1320 2604; x_wconf 90' lang='lat' dir='ltr'><strong>ut</strong></span> 
     </span>
     <span class='ocr_line' id='line_1_22' title="bbox 244 2630 1320 2734; baseline 0.005 -27"><span class='ocrx_word' id='word_1_152' title='bbox 244 2661 322 2708; x_wconf 88' lang='lat' dir='ltr'><strong>non</strong></span> <span class='ocrx_word' id='word_1_153' title='bbox 342 2630 538 2732; x_wconf 87' lang='lat' dir='ltr'><strong>aliquando</strong></span> <span class='ocrx_word' id='word_1_154' title='bbox 559 2632 845 2706; x_wconf 89' lang='lat' dir='ltr'><strong>condemnatum</strong></span> <span class='ocrx_word' id='word_1_155' title='bbox 869 2659 946 2706; x_wconf 87' lang='lat' dir='ltr'><strong>esse</strong></span> <span class='ocrx_word' id='word_1_156' title='bbox 963 2638 1226 2734; x_wconf 86' lang='lat' dir='ltr'><strong>Oppianicum,</strong></span> <span class='ocrx_word' id='word_1_157' title='bbox 1255 2639 1320 2712; x_wconf 82' lang='lat' dir='ltr'><strong>sed</strong></span> 
     </span>
     <span class='ocr_line' id='line_1_23' title="bbox 245 2742 1375 2844; baseline 0.004 -28"><span class='ocrx_word' id='word_1_158' title='bbox 245 2743 464 2844; x_wconf 81' lang='lat' dir='ltr'><strong>aliquamdiu</strong></span> <span class='ocrx_word' id='word_1_159' title='bbox 478 2744 698 2816; x_wconf 88' lang='lat' dir='ltr'><strong>incolumem</strong></span> <span class='ocrx_word' id='word_1_160' title='bbox 713 2742 821 2816; x_wconf 84' lang='lat' dir='ltr'><strong>fuisse</strong></span> <span class='ocrx_word' id='word_1_161' title='bbox 829 2746 1019 2816; x_wconf 88' lang='lat' dir='ltr'><strong>miremini.</strong></span> <span class='ocrx_word' id='word_1_162' title='bbox 1029 2747 1191 2818; x_wconf 91' lang='lat' dir='ltr'><strong>Primum</strong></span> <span class='ocrx_word' id='word_1_163' title='bbox 1199 2750 1319 2822; x_wconf 88' lang='lat' dir='ltr'><strong>videte</strong></span> <span class='ocrx_word' id='word_1_164' title='bbox 1365 2804 1375 2828; x_wconf 83' lang='grc'><strong>,.</strong></span> 
     </span>
     <span class='ocr_line' id='line_1_24' title="bbox 245 2855 1318 2948; baseline 0.003 -19"><span class='ocrx_word' id='word_1_165' title='bbox 245 2858 402 2930; x_wconf 90' lang='lat' dir='ltr'><strong>hominis</strong></span> <span class='ocrx_word' id='word_1_166' title='bbox 418 2855 616 2928; x_wconf 86' lang='lat' dir='ltr'><strong>audaciam.</strong></span> <span class='ocrx_word' id='word_1_167' title='bbox 639 2856 793 2926; x_wconf 89' lang='lat' dir='ltr'><strong>Sassiam</strong></span> <span class='ocrx_word' id='word_1_168' title='bbox 811 2857 850 2926; x_wconf 91' lang='lat' dir='ltr'><strong>in</strong></span> <span class='ocrx_word' id='word_1_169' title='bbox 870 2857 1140 2927; x_wconf 83' lang='lat' dir='ltr'><strong>matrimonium</strong></span> <span class='ocrx_word' id='word_1_170' title='bbox 1162 2856 1318 2948; x_wconf 86' lang='lat' dir='ltr'><strong>ducere,</strong></span> 
     </span>
    </p>
   </div>
   <div class='ocr_carea' id='block_1_4' title="bbox 247 3095 1320 4108">
    <p class='ocr_par' dir='ltr' id='par_1_5' title="bbox 248 3095 1320 3318">
     <span class='ocr_line' id='line_1_25' title="bbox 284 3095 1319 3162; baseline 0.001 -16"><span class='ocrx_word' id='word_1_171' title='bbox 284 3109 310 3158; x_wconf 71' lang='grc'><strong>4.</strong></span> <span class='ocrx_word' id='word_1_172' title='bbox 323 3097 498 3147; x_wconf 59' lang='lat' dir='ltr'><strong>nemnem&amp;</strong></span> <span class='ocrx_word' id='word_1_173' title='bbox 511 3097 561 3160; x_wconf 89' lang='lat' dir='ltr'><strong>Qui</strong></span> <span class='ocrx_word' id='word_1_174' title='bbox 573 3097 721 3162; x_wconf 72' lang='lat' dir='ltr'><strong>predixerat</strong></span> <span class='ocrx_word' id='word_1_175' title='bbox 730 3111 759 3144; x_wconf 88' lang='lat' dir='ltr'><strong>ac</strong></span> <span class='ocrx_word' id='word_1_176' title='bbox 803 3097 906 3144; x_wconf 72' lang='lat' dir='ltr'><strong>lionam</strong></span> <span class='ocrx_word' id='word_1_177' title='bbox 921 3095 1095 3154; x_wconf 57' lang='lat' dir='ltr'><strong>martirum</strong></span> <span class='ocrx_word' id='word_1_178' title='bbox 1104 3095 1199 3160; x_wconf 85' lang='lat' dir='ltr'><strong>populo</strong></span> <span class='ocrx_word' id='word_1_179' title='bbox 1213 3113 1278 3146; x_wconf 83' lang='lat' dir='ltr'><strong>rom.</strong></span> <span class='ocrx_word' id='word_1_180' title='bbox 1290 3113 1319 3147; x_wconf 86' lang='lat' dir='ltr'><strong>ae</strong></span> 
     </span>
     <span class='ocr_line' id='line_1_26' title="bbox 248 3173 1152 3242; baseline -0.003 -15"><span class='ocrx_word' id='word_1_181' title='bbox 248 3180 353 3227; x_wconf 82' lang='lat' dir='ltr'><strong>minatus</strong></span> <span class='ocrx_word' id='word_1_182' title='bbox 366 3187 418 3224; x_wconf 87' lang='lat' dir='ltr'><strong>erat</strong></span> <span class='ocrx_word' id='word_1_183' title='bbox 431 3192 457 3224; x_wconf 87' lang='lat' dir='ltr'><strong>ae</strong></span> <span class='ocrx_word' id='word_1_184' title='bbox 469 3177 601 3242; x_wconf 81' lang='lat' dir='ltr'><strong>Oppianici</strong></span> <span class='ocrx_word' id='word_1_185' title='bbox 614 3193 703 3225; x_wconf 71' lang='lat' dir='ltr'><strong>nou</strong></span> <span class='ocrx_word' id='word_1_186' title='bbox 717 3175 759 3224; x_wconf 83' lang='lat' dir='ltr'><strong>de·</strong></span> <span class='ocrx_word' id='word_1_187' title='bbox 804 3175 898 3222; x_wconf 80' lang='lat' dir='ltr'><strong>senatui</strong></span> <span class='ocrx_word' id='word_1_188' title='bbox 910 3190 936 3220; x_wconf 84' lang='lat' dir='ltr'><strong>se</strong></span> <span class='ocrx_word' id='word_1_189' title='bbox 946 3173 1073 3222; x_wconf 81' lang='lat' dir='ltr'><strong>tradidiaee</strong></span> <span class='ocrx_word' id='word_1_190' title='bbox 1083 3174 1152 3224; x_wconf 82' lang='lat' dir='ltr'><strong>dicit.</strong></span> 
     </span>
     <span class='ocr_line' id='line_1_27' title="bbox 249 3253 1320 3318; baseline 0.002 -14"><span class='ocrx_word' id='word_1_191' title='bbox 249 3259 365 3306; x_wconf 84' lang='lat' dir='ltr'><strong>laturum.</strong></span> <span class='ocrx_word' id='word_1_192' title='bbox 842 3271 865 3314; x_wconf 78' lang='lat'><strong>7.</strong></span> <span class='ocrx_word' id='word_1_193' title='bbox 879 3256 993 3317; x_wconf 67' lang='lat' dir='ltr'><strong>Quattuor</strong></span> <span class='ocrx_word' id='word_1_194' title='bbox 1006 3253 1083 3300; x_wconf 83' lang='lat' dir='ltr'><strong>viror.</strong></span> <span class='ocrx_word' id='word_1_195' title='bbox 1096 3253 1219 3302; x_wconf 76' lang='lat' dir='ltr'><strong>Dicuntur</strong></span> <span class='ocrx_word' id='word_1_196' title='bbox 1237 3257 1274 3318; x_wconf 86' lang='lat' dir='ltr'><strong>it,</strong></span> <span class='ocrx_word' id='word_1_197' title='bbox 1292 3267 1320 3306; x_wconf 89' lang='lat' dir='ltr'><strong>nt</strong></span> 
     </span>
    </p>

    <p class='ocr_par' dir='ltr' id='par_1_6' title="bbox 247 3331 1320 3634">
     <span class='ocr_line' id='line_1_28' title="bbox 285 3331 1320 3398; baseline 0.001 -15"><span class='ocrx_word' id='word_1_198' title='bbox 285 3337 308 3383; x_wconf 81' lang='lat'><strong>⁵.</strong></span> <span class='ocrx_word' id='word_1_199' title='bbox 332 3336 363 3398; x_wconf 83' lang='lat' dir='ltr'><strong>Q.</strong></span> <span class='ocrx_word' id='word_1_200' title='bbox 386 3332 486 3382; x_wconf 77' lang='lat' dir='ltr'><strong>Metelli.</strong></span> <span class='ocrx_word' id='word_1_201' title='bbox 506 3335 538 3382; x_wconf 84' lang='grc' dir='ltr'><strong>Τ.</strong></span> <span class='ocrx_word' id='word_1_202' title='bbox 556 3333 628 3381; x_wconf 79' lang='lat' dir='ltr'><strong>Livio</strong></span> <span class='ocrx_word' id='word_1_203' title='bbox 644 3344 759 3391; x_wconf 82' lang='lat' dir='ltr'><strong>anctore,</strong></span> <span class='ocrx_word' id='word_1_204' title='bbox 803 3331 862 3380; x_wconf 78' lang='lat' dir='ltr'><strong>alias</strong></span> <span class='ocrx_word' id='word_1_205' title='bbox 873 3331 1011 3390; x_wconf 81' lang='lat' dir='ltr'><strong>duumviri,</strong></span> <span class='ocrx_word' id='word_1_206' title='bbox 1024 3331 1084 3379; x_wconf 78' lang='lat' dir='ltr'><strong>aliae</strong></span> <span class='ocrx_word' id='word_1_207' title='bbox 1098 3334 1235 3394; x_wconf 74' lang='lat' dir='ltr'><strong>triumviri,</strong></span> <span class='ocrx_word' id='word_1_208' title='bbox 1247 3337 1320 3384; x_wconf 85' lang='lat' dir='ltr'><strong>aeriri</strong></span> 
     </span>
     <span class='ocr_line' id='line_1_29' title="bbox 248 3409 1319 3478; baseline 0.001 -18"><span class='ocrx_word' id='word_1_209' title='bbox 248 3419 281 3478; x_wconf 89' lang='lat' dir='ltr'><strong>Q.</strong></span> <span class='ocrx_word' id='word_1_210' title='bbox 300 3412 415 3460; x_wconf 78' lang='lat' dir='ltr'><strong>Metellus</strong></span> <span class='ocrx_word' id='word_1_211' title='bbox 436 3412 493 3459; x_wconf 84' lang='lat' dir='ltr'><strong>Pina</strong></span> <span class='ocrx_word' id='word_1_212' title='bbox 512 3423 593 3477; x_wconf 77' lang='lat' dir='ltr'><strong>parter</strong></span> <span class='ocrx_word' id='word_1_213' title='bbox 614 3413 759 3474; x_wconf 86' lang='lat' dir='ltr'><strong>optimatum</strong></span> <span class='ocrx_word' id='word_1_214' title='bbox 804 3411 840 3475; x_wconf 83' lang='lat' dir='ltr'><strong>(h.</strong></span> <span class='ocrx_word' id='word_1_215' title='bbox 854 3427 876 3460; x_wconf 89' lang='lat' dir='ltr'><strong>e.</strong></span> <span class='ocrx_word' id='word_1_216' title='bbox 894 3427 936 3458; x_wconf 86' lang='lat' dir='ltr'><strong>aer</strong></span> <span class='ocrx_word' id='word_1_217' title='bbox 950 3409 1020 3472; x_wconf 84' lang='lat' dir='ltr'><strong>viri),</strong></span> <span class='ocrx_word' id='word_1_218' title='bbox 1035 3411 1159 3472; x_wconf 85' lang='lat' dir='ltr'><strong>octoviri;</strong></span> <span class='ocrx_word' id='word_1_219' title='bbox 1177 3414 1319 3464; x_wconf 86' lang='lat' dir='ltr'><strong>iierantin</strong></span> 
     </span>
     <span class='ocr_line' id='line_1_30' title="bbox 247 3490 1318 3559; baseline -0.002 -17"><span class='ocrx_word' id='word_1_220' title='bbox 247 3492 590 3559; x_wconf 48' lang='lat' dir='ltr'><strong>mormannum:</strong></span> <span class='ocrx_word' id='word_1_221' title='bbox 598 3490 699 3550; x_wconf 85' lang='lat' dir='ltr'><strong>habuit,</strong></span> <span class='ocrx_word' id='word_1_222' title='bbox 709 3507 761 3540; x_wconf 87' lang='lat' dir='ltr'><strong>non</strong></span> <span class='ocrx_word' id='word_1_223' title='bbox 803 3490 944 3554; x_wconf 77' lang='lat' dir='ltr'><strong>municipiis</strong></span> <span class='ocrx_word' id='word_1_224' title='bbox 963 3492 1134 3554; x_wconf 75' lang='lat' dir='ltr'><strong>magiamtua.</strong></span> <span class='ocrx_word' id='word_1_225' title='bbox 1157 3493 1202 3556; x_wconf 79' lang='lat' dir='ltr'><strong>qui</strong></span> <span class='ocrx_word' id='word_1_226' title='bbox 1226 3511 1318 3543; x_wconf 79' lang='lat' dir='ltr'><strong>summa</strong></span> 
     </span>
     <span class='ocr_line' id='line_1_31' title="bbox 248 3569 1147 3634; baseline -0.003 -11"><span class='ocrx_word' id='word_1_227' title='bbox 248 3575 326 3624; x_wconf 86' lang='lat' dir='ltr'><strong>multo</strong></span> <span class='ocrx_word' id='word_1_228' title='bbox 335 3583 390 3619; x_wconf 90' lang='lat' dir='ltr'><strong>ante</strong></span> <span class='ocrx_word' id='word_1_229' title='bbox 401 3572 429 3618; x_wconf 83' lang='lat' dir='ltr'><strong>L.</strong></span> <span class='ocrx_word' id='word_1_230' title='bbox 442 3569 515 3618; x_wconf 70' lang='lat' dir='ltr'><strong>Sulla</strong></span> <span class='ocrx_word' id='word_1_231' title='bbox 523 3569 658 3618; x_wconf 82' lang='lat' dir='ltr'><strong>victoriam.</strong></span> <span class='ocrx_word' id='word_1_232' title='bbox 803 3583 859 3616; x_wconf 83' lang='lat' dir='ltr'><strong>cnm</strong></span> <span class='ocrx_word' id='word_1_233' title='bbox 873 3580 993 3632; x_wconf 74' lang='lat' dir='ltr'><strong>potestate</strong></span> <span class='ocrx_word' id='word_1_234' title='bbox 1006 3583 1147 3634; x_wconf 69' lang='lat' dir='ltr'><strong>praeeunt.</strong></span> 
     </span>
    </p>

    <p class='ocr_par' dir='ltr' id='par_1_7' title="bbox 248 3647 1320 3954">
     <span class='ocr_line' id='line_1_32' title="bbox 285 3647 1319 3715; baseline -0.001 -13"><span class='ocrx_word' id='word_1_235' title='bbox 285 3655 312 3702; x_wconf 87' lang='grc'><strong>6.</strong></span> <span class='ocrx_word' id='word_1_236' title='bbox 329 3649 484 3700; x_wconf 62' lang='lat' dir='ltr'><strong>amanum</strong></span> <span class='ocrx_word' id='word_1_237' title='bbox 497 3659 587 3697; x_wconf 75' lang='lat' dir='ltr'><strong>testem</strong></span> <span class='ocrx_word' id='word_1_238' title='bbox 600 3649 653 3694; x_wconf 84' lang='lat' dir='ltr'><strong>iiac</strong></span> <span class='ocrx_word' id='word_1_239' title='bbox 667 3647 760 3696; x_wconf 87' lang='lat' dir='ltr'><strong>ratione</strong></span> <span class='ocrx_word' id='word_1_240' title='bbox 840 3648 865 3694; x_wconf 83' lang='lat'><strong>8.</strong></span> <span class='ocrx_word' id='word_1_241' title='bbox 881 3649 936 3711; x_wconf 83' lang='lat' dir='ltr'><strong>Quo</strong></span> <span class='ocrx_word' id='word_1_242' title='bbox 946 3661 1075 3712; x_wconf 76' lang='lat' dir='ltr'><strong>sequestre.</strong></span> <span class='ocrx_word' id='word_1_243' title='bbox 1089 3651 1169 3713; x_wconf 88' lang='lat' dir='ltr'><strong>Qneta</strong></span> <span class='ocrx_word' id='word_1_244' title='bbox 1180 3651 1319 3715; x_wconf 66' lang='lat' dir='ltr'><strong>niniam</strong></span> 
     </span>
     <span class='ocr_line' id='line_1_33' title="bbox 248 3727 1320 3793; baseline -0.001 -10"><span class='ocrx_word' id='word_1_245' title='bbox 248 3737 274 3783; x_wconf 88' lang='lat' dir='ltr'><strong>in</strong></span> <span class='ocrx_word' id='word_1_246' title='bbox 298 3732 449 3786; x_wconf 80' lang='lat' dir='ltr'><strong>Miloniana,</strong></span> <span class='ocrx_word' id='word_1_247' title='bbox 464 3745 518 3793; x_wconf 76' lang='lat' dir='ltr'><strong>cap.</strong></span> <span class='ocrx_word' id='word_1_248' title='bbox 534 3729 583 3787; x_wconf 76' lang='lat'><strong>23,</strong></span> <span class='ocrx_word' id='word_1_249' title='bbox 605 3727 760 3775; x_wconf 78' lang='lat' dir='ltr'><strong>innooemern</strong></span> <span class='ocrx_word' id='word_1_250' title='bbox 803 3737 828 3774; x_wconf 88' lang='lat' dir='ltr'><strong>et</strong></span> <span class='ocrx_word' id='word_1_251' title='bbox 849 3727 1005 3791; x_wconf 83' lang='lat' dir='ltr'><strong>interpretem</strong></span> <span class='ocrx_word' id='word_1_252' title='bbox 1027 3728 1193 3790; x_wconf 77' lang='lat' dir='ltr'><strong>adhibuerat,</strong></span> <span class='ocrx_word' id='word_1_253' title='bbox 1215 3743 1241 3780; x_wconf 88' lang='lat' dir='ltr'><strong>et</strong></span> <span class='ocrx_word' id='word_1_254' title='bbox 1263 3734 1320 3782; x_wconf 84' lang='lat' dir='ltr'><strong>ideo</strong></span> 
     </span>
     <span class='ocr_line' id='line_1_34' title="bbox 249 3805 1319 3870; baseline -0.01 -10"><span class='ocrx_word' id='word_1_255' title='bbox 249 3813 366 3860; x_wconf 86' lang='lat' dir='ltr'><strong>Milonem</strong></span> <span class='ocrx_word' id='word_1_256' title='bbox 376 3810 409 3858; x_wconf 90' lang='lat' dir='ltr'><strong>ob</strong></span> <span class='ocrx_word' id='word_1_257' title='bbox 418 3809 444 3858; x_wconf 93' lang='lat' dir='ltr'><strong>id</strong></span> <span class='ocrx_word' id='word_1_258' title='bbox 453 3811 555 3857; x_wconf 80' lang='lat' dir='ltr'><strong>manime</strong></span> <span class='ocrx_word' id='word_1_259' title='bbox 564 3823 615 3856; x_wconf 84' lang='lat' dir='ltr'><strong>eaae</strong></span> <span class='ocrx_word' id='word_1_260' title='bbox 624 3805 760 3865; x_wconf 82' lang='lat' dir='ltr'><strong>contendit,</strong></span> <span class='ocrx_word' id='word_1_261' title='bbox 803 3807 984 3870; x_wconf 76' lang='lat' dir='ltr'><strong>proscriptione</strong></span> <span class='ocrx_word' id='word_1_262' title='bbox 996 3808 1116 3870; x_wconf 79' lang='lat' dir='ltr'><strong>involvit,</strong></span> <span class='ocrx_word' id='word_1_263' title='bbox 1130 3821 1157 3862; x_wconf 88' lang='lat' dir='ltr'><strong>ut</strong></span> <span class='ocrx_word' id='word_1_264' title='bbox 1169 3811 1270 3860; x_wconf 84' lang='lat' dir='ltr'><strong>acelerit</strong></span> <span class='ocrx_word' id='word_1_265' title='bbox 1281 3813 1319 3862; x_wconf 87' lang='lat' dir='ltr'><strong>in.</strong></span> 
     </span>
     <span class='ocr_line' id='line_1_35' title="bbox 248 3885 998 3954; baseline -0.003 -16"><span class='ocrx_word' id='word_1_266' title='bbox 248 3891 316 3954; x_wconf 88' lang='lat' dir='ltr'><strong>qnod</strong></span> <span class='ocrx_word' id='word_1_267' title='bbox 332 3901 432 3954; x_wconf 78' lang='lat' dir='ltr'><strong>postero</strong></span> <span class='ocrx_word' id='word_1_268' title='bbox 446 3887 486 3936; x_wconf 87' lang='lat' dir='ltr'><strong>die</strong></span> <span class='ocrx_word' id='word_1_269' title='bbox 499 3904 576 3952; x_wconf 82' lang='lat' dir='ltr'><strong>quain</strong></span> <span class='ocrx_word' id='word_1_270' title='bbox 592 3885 760 3934; x_wconf 82' lang='lat' dir='ltr'><strong>insidiatorem</strong></span> <span class='ocrx_word' id='word_1_271' title='bbox 804 3885 852 3934; x_wconf 84' lang='lat' dir='ltr'><strong>dex</strong></span> <span class='ocrx_word' id='word_1_272' title='bbox 862 3885 998 3936; x_wconf 84' lang='lat' dir='ltr'><strong>tolleretur.</strong></span> 
     </span>
    </p>

    <p class='ocr_par' dir='ltr' id='par_1_8' title="bbox 248 3966 1318 4108">
     <span class='ocr_line' id='line_1_36' title="bbox 248 3966 1318 4030; baseline 0 -10"><span class='ocrx_word' id='word_1_273' title='bbox 248 3970 362 4020; x_wconf 86' lang='lat' dir='ltr'><strong>Clodium</strong></span> <span class='ocrx_word' id='word_1_274' title='bbox 377 3979 518 4026; x_wconf 82' lang='lat' dir='ltr'><strong>necaverat,</strong></span> <span class='ocrx_word' id='word_1_275' title='bbox 536 3967 605 4016; x_wconf 86' lang='lat' dir='ltr'><strong>nullo</strong></span> <span class='ocrx_word' id='word_1_276' title='bbox 621 3975 688 4013; x_wconf 84' lang='lat' dir='ltr'><strong>metu</strong></span> <span class='ocrx_word' id='word_1_277' title='bbox 704 3981 760 4028; x_wconf 88' lang='lat' dir='ltr'><strong>per-</strong></span> <span class='ocrx_word' id='word_1_278' title='bbox 834 3981 860 4028; x_wconf 81' lang='lat'><strong>9.</strong></span> <span class='ocrx_word' id='word_1_279' title='bbox 869 3967 900 4013; x_wconf 79' lang='lat' dir='ltr'><strong>In</strong></span> <span class='ocrx_word' id='word_1_280' title='bbox 908 3966 1318 4030; x_wconf 59' lang='lat' dir='ltr'><strong>reinclinans-Artium-</strong></span> 
     </span>
     <span class='ocr_line' id='line_1_37' title="bbox 249 4044 1280 4108; baseline 0.004 -12"><span class='ocrx_word' id='word_1_281' title='bbox 249 4047 435 4106; x_wconf 85' lang='lat' dir='ltr'><strong>territum,nulla</strong></span> <span class='ocrx_word' id='word_1_282' title='bbox 442 4049 589 4096; x_wconf 82' lang='lat' dir='ltr'><strong>conacientia</strong></span> <span class='ocrx_word' id='word_1_283' title='bbox 596 4044 758 4094; x_wconf 77' lang='lat' dir='ltr'><strong>exaniatatnm</strong></span> <span class='ocrx_word' id='word_1_284' title='bbox 799 4056 848 4093; x_wconf 85' lang='lat' dir='ltr'><strong>tar.</strong></span> <span class='ocrx_word' id='word_1_285' title='bbox 867 4044 894 4091; x_wconf 82' lang='lat' dir='ltr'><strong>tt.</strong></span> <span class='ocrx_word' id='word_1_286' title='bbox 905 4044 1001 4094; x_wconf 74' lang='lat' dir='ltr'><strong>Weisk.</strong></span> <span class='ocrx_word' id='word_1_287' title='bbox 1015 4047 1124 4108; x_wconf 78' lang='lat' dir='ltr'><strong>reposuit</strong></span> <span class='ocrx_word' id='word_1_288' title='bbox 1138 4047 1280 4100; x_wconf 72' lang='lat' dir='ltr'><strong>arbitretur.</strong></span> 
     </span>
    </p>
   </div>
   <div class='ocr_carea' id='block_1_5' title="bbox 0 0 1490 4682">
    <p class='ocr_par' dir='ltr' id='par_1_9' title="bbox 0 0 1490 4682">
     <span class='ocr_line' id='line_1_38' title="bbox 0 0 1490 4682; baseline 0 0"><span class='ocrx_word' id='word_1_289' title='bbox 0 0 1490 4682; x_wconf 95' lang='lat' dir='ltr'><strong> </strong></span> 
     </span>
    </p>
   </div>
  </div>
 </body>
</html>
