3020 4666
440 389 507 456 DE
530 389 671 458 LEGE
695 388 950 472 AGRARIA,
976 391 1003 458 1.
1186 388 1258 462 223

192 512 343 609 pionum
377 509 506 579 eximia
530 510 664 581 virtute
691 531 899 608 possessos:
923 522 1003 580 tum
1033 533 1121 582 vero
1141 511 1257 610 ipsam

191 634 349 691 veterem
373 619 628 715 Carthaginem
654 617 840 705 rendunt,
869 643 980 715 quam
1007 621 1045 690 P.
1072 617 1260 694 Africanus

190 729 365 802 nudatam
382 733 485 800 tectis
504 753 544 800 ac
567 728 768 814 moenibus,
788 734 862 800 sive
888 727 933 799 ad
959 729 1155 802 notandam
1175 735 1259 804 Car·
1304 787 1308 799 ,

191 839 471 935 thaginiensium
488 838 747 926 calamitatem,
762 839 836 909 sive
854 837 900 908 ad
919 836 1180 912 testificandam
1196 867 1262 912 no·

192 963 303 1020 stram
318 949 522 1032 victoriam,
539 948 613 1018 sive
632 947 676 1018 ad
692 945 852 1018 oblatam
870 947 1026 1046 aliquam
1039 951 1261 1048 religionem,

192 1058 237 1130 ad
256 1073 425 1130 aeternam
450 1057 645 1129 hominum
668 1061 884 1130 memoriam
909 1062 1184 1133 consecravit¹¹.
1200 1065 1263 1136 His

193 1168 394 1267 insignibus
417 1183 527 1265 atque
549 1165 674 1239 infulis
688 1169 831 1266 imperii
852 1167 1027 1258 venditis,
1046 1169 1180 1266 quibus
1201 1197 1261 1244 or-

193 1295 314 1352 natam
334 1277 437 1350 vobis
454 1279 608 1374 majores
622 1282 733 1350 vestri
746 1276 1007 1375 rempublicam
1024 1277 1261 1370 tradiderunt,

193 1387 323 1485 jubent
342 1411 404 1459 eos
423 1411 527 1485 agros
545 1388 688 1476 venire,
702 1411 795 1484 quos
809 1413 875 1459 rex
893 1387 1120 1461 Mithridates
1138 1391 1175 1461 in
1194 1395 1263 1462 Pa·

195 1497 390 1597 phlagonia
405 1552 415 1585 ,
433 1503 576 1585 Ponto,
599 1497 900 1596 Cappadociaque
927 1495 1138 1596 possederit.
1167 1501 1263 1570 llum

196 1608 349 1680 obscure
377 1606 601 1696 videnturu,
621 1631 736 1706 prope
758 1607 858 1680 hasta
884 1609 1079 1706 praeconis,
1095 1609 1263 1680 insectari

195 1723 259 1792 Cn.
273 1719 432 1816 Pompeii
447 1722 665 1805 exercitum,
685 1720 750 1815 qui
769 1719 892 1790 venire
911 1717 1065 1812 jubeant
1083 1741 1146 1790 eos
1163 1721 1262 1819 ipsos

197 1854 321 1928 agros,
340 1832 378 1899 in
396 1828 531 1926 quibus
549 1827 610 1900 ille
626 1831 734 1900 etiam
751 1851 851 1900 nunc
868 1827 1005 1900 bellum
1019 1843 1136 1927 gerat,
1154 1845 1263 1927 atque

196 1939 383 2012 versetur?

246 2054 308 2123 ΙΙΙ.
328 2055 406 2122 Hoc
423 2075 509 2122 vero
528 2048 733 2146 cujusmodi
753 2059 825 2136 est,
846 2046 947 2147 quod
968 2048 1047 2145 ejus
1067 2049 1265 2138 auctionis,

154 2171 156 2178 ’
198 2186 309 2260 quam
340 2164 585 2248 constituunt,
613 2160 735 2232 locum
767 2157 836 2232 sibi
869 2159 1032 2230 nullum¹
1062 2156 1266 2230 definiunt?

237 2389 277 2422 ιι.
292 2370 453 2421 consecraris.
462 2370 546 2420 Tertio
559 2369 625 2418 bello
634 2368 708 2418 l’uui-
751 2369 859 2424 mutum,
871 2375 947 2426 quum
957 2377 1023 2410 eme
1034 2373 1154 2426 repenset
1163 2361 1265 2413 Mithri·

199 2467 245 2512 co,
262 2453 289 2500 P.
309 2450 392 2515 Scipio
414 2449 544 2499 Africanus
566 2449 708 2497 AEmiliunus
751 2439 836 2500 &1⁸⁸2
849 2439 893 2489 filli
910 2440 1056 2490 fflmlone
1075 2453 1111 2490 ”t
1123 2459 1263 2508 oppreme-

199 2531 367 2595 cumg'mem
379 2529 530 2595 expugwit
542 2539 615 2592 nque
627 2528 709 2576 inm.
750 2519 966 2568 Vehemeutissimn
974 2536 1036 2568 rone
1044 2520 1083 2569 ille
1094 2521 1208 2570 insectari
1216 2524 1264 2572 uti·

200 2611 407 2675 ditragrumque,
427 2621 456 2658 ex
472 2608 555 2658 decern
572 2608 707 2672 legatorum
752 2609 805 2662 tur,
816 2617 863 2664 qua
870 2601 994 2649 tribunum
1002 2601 1071 2664 qnasi
1084 2601 1178 2650 bostem
1189 2603 1264 2652 alium

199 2693 328 2750 autentis,
349 2689 375 2738 in
395 2689 532 2753 publicum,
546 2689 670 2752 regionem
682 2687 708 2734 in
752 2695 854 2728 romano
862 2680 978 2728 exercitui
987 2681 1180 2742 infestissimum,
1195 2699 1265 2746 equs

199 2769 332 2835 provincia
350 2769 451 2817 sormam
474 2767 580 2832 redegit,
598 2778 623 2815 et
641 2765 709 2814 urbis
753 2759 915 2807 udhaereutem
925 2758 1039 2807 ostendit.
1054 2759 1181 2808 Forsenad
1190 2773 1265 2826 caput

199 2849 279 2897 solnm
291 2849 371 2913 ipsum
391 2849 549 2896 consecravit.
562 2847 654 2910 Magno
667 2861 710 2893 nu·
752 2837 829 2900 illud,
847 2837 934 2886 autad
954 2836 1000 2885 alie
1019 2851 1074 2900 quae
1087 2839 1264 2901 sequebantur,

201 2939 250 2978 tem
262 2927 351 2976 scelere
368 2927 456 2976 Rullus
471 2941 499 2973 er
521 2925 553 2973 ad
571 2926 709 2974 auctionem
754 2933 856 2982 qunque
867 2929 977 2981 tempore
987 2931 1120 2977 evanuere,
1129 2917 1266 2982 pertinebat

201 3007 710 3070 rendereaggressuserrt,quoeconsecratu
754 2995 825 3044 locut
844 2995 875 3043 αἱ)
895 2995 977 3045 Gellio
1000 3006 1124 3054 temtus,
1135 2995 1173 3044 his
1185 2997 1266 3047 verbis

202 3086 271 3134 nullo
285 3085 360 3135 modo
369 3085 498 3134 abalienari
507 3093 635 3148 poteraut;
645 3098 711 3131 nrm·
756 3086 869 3124 constans
877 3090 884 3124 :
893 3074 1026 3132 aPraedam,
1034 3075 1168 3134 manubias,
1178 3078 1267 3127 sectio·

202 3183 250 3230 que
262 3177 346 3215 sanctu
360 3181 387 3212 nc
400 3171 541 3212 consecuto
551 3161 608 3210 loco
619 3159 711 3208 nemini
756 3172 825 3213 nau,
847 3167 923 3204 casua
941 3153 1046 3217 denique
1066 3155 1112 3203 Cn.
1137 3157 1266 3222 Pompeii,

203 3247 238 3294 fas
250 3257 300 3294 erut
312 3242 413 3293 aedilicia
422 3241 553 3299 metrone.
569 3239 608 3289 rel
619 3238 711 3288 cultum
755 3233 854 3282 sedente
873 3234 1031 3298 imperatore,
1052 3231 1182 3284 decemviri
1204 3253 1265 3286 ven·

202 3326 332 3389 adhibere,
346 3324 385 3374 vel
398 3340 425 3372 ee
438 3320 612 3388 quovismodo
625 3321 712 3367 immu-
757 3314 843 3363 deut».
859 3315 930 3362 Unus
942 3325 968 3362 et
980 3312 1040 3360 ulter
1058 3313 1131 3376 huJus
1148 3315 1266 3366 orationis

204 3415 262 3454 ture.
755 3402 1025 3459 pannusrepertnssst‚
1036 3393 1265 3458 quiquumnulhm

242 3499 282 3533 ru.
304 3485 370 3532 Num
396 3482 498 3532 obscure
519 3479 644 3530 videntem.
667 3477 712 3528 llis
755 3474 835 3524 sedem
844 3473 987 3532 habenam
996 3475 1085 3523 calcem
1099 3477 1176 3525 totius
1184 3481 1267 3544 operis

204 3561 285 3610 serbis
294 3578 375 3611 rursus
387 3561 517 3627 caeperit,
529 3575 583 3624 quie
592 3557 639 3606 ribi
653 3572 711 3622 pro-
757 3571 812 3604 cum
824 3555 964 3618 fragmentis
976 3553 1029 3602 aliis
1046 3563 1082 3603 est
1095 3555 1236 3606 collocatus.

204 3640 285 3704 posite
302 3653 369 3690 mant
386 3657 399 3689 ι
417 3639 554 3707 principio;
571 3637 712 3702 Pompeium
792 3637 838 3682 111.
852 3650 873 3681 ι.
886 3633 1031 3682 ἱοσιιηιείῠί
1043 3633 1142 3683 utillum.
1158 3635 1217 3684 llaec
1227 3635 1268 3684 de·

204 3719 299 3766 seilicet
310 3735 401 3767 summu
414 3720 500 3789 injuria
512 3719 609 3768 annuo
617 3717 712 3774 vexari,
756 3714 916 3762 cemvirorurn
924 3711 1172 3778 agendiratio‚qnaur
1178 3713 1267 3773 iniuste

204 3813 282 3862 quum
303 3797 338 3844 illi
358 3798 405 3862 ipsi
422 3799 472 3862 agri
493 3798 566 3846 vendi
581 3797 714 3858 jubeantur
757 3795 895 3842 auctionem
904 3791 1091 3850 constituerent,
1103 3792 1267 3854 demonstrat,

206 3878 231 3924 in
243 3875 331 3940 qussrus
345 3875 436 3924 bellurn
447 3875 527 3924 adhuc
539 3887 614 3940 gerat
628 3877 714 3940 Neque
758 3873 836 3937 quiin
850 3869 956 3918 tenebris
968 3880 992 3917 et
1004 3869 1046 3915 ubi
1056 3869 1152 3928 liceret,
1163 3870 1268 3922 rendere

206 3955 270 4004 euim
284 3955 331 4004 lrnl.
342 3957 394 4017 jun.
409 3954 497 4018 quibus
507 3955 592 4003 Cicero
603 3953 713 4002 consula·
758 3949 916 4000 decreverint.
939 3949 986 3996 Hic
1000 3959 1081 3995 antem
1095 3960 1177 3998 orator
1190 3953 1266 4000 uinxi-

207 4047 258 4082 tum
279 4035 363 4098 inivit,
382 4034 471 4083 bellum
496 4049 551 4081 cum
572 4032 714 4082 Mithridate
758 4047 821 4078 mam
836 4029 862 4077 iu
884 4026 982 4074 Rullum
1002 4025 1118 4074 invidiam
1137 4029 1264 4095 concitet,

206 4127 256 4162 erut
280 4115 424 4181 perlectum.
448 4113 558 4178 Namque
578 4113 627 4160 hoe
650 4128 714 4160 anno
758 4109 827 4175 qnod
839 4107 955 4172 praefatur
965 4121 1021 4153 eum
1035 4105 1060 4153 in
1072 4119 1152 4157 mente
1165 4109 1263 4162 datin..
