2962 4682
213 360 259 446 54
526 362 575 430 Μ.
601 361 639 428 Τ.
668 359 966 430 CICERONIS

209 484 313 559 istam
335 496 434 556 tuam
456 495 493 554 et
516 480 649 578 legem,
675 493 712 552 et
732 478 974 567 voluntatem,
1003 495 1041 554 et
1068 483 1286 556 sententiam

212 592 341 681 laudo,
359 591 747 688 vehementissimeque
758 589 983 690 comprob0;
1001 591 1132 666 deinde
1151 606 1187 666 te
1204 593 1288 664 hor·

215 718 290 790 tor,
308 717 367 791 ut,
382 712 552 774 auctore²
572 701 711 800 populo
730 725 903 791 romano,
921 727 1066 776 maneas
1081 705 1119 776 in
1140 720 1287 776 senten-

216 815 283 902 tia,
304 837 395 886 neve
413 812 629 910 cujusquam
644 811 717 882 vim
736 826 799 885 aut
817 813 932 884 minas
950 815 1194 912 pertimescas.
1215 816 1289 884 Pri·

216 947 319 998 mum
337 927 376 994 in
393 938 429 996 te
442 925 526 995 satis
539 947 615 996 esse
629 923 739 994 animi
756 923 1101 1022 perseverantiaeque
1115 923 1291 1011 arbitron

217 1033 349 1108 deinde
367 1058 482 1131 quum
504 1049 640 1108 tantam
662 1032 931 1104 multitudinem
945 1057 1030 1110 euru
1051 1047 1152 1106 tanto
1168 1033 1290 1105 studio

219 1143 344 1218 adesse
370 1143 577 1232 videamus,
604 1139 803 1242 quantam³
830 1167 930 1216 nunc
951 1145 1083 1216 iterum
1102 1147 1140 1216 in
1161 1141 1291 1216 eodem

220 1253 369 1326 bomine
387 1253 619 1352 preficiendo
639 1252 822 1341 videmus,
849 1252 939 1351 quid
958 1263 1028 1344 es‘t,
1046 1251 1149 1352 quod
1166 1266 1230 1325 aut
1247 1253 1294 1324 de

143 1453 147 1463 υ
221 1363 369 1453 rebam
385 1365 431 1436 de
447 1361 658 1462 perficiendi
679 1359 848 1436 facultate
873 1360 1104 1456 dubitemus?
1127 1369 1204 1461 Ego
1228 1387 1296 1438 au·

223 1490 316 1561 tem,
333 1473 514 1572 quidquid
529 1475 569 1542 in
590 1494 650 1544 me
670 1485 725 1542 est
742 1470 872 1559 studii,
892 1471 1049 1560 consilii,
1068 1471 1217 1554 latoris,
1238 1469 1295 1539 in-

224 1585 337 1682 genii,
354 1580 541 1680 'quidquid
566 1580 636 1652 hoc
654 1577 835 1654 beneficio
852 1581 978 1679 populi
998 1583 1157 1670 romani,
1186 1593 1297 1677 atque

226 1693 295 1766 hac
321 1706 499 1792 potestate
526 1692 712 1790 praetoria,
740 1689 921 1789 quidquid
947 1693 1178 1781 auctoritate,
1205 1689 1298 1776 fide,

229 1806 431 1880 constantia
451 1827 622 1901 possum;
640 1800 679 1872 id
697 1825 806 1872 omne
827 1799 872 1873 ad
890 1800 984 1874 hanc
1002 1827 1078 1872 rem
1100 1797 1299 1873 conficien-

231 1914 335 2002 dam,
355 1912 422 1986 tibi
439 1928 477 1986 et
494 1911 634 2011 populo
652 1935 804 1984 romano
822 1911 998 2010 polliceor
1018 1937 1060 1985 ac
1084 1910 1229 1984 defero:
1246 1925 1299 1982 te·

164 2119 167 2126 .
233 2038 383 2122 storque
402 2047 531 2094 omnes
551 2020 660 2110 deos,
686 2037 723 2094 et
735 2045 798 2094 eos
822 2024 999 2112 maxime,
1024 2025 1089 2121 qui
1115 2022 1202 2096 huic
1220 2022 1302 2092 loeo

233 2134 444 2232 temploque
475 2132 687 2231 praesident,
712 2133 776 2231 qui
800 2136 964 2206 omnium
991 2148 1132 2206 mentes
1154 2156 1303 2217 eorum,

231 2249 294 2344 qui
309 2243 355 2316 ad
369 2243 630 2342 rempublicam
644 2242 798 2331 adeunt,
819 2246 973 2320 maxime
987 2245 1226 2343 perspiciunt,
1244 2265 1303 2314 me

235 2355 306 2428 hoc
323 2379 442 2452 neque
462 2369 589 2452 rogatu
606 2353 723 2427 facere
749 2354 979 2452 cujusquam,
996 2379 1116 2454 neque
1140 2379 1216 2452 quo
1236 2358 1302 2426 Cn.

235 2467 395 2563 Pompeii
414 2467 564 2562 gratiam
582 2465 671 2538 mibi
687 2489 752 2562 per
772 2465 866 2540 hanc
880 2489 1023 2538 causam
1041 2465 1225 2538 conciliari
1240 2489 1306 2562 pu·

235 2591 328 2662 tem,
343 2601 463 2678 neque
482 2601 558 2672 quo
578 2575 667 2646 mihi
681 2600 726 2646 ex
743 2576 958 2673 cujusquam
971 2575 1224 2675 amplitudine,
1243 2589 1308 2646 aut

237 2683 401 2786 praesidia
414 2683 595 2781 periculis,
605 2697 666 2755 aut
679 2683 887 2779 adjumenta
896 2683 1122 2760 honoribns⁵
1132 2711 1307 2784 quaeram:

238 2809 430 2892 propterea
446 2793 546 2891 quod
566 2793 723 2892 pericula
740 2793 860 2884 sacile,
881 2795 1119 2869 uthominem
1141 2812 1309 2895 praestare

238 2917 400 3003 oportet,
418 2905 625 2978 innocentia
645 2908 730 2977 tecti
750 2905 987 3003 repellemus3
1008 2907 1168 2978 honores
1187 2922 1310 2978 autern

239 3040 360 3112 neque
378 3013 425 3086 ab
443 3042 539 3103 uno,
558 3039 678 3113 neque
696 3040 742 3093 ex
758 3014 828 3088 boo
846 3016 946 3108 loco,
965 3018 1029 3092 sed
1042 3017 1167 3090 eadem
1186 3032 1312 3088 nostra

239 3197 317 3234 ntum
329 3185 389 3234 dlelt
404 3186 495 3234 deeora.
507 3185 534 3234 lu
546 3171 645 3234 Cornel.
654 3212 690 3222 —
704 3189 754 3234 Vo·
836 3187 860 3236 5.
879 3189 984 3238 Testor...
999 3187 1132 3238 tonantes
1141 3203 1260 3252 qaeemrn.
1273 3189 1311 3234 De

241 3265 369 3317 (aetatem.
388 3269 444 3314 lloo
458 3264 528 3324 loeo,
543 3265 682 3314 eonsilium.
798 3267 880 3316 Tullio
893 3267 953 3332 qnid
963 3268 1135 3334 opinabimur?
1144 3269 1252 3316 Tantane
1265 3267 1311 3316 fuit

279 3345 578 3392 2.Auetore.Deleneore.
800 3359 886 3412 captus
896 3347 1034 3407 dementia,
1046 3359 1074 3396 ut
1083 3357 1170 3415 sponte
1180 3346 1313 3411 rempubli-

277 3425 301 3472 3.
312 3423 497 3473 Graev.et158.
509 3424 679 3482 Olim,rtorr...
689 3423 756 3472 vidt-
800 3443 853 3474 eam
873 3429 917 3475 uni
941 3429 994 3476 viro
1013 3428 1182 3478 submitteret?
1196 3431 1246 3476 Aut
1260 3443 1313 3474 ma·

243 3520 305 3554 mur.
319 3502 367 3552 Sed
388 3503 532 3567 interpolata
552 3503 604 3550 hnc
621 3518 674 3550 esse
692 3502 758 3551 idem
802 3507 915 3572 gentibus
922 3507 987 3554 itane
994 3507 1163 3564 initialensnr,
1174 3517 1202 3554 ut
1212 3506 1313 3570 patriam

243 3599 296 3632 nou
308 3582 360 3632 sine
373 3599 444 3632 musa
457 3584 600 3648 suspicatur,
610 3584 627 3630 J
630 3620 635 3630 .
647 3583 679 3630 V.
694 3585 757 3631 L-
802 3583 936 3632 inimicitiis
958 3585 1136 3649 posthaberet?
1157 3584 1243 3649 Culpa
1265 3601 1315 3633 sue

242 3662 413 3727 Prcrfiet'endo.
425 3665 565 3724 Exercitui,
579 3663 652 3711 bello.
803 3663 940 3729 suppuduit
958 3675 1009 3712 turn
1025 3681 1102 3728 quum
1121 3664 1228 3712 levitatis
1243 3675 1316 3712 tantae

279 3750 305 3800 t.
320 3743 400 3791 Dere·
414 3744 451 3792 De
465 3745 598 3792 tantoriro
618 3738 756 3804 deligendo.
803 3744 855 3807 ipse
873 3759 956 3806 poenas
975 3743 1064 3800 lueret,
1086 3755 1112 3792 et
1125 3743 1186 3790 falso
1204 3743 1270 3790 illam
1284 3744 1316 3790 etl

240 3825 322 3871 -De
332 3823 478 3890 perficiendi
480 3823 617 3888 facilitate.
628 3823 712 3884 Quum
726 3835 757 3866 ex
803 3823 915 3872 tribunos
926 3823 1048 3886 relegavit.
1061 3823 1170 3888 Philipp.
1183 3825 1233 3881 x1,
1244 3839 1267 3871 o.
1280 3825 1315 3870 8:

240 3919 334 3954 summa
345 3905 431 3968 populi
439 3905 532 3952 romani
540 3901 757 3967 frequentinum·
802 3905 862 3950 «De
881 3899 930 3952 Cn.
951 3903 1062 3966 Pompeii
1083 3903 1205 3966 imperiis,
1227 3903 1315 3950 summi

240 3997 330 4044 tuoque
343 3983 396 4042 ejus
407 3983 502 4043 studio,
515 3983 575 4048 quid
594 3981 624 4028 de
641 3977 754 4042 promul·
801 3983 860 4038 viri,
873 3993 946 4045 atque
955 3982 1064 4030 ornninm
1077 3982 1211 4046 principis,
1223 3981 1317 4034 tribuni

239 4069 293 4128 gete
302 4060 354 4124 lege
365 4062 469 4124 sentiat,
482 4062 552 4112 heile
566 4063 737 4127 cognoscatur·
801 4061 880 4125 plebia
889 4061 1023 4115 turbulenti
1035 4061 1173 4112 tolerunto.
