2956 4676
356 403 549 473 orario
573 403 675 471 eno
702 352 742 470 l.
771 403 1052 476 cerauno.
1171 427 1237 502 ιη

160 523 322 623 judices,
343 523 380 595 id
400 522 502 622 quod
531 524 655 595 nescio
673 549 720 595 an
738 524 810 595 dici
830 538 1017 622 oporteat,
1043 525 1145 597 illum
1163 552 1242 600 ma·

160 635 300 730 jestatis
321 657 398 704 esse
414 631 647 722 damnatum
675 658 752 705 non
771 639 886 706 recito
903 637 1110 708 testimonia
1126 635 1242 712 homi-

162 768 255 814 num
280 743 636 829 honestissimorum,
659 769 741 841 quae
759 747 798 815 in
825 745 1011 816 Stalenum
1036 762 1123 818 sunt
1147 747 1242 822 dicta

160 850 210 924 ab
224 853 289 940 iis,
310 855 373 950 qui
386 857 436 924 M.
448 849 610 924 AEmilio³
630 853 827 926 clarissimo
842 856 937 944 viro,
955 855 1080 954 legati,
1101 872 1137 930 et
1149 858 1241 956 praess

161 961 266 1048 secti,
278 977 315 1034 et
325 961 463 1034 tribuni
480 962 651 1034 militares
665 961 815 1036 fuerunt
831 991 839 1034 :
856 990 1013 1062 quorum
1025 971 1241 1042 testimoniis

160 1073 314 1172 planum
331 1072 468 1146 factum
488 1089 560 1162 est,
583 1077 739 1166 maxime
758 1076 838 1172 ejus
855 1100 986 1174 opera,
1009 1102 1125 1173 quum
1143 1105 1240 1175 quae-

160 1200 240 1256 stor
260 1187 427 1274 esset,in
440 1187 602 1258 exercitu
623 1184 838 1259 seditionem
864 1213 940 1260 esse
963 1187 1165 1262 conflatam.
1183 1193 1240 1263 Ne

160 1296 222 1369 illa
240 1296 389 1394 quidem
404 1298 611 1370 testimonia
631 1301 767 1386 recito,
785 1323 866 1396 quoe
880 1298 973 1370 dicta
987 1313 1090 1387 suut,
1107 1299 1151 1371 de
1162 1304 1239 1398 HJS

161 1431 243 1494 ¹⁰03
280 1432 361 1505 quse
390 1408 450 1479 ille
477 1431 594 1507 quum
619 1409 812 1507 accepisset
836 1415 985 1482 nomine
1004 1408 1131 1504 judicii
1154 1409 1240 1483 Safi-

160 1519 262 1588 niani
272 1515 304 1606 ⁴,
337 1522 429 1589 sicut
462 1519 501 1589 in
533 1519 725 1617 Oppianici
753 1510 890 1616 judicio
918 1534 1061 1618 postea,
1089 1521 1239 1593 retinuit

159 1643 272 1727 atque
294 1632 503 1727 suppressit.
525 1633 666 1701 Omitto
691 1643 727 1700 et
756 1628 851 1713 haec,
882 1644 919 1702 et
945 1631 1013 1701 alia
1034 1630 1238 1728 permulta,

160 1763 244 1834 quae
270 1736 333 1808 illo
352 1738 492 1832 judicio
519 1739 558 1810 in
582 1739 767 1811 Stalenum
793 1739 1021 1812 dictasunt:
1045 1739 1117 1812 hoc
1134 1739 1239 1832 dico,
1290 1809 1292 1818 .

159 1846 327 1920 eamdem
344 1864 423 1920 tum
442 1847 551 1922 luisse
569 1854 606 1920 P.
628 1865 664 1923 et
681 1855 721 1922 L.
743 1847 958 1936 Cominiis⁵,
974 1850 1158 1949 equitibus
1175 1877 1239 1924 ro·

160 1959 298 2047 manis,
317 1958 581 2031 honestissimis
601 1959 830 2048 hominibus,
847 1976 884 2033 et
907 1959 1069 2049 disertis,
1095 1977 1239 2034 contro·

159 2072 311 2141 versiam
334 2095 418 2142 cum
450 2071 615 2159 Staleno,
644 2095 754 2169 quem
777 2071 1015 2159 accusabant,
1034 2097 1116 2170 quae
1138 2097 1238 2171 nunc

158 2180 250 2250 mihi
268 2195 323 2252 est
339 2207 424 2254 cum
438 2187 546 2254 Attio.
562 2182 717 2254 Cominii
729 2180 898 2254 dicebaut
916 2181 1033 2272 idem,
1049 2181 1150 2280 quod
1169 2207 1238 2281 ego

158 2289 243 2360 dico
258 2317 267 2360 :
284 2292 471 2364 Stalenum
487 2292 534 2364 ab
551 2295 755 2391 Oppianico
773 2296 966 2392 pecuniam
981 2297 1179 2391 accepisse,
1197 2309 1239 2365 ut

154 2399 337 2497 judicium
368 2416 639 2502 corrumperem
665 2403 833 2476 Stalenus
856 2402 1090 2476 conciliandae
1117 2403 1238 2500 gratim

157 2533 267 2582 causa
288 2535 326 2583 se
344 2513 525 2610 accepisse
545 2511 698 2584 dicebat.
719 2511 943 2585 Irridebatur
960 2513 1036 2586 haec
1057 2513 1153 2586 illius
1177 2537 1236 2586 re·

156 2618 384 2708 conciliatio,
411 2635 448 2694 et
471 2647 629 2720 persona
648 2623 716 2694 viri
747 2621 839 2694 boni
869 2637 1053 2720 suscepta,
1083 2625 1177 2694 sicut
1197 2625 1235 2696 iu

156 2733 286 2802 statuis
314 2733 513 2822 inauratis,
536 2757 626 2830 quas
652 2734 775 2831 posuit
796 2732 842 2803 ad
871 2729 1081 2805 tuturnae⁶:
1100 2732 1236 2829 quibus

156 2841 392 2940 subscripsit,
420 2866 530 2914 necas
551 2867 597 2914 aa
619 2867 658 2913 sa
683 2866 723 2912 m
746 2865 915 2914 enarrant
945 2834 1023 2914 esse
1043 2867 1234 2916 naoucros.

156 2951 444 3050 Exagitabantur
455 2977 583 3024 omnes
599 2951 677 3047 ejus
695 2948 841 3024 fraudes
854 2966 964 3049 atque
976 2950 1139 3040 fallaciae;
1158 2967 1235 3025 tota

194 3111 220 3160 3.
234 3107 391 3158 M.AEmr'lt'0.
403 3110 519 3174 Quicum
532 3111 566 3172 Q.
582 3108 673 3158 Catulo
717 3109 848 3170 majestatie
867 3125 935 3157 mum
952 3109 1040 3160 Cicero
1058 3108 1174 3159 defendit.
1194 3111 1232 3160 De

157 3190 204 3238 icit
216 3189 313 3237 consul.
325 3187 373 3238 Sed
383 3189 465 3236 verius
474 3187 576 3250 coniicit
585 3191 673 3236 Manu·
717 3188 755 3236 lais
768 3189 839 3252 plura
853 3187 906 3238 vid.
920 3189 946 3236 iu
960 3191 1030 3238 Brut.
1042 3199 1067 3236 et
1077 3190 1144 3254 apud
1154 3191 1232 3239 Asco-

156 3270 206 3316 riue
229 3267 387 3318 scribendum
408 3269 507 3318 ullam.
528 3267 629 3315 AEmilio
645 3289 674 3329 n,
716 3267 787 3316 nium
796 3267 822 3316 iu
830 3283 924 3331 argum.
934 3269 1094 3318 Comelimoe.

156 3351 191 3398 ita
205 3359 233 3396 ut
246 3349 280 3396 sit
291 3349 429 3395 Mamercus
442 3346 554 3396 AEmilius
567 3344 673 3410 Lepidus
753 3345 779 3396 6.
799 3347 841 3394 Ad
853 3351 975 3396 lutumoe.
994 3349 1090 3414 Nempe
1105 3348 1137 3396 ad
1154 3349 1231 3398 cedem

155 3428 287 3484 Livianus,
306 3427 350 3490 qui
367 3425 454 3476 consul
467 3441 533 3475 euno
544 3427 601 3488 670
617 3441 673 3473 cum
715 3426 844 3486 Jutumae,
857 3443 912 3490 quae
923 3427 1000 3475 Turni
1013 3444 1085 3476 soror
1097 3445 1171 3492 quum
1182 3441 1232 3484 stef

155 3509 189 3555 D.
207 3507 286 3554 Juuio
309 3506 402 3565 Bruto,
426 3515 451 3554 et
468 3520 534 3554 anuo
556 3517 673 3568 umente
717 3506 949 3568 gnisetlluminibus
957 3507 1105 3572 presideret,
1114 3509 1231 3572 templum

156 3583 292 3650 proconnl
303 3584 329 3635 iu
342 3583 412 3635 tutin
420 3583 507 3634 hebuit
517 3583 585 3632 huuc
598 3583 674 3634 Stale-
716 3586 743 3634 iu
753 3601 840 3651 campo
849 3587 942 3634 Martio
952 3586 1000 3636 eibi
1010 3585 1148 3636 dedicatum
1158 3587 1233 3636 hehe-

159 3680 222 3712 muu
233 3675 388 3727 quaterem
717 3663 768 3714 bat.
785 3665 883 3714 Servius
902 3677 984 3714 autem
1001 3664 1032 3713 erl
1050 3665 1145 3714 AEneid.
1163 3667 1231 3727 ΧΠ,

195 3751 222 3800 4.
234 3743 362 3808 Safiniani.
371 3743 581 3806 Quumjudicium
588 3741 675 3794 stom
721 3745 779 3808 139,
792 3747 922 3794 Jutumem
937 3745 1031 3792 sontem
1045 3745 1072 3792 iu
1087 3743 1157 3793 ltalia
1169 3743 1232 3794 salu·

156 3821 246 3872 Atella
283 3823 491 3888 corrumpendum
530 3826 674 3888 recepiant,
716 3822 1029 3884 benmeufutmeoeu‚
1041 3821 1232 3887 propelluviun

155 3917 212 3966 sup.
228 3917 282 3967 cap.
295 3903 339 3952 25.
507 3897 509 3900 ¹
569 3943 572 3956 .
717 3903 864 3962 Numicum
883 3916 978 3966 quocx
995 3902 1183 3950 tortellorum
1200 3901 1233 3952 ed

194 3983 218 4030 5.
236 3985 264 4030 P.
281 3992 306 4030 et
319 3984 349 4030 1..
367 3980 674 4033 contemnentium
718 3983 800 4034 omui·
815 3979 931 4030 sacrificia
947 3995 1010 4043 aqua
1029 3981 1112 4030 afferri
1129 3999 1233 4032 cousue-

155 4062 298 4124 spoletinus
310 4077 387 4126 eques
400 4077 463 4110 rom.
472 4061 600 4112 Ciceronis
613 4062 673 4110 ami·
718 4072 792 4112 verat.
806 4063 857 4124 Qui
868 4060 939 4123 plura
952 4058 1034 4118 volet,
1047 4062 1119 4112 adeat
1133 4063 1232 4112 certium

156 4155 200 4188 cas
212 4142 273 4200 suin
287 4157 339 4204 quo
352 4151 481 4190 accusante
490 4141 518 4191 C.
532 4141 673 4191 Cornelium
717 4141 757 4190 Ol.
766 4143 853 4204 lleyue
862 4139 1033 4189 excursumed
1041 4141 1138 4192 AEneid.
1147 4143 1204 4192 vu.
