3018 4664
437 363 1018 450 ununonluulutt,11.
1193 361 1264 434 303

242 493 350 560 XXX.
384 490 504 579 Quem
537 511 664 584 agrurn
693 512 793 559 nunc
822 499 1080 584 praetereuntes
1104 499 1262 558 vestrum

193 625 270 673 esse
289 600 425 688 dicitis,
449 615 485 670 et
511 623 620 696 quern
643 609 732 697 per¹
759 601 829 670 iter
856 602 918 695 qui
944 596 1099 680 faciunt,
1124 600 1264 669 externi

192 713 379 799 homineS‚
395 725 554 786 vestrum
570 734 646 781 esse
660 709 836 780 audiunt:
854 711 883 778 is
897 731 1012 806 quum
1029 708 1098 778 erit
1112 706 1264 798 divisus,

192 849 315 921 neque
330 827 414 911 erit,
429 846 551 920 neque
566 835 685 894 vester
700 845 777 892 esse
791 819 943 890 dicetur.
962 821 1084 914 Atqui
1099 817 1265 918 homines

192 931 457 1032 possidebunt?
477 933 598 1004 Primo
617 931 767 1029 quidem
786 955 903 1016 acres,
922 928 968 1002 ad
990 931 1064 999 vitu
1085 932 1266 1029 prompti,

192 1043 238 1115 ad
261 1043 475 1115 seditionem
498 1047 632 1140 parati,
660 1045 723 1139 qui
738 1039 874 1128 ,simul
901 1065 942 1112 ac
964 1038 1158 1112 decemviri
1180 1063 1267 1112 con·

192 1154 402 1251 crepuerint
415 1163 443 1242 ²,
466 1158 594 1224 armati
620 1154 656 1223 in
683 1155 803 1236 cives,
828 1167 865 1224 et
885 1149 1044 1248 expediti
1066 1149 1109 1220 ad
1133 1150 1267 1224 caedem

192 1286 269 1332 esse
289 1263 440 1360 possint.
470 1261 610 1334 Deinde
629 1259 676 1334 ad
697 1287 849 1360 paucos,
872 1260 1005 1360 opibus
1024 1275 1061 1332 et
1079 1253 1193 1359 copiis
1216 1261 1268 1333 ef·
1314 1345 1316 1352 y

192 1371 366 1461 fluentes,
385 1387 504 1444 totum
527 1397 653 1470 agrum
676 1376 900 1470 Campanum
921 1369 1071 1469 perferri
1087 1368 1266 1444 videbitis.
1364 1375 1375 1398 ²

192 1482 308 1556 Vobis
326 1485 484 1574 interea,
506 1486 571 1582 qui
592 1485 668 1555 illas
686 1510 706 1556 a
721 1483 917 1580 majoribus
932 1483 1192 1582 pulcherrimas
1210 1509 1270 1556 ve·
1296 1493 1298 1498 ’

192 1595 376 1689 ctigalium
402 1593 506 1668 sedes
531 1599 641 1668 armis
664 1611 785 1694 ceptus
812 1596 1016 1693 accepistiS‚
1040 1592 1146 1690 gleba
1169 1593 1269 1666 nulla

192 1702 239 1774 de
257 1707 418 1802 paternis
437 1720 547 1802 atque
565 1703 691 1778 avitis³
709 1704 1001 1803 possessionibus
1020 1705 1267 1803 relinquetur3

192 1838 234 1885 ac
249 1828 390 1886 tantum
404 1817 591 1888 intereritt
608 1819 702 1887 inter
716 1830 873 1892 vestram
893 1830 930 1887 et
947 1817 1171 1912 privatorum
1190 1813 1268 1885 dili·

192 1926 373 2022 gentiam,
398 1925 522 2024 quod,
549 1951 665 2024 quum
687 1953 708 1998 a
732 1926 931 2022 majoribus
952 1927 1085 1997 nostris
1108 1931 1145 1996 P.
1173 1931 1267 1997 Len·

192 2035 291 2107 tulus
303 2033 331 2124 ⁵,
346 2041 412 2134 ¹qui
433 2039 604 2136 princeps
621 2052 785 2124 senatuS‚
800 2038 838 2109 in
859 2062 900 2108 ea
919 2036 996 2108 loca
1010 2035 1142 2106 missus
1156 2049 1266 2122 esset,

192 2161 234 2218 ut
258 2151 416 2245 privatos
444 2173 548 2246 egros
560 2145 589 2237 ⁶,
609 2151 673 2246 qui
694 2150 732 2219 in
752 2146 939 2246 publicum
963 2152 1188 2244 Campanum
1213 2145 1266 2214 in·

192 2255 403 2345 currebant,
425 2260 578 2356 pecunia
595 2258 739 2357 publica
756 2274 957 2345 coemeret,
977 2256 1109 2327 dicitur
1131 2278 1265 2326 renun-

191 2369 316 2456 tiasse,
337 2369 437 2440 nulla
453 2393 491 2444 se
509 2371 662 2468 pecunia
681 2368 837 2440 fundum
859 2366 1045 2464 cujusdam
1067 2389 1187 2437 emere
1203 2389 1266 2463 po·

192 2556 302 2594 senatum
314 2547 468 2611 largitionem
479 2547 626 2613 appellarit,
636 2560 705 2598 utro·
751 2549 827 2596 suit».
839 2547 880 2596 Ad
895 2563 968 2611 quesn
983 2545 1066 2596 locum
1083 2543 1139 2592 vide
1153 2545 1189 2594 Cl.
1204 2545 1266 2592 Bur·

190 2635 240 2688 que
252 2625 308 2673 loco
319 2627 494 2676 convenienter
502 2627 653 2676 audientium
661 2644 705 2676 tu·
751 2627 834 2674 menni
848 2625 1039 2674 observationes.

192 2704 260 2752 ribus
272 2706 386 2755 serviens.
788 2709 812 2755 3.
827 2705 940 2754 Paternis
959 2702 1123 2769 atqueavieis.
1136 2705 1203 2766 Ques
1220 2719 1265 2768 pu·
1330 2707 1335 2722 ⁴

228 2784 313 2832 XXX.
327 2801 348 2831 r.
360 2783 456 2832 settin.
468 2785 520 2832 siue
529 2801 599 2833 ceusu
609 2785 659 2832 ullu
668 2785 707 2834 vel
750 2797 801 2835 tres
813 2786 902 2849 avique
912 2786 999 2842 vestri,
1012 2799 1063 2831 non
1077 2784 1206 2848 privatius,
1219 2783 1265 2832 sed

192 2864 352 2920 auctoritate,
372 2863 440 2911 addit
459 2880 526 2922 eum,
546 2877 574 2914 ut
596 2865 705 2928 legetur,
751 2866 852 2931 publico
868 2864 1021 2928 vectigalium
1034 2863 1135 2910 nomine
1149 2861 1264 2913 obtinue-

191 2957 281 3004 uquent
292 2959 336 3006 per
348 2959 403 2990 euru
412 2945 457 2992 iter
468 2944 512 3007 qui
522 2944 638 2992 feriunt».
652 2947 708 2992 Fru·
751 2957 820 2996 runt.

192 3029 241 3067 stra
250 3021 482 3071 marturianum.
497 3021 636 3084 cavilletur,
647 3034 707 3070 tam·
787 3029 813 3086 4.
829 3025 936 3071 Tantum
955 3021 1069 3070 intererit.
1088 3021 1159 3070 Adeo
1172 3039 1217 3070 vos
1236 3023 1266 3070 iu

192 3116 264 3163 quum
278 3100 312 3148 itu
326 3100 376 3148 diei
400 3116 451 3148 nou
466 3101 551 3164 possit.
565 3103 615 3149 Per
625 3114 706 3149 autern
750 3102 1018 3167 haereepn'vatorum
1032 3101 1157 3165 diIIgentit
1173 3113 1265 3152 eteuru

193 3179 280 3228 eodem
303 3197 375 3228 seusu
395 3181 485 3243 supIus
503 3191 634 3244 usurpetur
655 3197 706 3244 quo
751 3179 873 3230 distabitis
887 3181 912 3228 ir.
924 3196 949 3227 re
959 3181 1069 3227 familiari
1081 3179 1180 3228 tuende.

189 3273 298 3324 propter.
304 3259 363 3312 vid.
372 3258 495 3308 Dreke'ub.
505 3261 536 3308 ud
542 3262 591 3309 Tit.
601 3259 705 3318 Livium,
786 3260 811 3312 5.
831 3263 861 3308 P.
879 3259 1001 3308 Lentulus.
1018 3262 1045 3309 P.
1060 3259 1187 3309 Cornelius
1199 3261 1264 3310 Len·

192 3343 319 3400 XXVIII,
339 3345 388 3402 42,
408 3350 432 3389 et
450 3339 565 3389 Oudeud.
587 3340 619 3388 ud
636 3343 661 3389 II
675 3340 705 3389 de
749 3341 815 3390 tulus
839 3357 898 3388 avus
922 3339 969 3387 fuit
997 3340 1116 3400 Lentuli,
1141 3341 1183 3404 qui
1209 3357 1264 3388 euru

192 3419 249 3469 Nir.
262 3423 302 3483 57.
749 3421 852 3470 Catilina
864 3421 1016 3482 conjurarit,
1028 3421 1113 3468 consul
1126 3437 1191 3468 enno
1204 3423 1265 3486 591,

229 3515 255 3546 2.
280 3499 475 3565 Concrepuen'nc.
486 3501 587 3564 Signum
602 3499 704 3548 minimo
748 3501 864 3565 princeps
879 3511 975 3547 senatus
992 3515 1042 3546 non
1060 3501 1138 3548 multu
1154 3511 1212 3564 post
1227 3517 1265 3548 se-

193 3577 326 3641 digitorum
338 3592 380 3628 tut
391 3581 481 3645 pedum
495 3581 569 3646 pulsu
583 3580 703 3630 dederint.
747 3581 858 3629 cundum
881 3579 972 3628 bellurn
1002 3580 1133 3638 Punicum,
1159 3591 1264 3628 armatus

192 3657 269 3718 Quod
283 3659 314 3705 ud
326 3660 460 3723 augendum
480 3661 597 3709 invidiam
617 3671 653 3709 est
668 3659 705 3707 di-
748 3659 887 3710 Gracchum
895 3669 1072 3724 persequutus,
1086 3668 1109 3705 et
1121 3657 1165 3706 Μ’.
1178 3659 1268 3722 Aquil-

193 3737 388 3785 ctum:h0mines
397 3742 461 3786 enlm
471 3741 569 3804 superbi
576 3741 651 3789 servis
659 3741 705 3787 im·
748 3737 809 3788 lium
825 3738 1014 3806 repetundarum
1029 3736 1159 3784 accusavit.
1179 3739 1268 3784 Manu·

191 3826 306 3881 perantes
323 3817 446 3865 interdum
460 3817 592 3882 digitorum
604 3837 706 3868 concre-
749 3820 810 3868 tium
827 3829 880 3867 totu
893 3818 942 3866 hoe
957 3817 1015 3864 loeo
1030 3817 1146 3862 memorie
1161 3813 1263 3874 deiecit,

192 3897 248 3961 pitu
262 3895 412 3943 voluntatem
421 3897 597 3960 elgnifieubent.
612 3901 652 3947 Sin
661 3901 705 3948 Pe·
750 3900 793 3963 qui
814 3897 881 3946 hunc
904 3899 984 3961 ipsum
1007 3893 1118 3942 Catilinae
1139 3897 1265 3962 oopsciutu

194 3988 260 4024 trun.
280 3977 329 4024 vu
342 3975 545 4036 :uTrimelchi0,
560 3978 707 4042 lautissimus
750 3979 798 4036 eit,
818 3993 893 4040 quum
908 3976 990 4023 multis
1008 3974 1062 4021 eliis
1081 3973 1143 4021 locis
1166 3987 1267 4024 econtra

192 4057 268 4103 borno
282 4055 372 4120 digitos
385 4055 546 4119 concrepuit3
558 4057 706 4120 sthuodsi-
752 4057 850 4106 dixerit.

194 4149 268 4199 guum
282 4135 402 4185 metellum
413 4134 492 4201 spado
502 4135 599 4184 ludenti
613 4150 707 4201 suppo-¹
789 4139 814 4185 6.
829 4135 870 4186 tt.
878 4157 891 4178 α
902 4145 930 4183 ut
940 4152 953 4183 e
962 4133 1065 4200 privetis
1077 4150 1099 4182 e.
1111 4155 1122 4175 n
1132 4133 1157 4182 J.
1167 4135 1198 4181 V.
1213 4134 1241 4183 L.
