3026 4680
399 377 590 446 ORATIO
614 377 718 444 PRO
742 379 783 445 1..
810 369 1037 445 MURENA.
1183 373 1252 450 513

188 499 335 597 quidem
357 499 492 570 idcirco
522 499 613 569 nibil
640 502 680 570 in
704 497 803 570 hisce
824 475 933 568 rebus
959 497 1029 568 loci
1055 513 1129 587 est,
1151 502 1252 597 quod

189 613 311 682 omnia
331 609 408 681 laus
427 612 667 708 occupatum.

239 727 300 792 Vl.
324 721 561 792 Saltatorem1
586 717 745 819 appellat
770 723 810 789 L.
839 721 1029 788 Murenam
1056 721 1156 791 Cato.
1179 723 1255 794 Ma·

189 829 389 902 ledictum²
413 842 484 917 est,
503 831 533 900 si
551 855 634 901 vere
654 828 843 923 objicitur,
866 826 1089 900 vehementis
1109 855 1255 904 accusa·

190 945 295 1028 toris;
319 943 373 1010 sin
393 937 501 1028 fals0‚
522 940 685 1011 maledici
704 939 964 1010 conviciatoris.
992 942 1113 1031 Quare
1141 965 1255 1038 quum

190 1054 257 1122 ista
274 1053 320 1121 sis
339 1054 568 1138 auctoritate,
582 1075 658 1121 non
672 1047 802 1136 debes,
820 1052 868 1119 Μ.
878 1052 989 1134 Cato,
1005 1052 1164 1148 arripere
1178 1077 1254 1125 ma·

191 1161 363 1231 ledietum
379 1184 423 1229 ex
436 1161 544 1230 trivio
556 1175 639 1248 ,aut
655 1183 700 1230 ex
709 1182 912 1230 scurrarum
926 1158 1048 1255 aliquo
1058 1159 1258 1250 convivio³,

192 1294 313 1367 neque
342 1283 478 1340 temere
511 1268 698 1340 consulem
725 1268 853 1366 populi
881 1271 1024 1338 romani
1053 1267 1257 1342 saltatorem

191 1402 341 1464 vocare3
361 1377 423 1449 sed
439 1381 689 1476 conspiceret,
708 1377 843 1475 quibus
861 1390 1034 1475 preterea
1052 1379 1145 1450 vitiis
1170 1379 1258 1454 affe·

193 1503 293 1559 ctum
305 1513 381 1560 esse
396 1511 543 1560 necesse
556 1491 602 1560 sit
615 1513 718 1577 enm,
734 1489 795 1559 cui
806 1513 891 1559 vere
902 1488 997 1558 istud
1013 1488 1121 1584 objici
1134 1495 1258 1588 possit.

192 1604 309 1671 Nemo
327 1599 424 1670 enirn
452 1597 528 1670 fere
553 1599 658 1670 saltat
690 1597 855 1687 sobrius,
887 1601 957 1669 nisi
984 1598 1078 1670 forte
1105 1601 1261 1691 insanit,

194 1732 315 1805 neque
335 1711 374 1778 in
400 1708 614 1798 solitudine,
637 1733 757 1807 neque
771 1713 809 1779 in
826 1711 992 1780 convivio
1005 1709 1195 1812 moderato
1208 1727 1261 1785 at-

194 1843 267 1915 que
287 1818 453 1889 honesto.
468 1819 686 1918 Tempestivi
696 1820 851 1890 convivii
862 1817 897 1907 ⁵,
916 1823 1050 1890 amoeni
1066 1819 1154 1910 loci,
1167 1822 1261 1892 mul·

193 1943 313 1999 tarum
327 1928 536 2000 deliciarum
551 1953 672 2000 comes
691 1945 744 2000 est
763 1943 922 2001 extrema
938 1930 1087 2002 saltatio.
1103 1934 1157 2002 Tu
1172 1933 1263 2004 mihi

193 2042 319 2137 arripis
342 2038 404 2129 id,
430 2039 531 2137 quod
553 2065 699 2112 necesse
722 2053 776 2111 est
800 2043 964 2111 omnium
987 2042 1157 2113 vitiorum
1187 2067 1263 2116 esse

193 2164 418 2248 postremum
431 2177 440 2239 ;
458 2150 634 2248 relinquis
648 2151 726 2240 illa,
741 2149 876 2247 quibus
891 2156 1040 2222 remotis
1054 2150 1123 2222 hoc
1137 2153 1265 2234 vitium

194 2264 346 2330 omnino
356 2283 433 2332 esse
445 2286 520 2332 non
532 2275 661 2359 potest.
671 2259 820 2332 Nullum
832 2276 939 2358 turpe
952 2261 1171 2350 convivium,
1186 2287 1262 2335 non

195 2393 316 2457 amor,
346 2395 424 2442 non
457 2372 681 2459 comissatio,
710 2395 787 2442 non
818 2368 955 2457 libido,
982 2393 1058 2440 non
1094 2387 1262 2472 sumptus

227 2529 583 2594 rolausoecupuva'tDeAaia
593 2529 703 2579 defensio
784 2529 808 2578 3.
830 2529 941 2580 Convivia
960 2529 1097 2578 moderato.
1113 2529 1188 2592 Quod
1201 2541 1261 2580 tuuc

194 2609 309 2657 nimirum
322 2609 562 2674 splendida3neuupe
576 2613 704 2660 annuntio
747 2625 837 2658 scurras
855 2611 1021 2670 advocentur,
1038 2612 1081 2673 qtn'
1102 2610 1163 2658 salsa
1181 2619 1206 2659 at
1226 2613 1261 2659 la-

195 2706 250 2738 uem
263 2704 315 2737 nou
328 2687 404 2737 modo
420 2689 520 2752 refellit,
533 2689 575 2738 aad
596 2699 621 2738 et
632 2705 704 2740 aecn-
748 2698 802 2736 ceta
819 2689 908 2738 diunt.
924 2692 1019 2737 Frustra
1041 2689 1138 2737 Gruter.
1153 2705 1183 2738 aa
1196 2689 1259 2740 MSS

195 2769 315 2818 uteribus
335 2769 453 2816 invidiam
471 2770 574 2832 conflat,
589 2779 613 2818 at
628 2769 704 2838 gratia
749 2767 910 2816 «condeto».

195 2865 262 2897 reum
276 2849 378 2912 adauget
392 2849 513 2913 populari.
783 2847 808 2905 4.
822 2844 970 2908 Conspicuas.
986 2842 1091 2906 Quidam
1104 2845 1152 2909 lagi
1172 2847 1259 2899 volunt

230 2928 468 2975 V1.1.Saltatoram.
476 2925 705 2990 Fuitssltatioapud
749 2921 910 2971 considerare.
935 2921 1048 2971 Gulielm.
1068 2923 1255 2987 ctmumptcm.

195 3008 320 3054 Romanos
332 3006 395 3052 inter
403 3005 549 3069 turpissima.
561 3003 626 3052 vide
642 3006 704 3053 Cor·
748 3005 855 3051 Temere.

196 3083 254 3130 nelii
265 3084 367 3148 Nepotis
377 3084 543 3148 praelationeru
553 3083 705 3148 primumque
786 3081 812 3128 5.
829 3079 969 3144 stupestt'rt'
978 3078 1091 3138 marisii,
1099 3082 1189 3130 moeat'
1196 3082 1257 3146 lori,

196 3163 432 3228 cspAEpsminoudae
441 3163 705 3228 vitae.-Sputiutorem
749 3161 880 3208 multarum
899 3157 1056 3218 deliciarum,
1074 3170 1120 3210 etc.
1141 3162 1256 3227 legitim

196 3242 291 3290 inutilis
303 3251 338 3290 eat
347 3242 485 3303 conjectura
495 3243 522 3292 Ρ.
535 3243 623 3291 Pitboei
633 3243 706 3290 eus·
749 3238 892 3288 censebere
906 3249 956 3286 erat
968 3253 1049 3299 nous,
1063 3251 1091 3289 ut
1099 3253 1180 3290 narrat
1188 3245 1257 3293 Mer·

196 3322 265 3371 urob.
279 3321 376 3370 Saturu.
388 3321 426 3380 Π,
443 3335 483 3370 ιο.
749 3319 813 3368 tialis
824 3331 831 3365 ι
842 3319 946 3381 «Quum
956 3319 1026 3379 iubet
1038 3330 1176 3370 mundos
1193 3323 1257 3373 frau-

233 3419 257 3449 s.
269 3399 434 3450 Maledictum.
447 3401 533 3450 Cicero
551 3399 705 3448 maledictum
749 3413 806 3462 gere
826 3412 889 3444 nona
910 3407 1005 3446 turos».
1020 3399 1083 3461 Qua
1103 3402 1257 3467 igimfoem

196 3492 220 3528 et
232 3480 409 3528 arcuationem
425 3480 452 3527 in
463 3478 569 3528 Coeltaua
591 3479 706 3528 disseruit
751 3477 800 3525 diei
812 3477 1005 3542 temporalonge
1018 3489 1074 3527 ante
1088 3479 1172 3528 boram
1190 3497 1256 3530 susus

196 3561 234 3607 bis
256 3560 355 3608 verbis:
374 3559 473 3608 «Aliud
494 3569 530 3607 eat
543 3557 705 3618 maledicere,
750 3567 874 3621 eoeperaut
884 3558 968 3620 agitari
978 3559 1102 3618 convivia,
1116 3560 1257 3624 tempestiva

196 3637 631 3687 aliudaccussre.Accusatioarimen
643 3631 708 3684 tlesi-¹
750 3636 910 3695 dicebantur,
922 3637 1032 3700 quamvis
1047 3638 1074 3685 in
1095 3639 1195 3686 multam
1212 3654 1259 3688 rto-

197 3719 279 3777 derat,
293 3734 343 3765 rem
356 3729 384 3767 ιιι
404 3715 519 3776 deliniat,
538 3718 661 3766 bominem
679 3725 707 3763 ut
750 3725 813 3764 etam
835 3715 1042 3780 protraherentur.
1058 3717 1098 3764 Sie
1115 3717 1258 3768 Juseualis:

197 3807 280 3856 notet,
292 3807 435 3860 argumento
451 3797 553 3860 probet,
566 3806 627 3844 teste
645 3811 708 3843 con·
752 3793 850 3842 «Exsul
869 3793 900 3841 ab
919 3803 1005 3842 octava
1019 3797 1117 3844 rasum
1135 3795 1214 3856 bibit,
1235 3809 1261 3846 at

197 3875 285 3924 firmet.
304 3875 446 3924 Maledictio
461 3885 541 3924 antem
560 3875 622 3923 nibil
635 3874 709 3923 babet
752 3873 842 3921 fruitur
852 3872 995 3921 dislntisn.
1006 3873 1126 3922 Probroaa
1137 3876 1258 3924 erautisaa

196 3955 318 4022 propositi
332 3965 419 4019 preter
431 3955 600 4002 contumeliam
609 3989 616 4014 ,
624 3971 679 4018 quaa
687 3953 708 4001 si
738 3949 865 4000 :condivis
873 3984 881 4009 ,
890 3953 946 4013 quia
956 3951 1130 4015 cupiditatibus
1139 3953 1259 4006 lavabant.

197 4035 346 4100 petulantius
364 4035 466 4094 jactam:
481 4067 488 4091 ,
511 4033 669 4093 convicium,
687 4033 709 4080 si
752 4030 825 4081 Cous.
840 4030 870 4078 de
883 4031 936 4077 Seu.
955 4039 993 4087 rs.
1007 4031 1069 4079 Uale
1082 4032 1176 4096 aliquot
1188 4033 1262 4084 codd.

198 4113 314 4172 facetius,
327 4112 450 4160 urbanitas
459 4111 630 4160 nominatun.
752 4108 844 4158 etedd.
855 4107 1022 4173 intempestivi·

272 4202 335 4270 ΙΙΙ.
362 4213 589 4281 camum„
1097 4198 1142 4273 33
