3018 4664
237 357 309 444 mo
558 357 606 424 Μ.
633 343 671 424 r‘.
698 357 984 430 creauoms

231 477 385 577 jucundi
410 491 520 574 atque
553 475 710 548 illustres
736 491 822 549 sunt
838 479 864 548 ii
882 477 978 568 dies,
997 477 1133 576 quibus
1157 505 1305 555 conser-

234 617 376 680 vamur,
398 614 508 686 quam
531 587 602 676 illi,
630 587 767 686 quibus
797 589 1021 680 nascimur⁵;
1055 593 1158 690 quod
1182 593 1305 667 salutis

234 719 331 777 certa
349 702 471 774 laeritia
492 714 567 789 est,
590 699 762 772 uescendi
788 701 924 773 incerta
943 701 1124 794 conditio,
1146 719 1182 775 et
1204 705 1306 803 quod

234 819 311 886 sine
330 836 439 886 sensu
457 810 653 898 nascimur,
672 834 755 882 cum
771 810 960 910 voluptate
973 810 1181 884 servamur⁶
1197 843 1205 885 ε
1223 839 1305 912 pro-

235 925 352 1010 fecto,
373 922 547 1019 quoniam
575 919 700 1007 illum,
733 922 798 1018 qui
825 920 919 994 hanc
947 921 1102 995 urbem⁷
1123 925 1305 1014 condidit,

234 1031 452 1122 Romulum,
478 1030 524 1102 ad
551 1029 638 1102 deos
663 1026 908 1104 immortales⁸
926 1020 1171 1107 benivolentia
1192 1035 1304 1108 fama-

234 1170 307 1245 que
330 1142 561 1226 sustulimus,
587 1165 665 1212 esse
689 1141 788 1239 apud
815 1167 881 1214 vos
907 1157 1148 1242 posterosque
1166 1161 1305 1218 vestros

236 1260 273 1328 iu
292 1255 432 1326 honore
452 1250 601 1324 debebit
613 1253 643 1322 is
654 1263 682 1341 9,
703 1256 768 1347 qui
786 1250 948 1325 eamdem
965 1253 1060 1326 banc
1075 1255 1203 1327 urbem
1217 1281 1305 1328 cou-

232 1367 343 1440 ditum
355 1361 679 1462 amplificatamque
703 1367 867 1435 servavit.
891 1368 983 1436 Nam
1001 1368 1068 1436 toti
1090 1365 1193 1454 urbi,
1210 1380 1304 1438 tem·-

233 1477 359 1578 plis10,
378 1471 562 1561 delubris,
584 1477 687 1544 tectis
715 1497 757 1544 ac
777 1472 963 1546 moenibus
981 1474 1164 1572 subjectos
1190 1501 1304 1576 prope

232 1589 307 1683 jam
323 1643 329 1654 .
343 1587 444 1684 ignes
480 1583 798 1681 circumdatosque
830 1587 1087 1673 restinximus3
1121 1587 1304 1684 iidemque

234 1697 372 1797 gladios
401 1697 440 1766 in
469 1693 733 1794 rempublicam
762 1694 951 1767 destrictos
975 1696 1196 1785 retudimus,
1222 1723 1305 1769 mu·

234 1830 437 1904 cronesque
458 1828 584 1878 eorum
605 1805 776 1902 ajugulis
795 1807 922 1877 vestris
942 1805 1139 1902 dejecimus
1153 1819 1195 1878 ¹¹.
1215 1809 1304 1898 Quae

234 1918 409 2016 quoniam
432 1915 471 1984 iu
492 1929 619 1986 senatu
639 1914 871 2004 illustrata¹²,
900 1914 1095 2014 patefacta,
1118 1933 1304 2018 comperta

233 2115 282 2152 tres
292 2101 344 2151 dies
353 2101 582 2166 proprievoctntur
591 2099 642 2147 dies
651 2101 748 2162 sereni,
793 2101 925 2148 Romulum
948 2101 1016 2149 urbis
1044 2103 1199 2152 conditorem
1230 2103 1304 2153 fuisse

232 2183 388 2246 nubibusque
402 2191 426 2229 et
439 2177 558 2228 imbribus
573 2190 696 2238 carentem
712 2183 749 2228 uti
793 2178 934 2228 confirmate
947 2180 1082 2229 multorum
1099 2183 1237 2231 seculorum
1244 2199 1304 2233 cou-

232 2280 286 2311 nox
294 2259 489 2310 illrumisdicitur
499 2274 546 2323 qus
555 2259 613 2307 luna
624 2260 744 2325 splendet.
792 2273 864 2306 seusu
879 2259 964 2322 opinio
977 2268 1025 2320 est,
1035 2275 1115 2324 neque
1128 2271 1209 2310 tamen
1221 2261 1304 2312 defue-

232 2345 289 2392 Hoc
302 2340 358 2389 loco
373 2351 455 2389 sutem
476 2339 580 2387 illustres
601 2339 652 2387 dies
669 2350 744 2400 sunt,
790 2341 846 2384 runt
857 2337 977 2385 eretustis
983 2339 1143 2402 scriptoribus
1149 2341 1191 2404 qui
1200 2345 1304 2392 nomam

233 2438 296 2486 quos
306 2421 438 2484 quotannis
447 2419 480 2467 ob
490 2419 632 2468 memoriam
642 2421 745 2481 alicujus
790 2414 873 2463 multis
887 2415 960 2464 fuisse
972 2427 1028 2465 aute
1041 2419 1175 2467 Romulum
1188 2421 1301 2471 etatibus

232 2502 269 2550 rei
293 2499 440 2558 celebramus
462 2514 490 2544 ac
517 2498 629 2548 colimus.
653 2501 744 2548 Eorum
789 2493 1304 2566 ffloefeni·Qss⁸dfflVld⁰S⁰ll11ssmsP⁰ly

233 2579 321 2646 partim
335 2575 513 2638 suntjucundi,
523 2575 676 2642 utiiquibus
685 2580 745 2638 nati,
787 2571 845 2621 hlet-
859 2589 912 2637 cup.
932 2589 959 2622 e.

232 2661 274 2710 aui
287 2669 301 2706 e
317 2673 406 2720 magno
418 2657 527 2721 periculo
540 2655 634 2704 liberati
648 2673 744 2716 sumus3
826 2654 850 2700 8.
864 2652 909 2700 Ad
917 2652 977 2701 deos
987 2653 1145 2704 immortales.
1166 2657 1273 2706 llistoria
1289 2677 1304 2708 e

232 2739 332 2804 quidem
345 2737 417 2785 etism
430 2736 562 2796 acerbi,ut
579 2737 646 2802 opud
655 2737 744 2801 Virgil.
790 2731 860 2779 Livio
874 2741 900 2779 et
910 2732 964 2780 aliis
977 2743 1035 2781 note
1050 2744 1095 2782 est.
1110 2735 1220 2784 Ennius:
1231 2741 1303 2786 «Ro-

236 2820 358 2882 uJamque
372 2814 438 2879 dies,
456 2816 483 2864 ni
495 2817 578 2876 sullor,
591 2815 661 2865 udest
673 2833 745 2880 quem
790 2811 870 2858 muln!
890 2812 915 2858 in
930 2813 991 2861 caelo
1014 2829 1070 2860 cum
1092 2812 1140 2861 diis
1158 2818 1304 2880 genitalibus

140 2949 146 2960 ,
232 2903 327 2961 semper
340 2893 745 2959 acerbum,Semperboncruruns
789 2904 868 2937 aevum
881 2889 1305 2956 degit·.lliflaminemedjecitNu·

235 2978 289 3042 [sic
300 2977 326 3024 di
337 2973 465 3039 voluistis]
482 2975 603 3024 habebo».
617 2977 675 3024 Non
693 2976 745 3024 fru-
788 2985 841 3026 ωε,
854 2986 925 3034 quem
939 2972 1091 3034 Quirinalem
1105 2975 1210 3024 vocavit.
1229 2977 1303 3024 Iusti·

232 3068 282 3105 stra
291 3056 366 3120 igitur
375 3055 427 3102 lroec
435 3052 597 3120 duojueursdi
605 3066 680 3120 atque
690 3054 744 3103 illu·
787 3059 840 3096 tuti
854 3051 923 3098 etism
938 3051 997 3099 fests
1009 3052 1144 3113 Quirinalia
1157 3053 1238 3119 dicta,
1248 3072 1303 3121 quse

232 3147 291 3184 seres
304 3133 467 3194 conjunxerit.
492 3172 495 3178 .
788 3128 971 3177 celebrabantur
986 3132 1015 3179 13
1026 3131 1124 3180 kalend.
1137 3145 1208 3184 mart.

269 3215 283 3262 5
287 3247 292 3262 .
309 3213 400 3278 Quibus
411 3228 593 3273 conservamur,
607 3229 682 3278 quam
690 3212 742 3272 illi,
824 3223 848 3270 9.
855 3208 956 3256 Debebis
963 3207 991 3258 is.
999 3211 1030 3258 Se
1040 3211 1121 3276 ipsum
1130 3229 1186 3261 cum
1194 3215 1301 3266 Romulo

232 3293 318 3359 quibus
327 3291 461 3340 nascimur,
471 3292 582 3342 Natalem
595 3309 665 3341 mum
677 3293 743 3358 quia·
788 3287 861 3334 tacite
875 3287 969 3336 conferi
976 3323 984 3350 ,
1002 3288 1046 3338 ml
1064 3293 1098 3339 its
1115 3304 1144 3340 ut
1157 3293 1251 3342 nullum
1263 3312 1304 3342 ιι·-

232 3387 281 3437 que
291 3371 420 3436 quotannis
434 3371 553 3420 celebrere
568 3384 744 3436 consueverat,

232 3455 352 3515 etiamque
362 3451 465 3498 natnlem
474 3467 558 3500 eorum
566 3468 628 3517 quos
634 3452 743 3515 emebat,

232 3533 275 3580 sed
295 3541 320 3578 et
337 3545 379 3577 eos
402 3529 453 3578 dies
475 3530 602 3590 colebant,
621 3530 710 3596 quibus
730 3546 744 3578 e

163 3627 164 3634 ¹
233 3626 322 3674 magno
331 3609 414 3672 aliquo
425 3608 562 3658 discrimine
571 3611 648 3675 erepti
654 3611 745 3669 forent,

232 3704 260 3740 ut
267 3690 384 3738 Horatius
393 3687 508 3736 kalendas
517 3689 626 3750 martias,
636 3689 704 3752 qnod
713 3705 743 3736 eo

233 3771 272 3820 die
285 3785 342 3817 casu
353 3767 448 3816 arboris
461 3784 539 3833 prope
553 3768 692 3829 funeratus,
706 3777 744 3816 ta·

231 3866 288 3898 men
297 3859 417 3912 superstes
426 3849 512 3897 iuerat.
521 3846 585 3896 Vide
599 3847 643 3896 lib.
655 3848 708 3910 ΙΙΙ,
718 3848 743 3896 8.

267 3929 292 3975 6.
304 3927 363 3975 Cum
372 3927 499 3991 uolsrptate
506 3926 745 3976 semarnur.Al.eou·

231 4022 364 4056 servamur.
374 4008 399 4055 J.
410 4009 443 4055 V.
456 4007 482 4054 L.

269 4103 291 4146 7.
305 4083 378 4132 Illum
392 4083 436 4148 qui
448 4083 514 4133 barre
525 4085 608 4134 urbem
625 4083 744 4134 condidit.

788 3365 904 3430 rogantise
914 3368 1005 3417 crimen
1015 3369 1095 3418 subire
1104 3387 1175 3435 posse
1183 3372 1302 3422 videatur.

827 3461 868 3494 ro.
891 3445 972 3496 Totius
991 3449 1057 3498 urbis
1078 3451 1179 3515 templis.
1193 3453 1301 3502 Alteram

787 3523 916 3574 lectionem
927 3527 994 3576 dedit
1005 3530 1085 3578 va.
1098 3545 1111 3577 e
1122 3531 1193 3580 MSS.
1203 3533 1262 3584 J.v.
1272 3534 1301 3582 L.

826 3621 867 3655 rr.
881 3609 905 3654 A
910 3606 1005 3672 jugulis
1017 3609 1104 3658 vestris
1114 3609 1252 3676 dejecimus.
1261 3612 1303 3662 Al.

788 3681 920 3750 rejecimus.
933 3688 958 3734 J.
969 3689 1001 3735 V.
1017 3689 1047 3738 1..

826 3781 865 3813 ru.
876 3766 1009 3827 Illustrutu,
1020 3767 1158 3834 putrefacta,
1168 3751 1302 3835 comperies.

788 3848 886 3894 Inversa
897 3846 1016 3910 gradatio.
1024 3851 1086 3898 Nam
1096 3850 1202 3913 primum
1215 3851 1302 3900 Cicero

788 3925 925 3988 perniciosa
940 3929 1051 3977 Cutilinae
1060 3929 1183 3978 sociorum
1199 3930 1302 3979 consilia

789 4019 953 4070 compererat,
967 4006 1054 4056 deinde
1072 4010 1165 4058 senatui
1178 4010 1301 4075 patefece-

790 4095 837 4144 rat,
861 4085 965 4152 denique
977 4087 1147 4150 illustraverat,
1170 4089 1197 4139 id
1211 4101 1261 4152 est,
1275 4089 1302 4140 in
