3026 4680
561 396 958 469 ARGUMENTUM.
1214 394 1292 506 ,443

259 517 297 576 ab
306 515 486 576 atrocissimo
500 515 665 577 discrimine
683 533 797 580 serrata
811 520 850 578 sic
867 538 900 578 ac
920 517 1068 592 restituta,
1085 539 1189 597 capr.
1220 521 1293 580 lnde

258 616 354 675 vivida
366 629 396 674 et
409 616 555 674 luculenta
565 618 732 676 narratione
744 617 802 676 hoc
817 617 864 675 die
876 629 955 696 gesta
967 617 1132 696 singulatim
1147 616 1296 688 describit,

259 712 323 770 2-5.
347 711 460 771 Deinde
474 713 554 791 quod
567 726 682 773 senatus
696 714 860 786 censuerit,
876 713 1007 772 nondum
1023 707 1185 792 perscripto
1200 717 1293 788 scta,

259 831 295 870 ex
309 811 449 869 memoria
464 811 603 889 exponit3
622 813 654 870 in
668 813 769 891 primis
784 812 821 872 de
836 811 994 889 conjuratis
1013 812 1044 869 in
1058 810 1179 870 liberam
1195 825 1294 871 custo-

259 909 337 967 diam
360 908 493 980 traditis,
516 909 544 966 6.
576 915 680 988 ltaque
707 911 810 969 Cicero
838 911 981 989 populum
1004 909 1168 968 existimare
1191 907 1294 985 jubet,

258 1025 359 1065 omnes
380 1007 511 1066 Catilinae
532 1008 647 1086 copias,
673 1027 773 1066 omnes
794 1027 860 1087 spes
882 1021 969 1086 atque
989 1026 1077 1086 opes,
1103 1006 1150 1065 his
1166 1005 1294 1084 depulsis

258 1101 339 1162 urhis
355 1103 506 1182 periculis,
519 1103 692 1181 concidisse,
715 1129 744 1181 7.
768 1106 907 1183 Sequitur
927 1103 1207 1183 magnificentissima
1225 1102 1296 1162 deo-

257 1218 323 1257 rum
335 1198 483 1273 laudatio,
498 1219 625 1278 quorum
639 1213 712 1258 nutu
727 1219 760 1258 ac
774 1201 896 1258 consilio
908 1199 1004 1258 omnia
1018 1211 1098 1278 gesta
1109 1212 1190 1271 sunt,
1199 1211 1228 1258 et
1242 1200 1293 1278 qui

257 1297 299 1356 ita
317 1303 441 1356 Romam
460 1310 670 1371 servaverunt,
691 1310 724 1356 ut
739 1311 885 1376 tamquam
899 1296 1071 1356 administro
1084 1309 1195 1355 tantum
1208 1297 1294 1356 Cice-

256 1412 330 1452 rone
343 1394 402 1452 sint
418 1393 471 1452 usi.
495 1398 570 1452 Tum
585 1392 718 1472 prodigia
737 1393 795 1453 hoc
809 1394 874 1472 ipso
889 1412 966 1452 anno
984 1393 1064 1462 visa,
1084 1406 1145 1451 tum
1169 1393 1293 1450 maxime

257 1493 339 1550 lovis
352 1491 537 1550 simulacrum
546 1490 603 1549 hoc
612 1491 677 1570 ipso
692 1511 776 1549 mane
786 1511 823 1548 ex
832 1510 975 1570 augurum
987 1475 1100 1548 monitu
1110 1489 1139 1548 in
1148 1489 1292 1568 Capitolio

260 1601 399 1647 statutum
410 1594 734 1648 commemoratTotum
742 1589 820 1648 hunc
828 1589 884 1647 loc.
892 1609 952 1647 non
963 1588 1091 1647 oratorie
1101 1588 1195 1646 minus
1204 1607 1293 1666 quam

260 1685 376 1763 poetice
395 1693 512 1758 tractat,
531 1697 560 1744 et
576 1685 615 1743 ita
635 1685 705 1744 deos
718 1684 832 1743 inducit
846 1683 967 1754 Cicero,
983 1697 1016 1743 ut
1029 1686 1069 1742 eis
1083 1683 1203 1742 detectae
1220 1703 1292 1741 con·
1389 1709 1395 1721 ·

255 1781 410 1860 jurationis
420 1783 482 1841 laus
496 1783 600 1841 merito
610 1781 691 1861 apud
707 1783 849 1861 populum
861 1780 971 1840 tributa
984 1801 1046 1840 esse
1058 1781 1203 1852 videatur,
1220 1780 1249 1850 8,
1261 1801 1291 1857 9.

258 1882 429 1950 Postremo,
451 1878 581 1951 Quirites
593 1878 739 1952 hortatur,
753 1891 786 1936 ut
798 1878 1040 1958 supplicationem
1058 1877 1204 1937 decretam
1225 1897 1292 1936 cum

258 1973 430 2054 conjugibus
444 1995 477 2034 ac
488 1974 586 2034 liberis
599 1975 761 2050 celebrent,
779 1997 830 2050 ¹⁰3
843 1995 932 2054 seque
945 1976 1057 2034 nullum
1070 1976 1222 2054 praemium
1236 1994 1291 2054 pro
1329 2051 1331 2054 Ι

258 2073 345 2134 tantis
359 2073 445 2134 rebus
462 2074 548 2153 gestis
570 2086 764 2154 praeterquam
782 2075 868 2153 hujus
883 2073 941 2134 diei
955 2074 1123 2133 memoriam
1137 2074 1291 2152 sempiter-

196 2157 199 2162 ’
257 2189 325 2229 nam
340 2171 499 2249 postulare,
517 2171 675 2247 significat,
694 2191 746 2243 ¹15
762 2170 954 2249 hortaturque
968 2191 1034 2244 eos,
1052 2183 1085 2229 ut
1100 2170 1290 2250 provideant,

258 2287 296 2324 ne
306 2265 360 2326 sibi
368 2289 420 2327 sua
431 2269 506 2327 facta
520 2267 676 2346 aliqnando
690 2280 830 2342 noceant;
839 2281 987 2346 postremo
996 2288 1047 2327 eos
1056 2288 1139 2346 aeque
1148 2287 1181 2326 ac
1191 2268 1289 2346 priore

260 2377 345 2422 nocte
358 2375 434 2424 tecta
446 2364 583 2425 custodiis
597 2365 761 2445 vigiliisque
774 2364 931 2424 defendere
941 2364 1044 2443 jubet,
1062 2385 1109 2424 aa.
