3018 4664
250 379 320 475 αρε
570 381 619 448 n.
646 383 684 450 r.
710 380 993 453 ercnnorns

246 501 449 599 pugnacula
463 504 606 601 imperii
618 513 647 548 ¹¹
670 503 889 575 viderentur.
905 504 949 574 Hi
964 501 1146 574 deducent
1158 503 1321 577 colonias

245 613 283 682 in
297 637 360 683 eos
371 637 495 710 agros,
512 637 605 710 quos
619 616 784 684 emerint.
797 617 963 686 Etiamne
978 617 1006 685 si
1019 613 1227 712 reipublicae
1242 641 1319 688 non

245 723 432 820 expediat?
455 730 505 794 Er
524 749 563 794 nr
580 749 660 809 Qun
677 749 767 796 roes
786 748 977 796 numeneus
995 750 1199 797 vrueemun.
1219 727 1319 817 Quid

243 834 354 931 igitur
372 845 428 906 est
444 859 574 922 causte,
594 836 683 931 quin
703 835 882 906 coloniam
903 836 940 905 in
956 837 1161 906 Ianiculum
1177 841 1319 934 possint

243 945 443 1032 deducere,
469 961 505 1016 et
524 969 629 1016 suum
649 944 855 1042 praesidium
879 949 916 1016 iu
937 948 1055 1044 capite
1074 961 1183 1044 atque
1202 951 1317 1018 cervi-

138 1108 140 1114 .
244 1054 347 1126 cibus
361 1061 487 1127 vestris
502 1056 678 1127 collocare
690 1057 744 1126 ¹²?
760 1061 814 1128 Tu
830 1081 903 1127 non
918 1055 1084 1147 definias,
1103 1073 1195 1155 quot
1207 1056 1236 1101 ¹³
1254 1083 1317 1129 co·

242 1165 378 1252 Ionias,
402 1167 439 1236 in
464 1189 545 1263 quae
568 1166 662 1253 loca,
684 1191 759 1263 quo
779 1191 932 1237 numero
954 1167 1168 1238 colonorum
1184 1166 1316 1239 deduci

242 1276 353 1348 velis?
364 1291 403 1347 tu
413 1301 568 1374 occupes
579 1278 712 1365 locum,
723 1303 832 1376 quem
846 1273 1020 1348 idoneum
1032 1277 1077 1348 ad
1088 1280 1161 1348 vim
1174 1281 1203 1329 ¹⁴
1214 1283 1315 1348 tuam

239 1387 434 1483 judicaris?
456 1388 639 1487 compleas
657 1410 816 1458 numero
833 1384 888 1458 ¹⁵?
912 1386 1105 1459 confirmes
1127 1387 1314 1485 praesidio,

242 1523 319 1594 quo
336 1499 447 1572 velis?
468 1499 595 1597 populi
613 1501 755 1569 romani
771 1497 1006 1594 vectigalibus
1019 1492 1049 1539 ¹⁶
1070 1512 1180 1595 atque
1197 1498 1316 1566 omni-

240 1607 311 1680 bus
338 1612 451 1708 copiis
474 1612 592 1709 ipsum
617 1609 795 1707 populum
821 1633 1011 1678 romanum
1035 1607 1225 1678 coerceas?
1246 1630 1314 1703 op·

239 1723 396 1819 primas?
410 1721 551 1819 redigas
570 1724 608 1791 in
623 1722 726 1791 istam
742 1719 1016 1790 decemviralem
1032 1729 1060 1774 ¹⁷
1080 1717 1258 1792 ditionem
1272 1741 1315 1788 ac

239 1834 478 1929 potestatem?

287 1946 446 2013 XXVIII.
472 1947 521 2014 Ut
540 1965 625 2013 vero
641 1956 754 2011 totam
771 1939 910 2012 ltaliam
928 1940 1000 2010 suis
1020 1939 1193 2037 praesidiis
1212 1937 1312 2010 obsi·

238 2050 447 2150 deceatque
462 2074 640 2151 occupare
655 2054 807 2148 cogitet,
824 2075 965 2148 quasso,
980 2051 1160 2140 Quirites,
1178 2075 1312 2146 cogno-

237 2165 336 2234 scite.
358 2165 535 2235 Permittit
558 2163 785 2249 (lecemviris,
810 2162 908 2231 utin
931 2162 1075 2230 omnia¹
1100 2161 1310 2258 municipia,

236 2272 274 2342 in
290 2296 418 2344 omnes
431 2271 591 2352 colonias
605 2275 716 2342 totius
729 2271 837 2342 Italiae
847 2272 997 2341 colonos
1008 2269 1201 2356 deducant,
1217 2295 1311 2366 quos

236 2383 362 2472 velint3
381 2385 497 2480 iisque
512 2383 792 2478 colonisagrum
814 2381 891 2451 dari
904 2379 1019 2475 jubet.
1039 2385 1135 2452 Num
1154 2380 1310 2452 obscure

236 2499 394 2591 majores
417 2519 526 2594 opes,
551 2521 661 2596 quam
690 2495 835 2567 libertas
861 2511 978 2567 vestra
1001 2499 1076 2593 pati
1103 2509 1244 2592 potest,
1273 2509 1310 2568 et

233 2609 371 2702 majora
397 2609 563 2705 praesidia
587 2605 821 2706 queruntur?
852 2631 942 2676 num
969 2606 1125 2677 obscure
1154 2629 1308 2702 regnum

234 2721 490 2790 constituitur?
517 2745 605 2790 num
635 2718 790 2790 obscure
820 2716 965 2788 libertas
998 2729 1117 2788 vestra
1146 2717 1308 2788 tollitur?

232 2833 341 2918 Nam,
372 2856 487 2928 quum
515 2831 649 2902 iidem²
681 2853 826 2900 omnem
862 2829 1077 2926 pecuniam,
1111 2831 1307 2897 maximam

232 2942 524 3029 multitudinem,
540 2941 577 3012 id
596 2955 667 3029 est,
688 2953 800 3010 totam
819 2937 973 3023 Italiam,
997 2938 1071 3007 suis
1088 2934 1223 3035 opibus
1242 2935 1307 3007 ob-

271 3119 312 3152 11.
327 3103 519 3168 Propngnacnla
537 3101 638 3166 imperii.
651 3101 745 3148 Siculus
790 3111 892 3150 cueruut
913 3099 1044 3147 decemviri
1067 3097 1126 3146 olim
1150 3098 1305 3162 consulares,

230 3182 331 3231 Flaccus
342 3185 472 3230 maritimas
484 3183 554 3229 initio
567 3198 619 3229 esee
629 3179 746 3228 deductos
789 3180 866 3244 Appii
879 3179 989 3242 collegae.

230 3262 340 3310 eolonIas
350 3261 410 3309 dicit
418 3261 449 3309 ad
459 3261 574 3309 tuendam
584 3259 659 3308 Italiae
669 3275 744 3306 oram.
825 3259 946 3307 xxvm.
971 3275 992 3306 r.
1012 3259 1042 3305 In
1056 3256 1141 3304 omnia
1160 3257 1305 3322 mrrnieipr‘a.

270 3358 310 3392 η.
319 3342 361 3390 ΑΙ.
372 3341 467 3390 addunt
476 3341 578 3406 possint.
588 3343 613 3388 J.
624 3341 655 3388 V.
667 3341 694 3386 L.
788 3339 913 3387 Gracchos
923 3339 988 3386 enim
1002 3337 1106 3385 colonos
1119 3335 1189 3384 dedit
1201 3335 1308 3384 munici-

272 3423 312 3469 13.
324 3422 409 3469 Grtev.
424 3420 523 3468 Lallem.
536 3436 592 3484 qrro.
602 3421 627 3468 J.
638 3421 670 3467 V.
681 3419 708 3466 L.
789 3419 835 3482 piis
844 3418 896 3478 ,vel
904 3417 935 3464 ud
944 3416 1110 3480 supplendum
1121 3416 1213 3463 cis-ium
1223 3431 1307 3463 nurne-

270 3509 310 3558 14.
318 3501 361 3548 Ad
368 3499 551 3551 nimtuam.Ad
559 3497 744 3563 opprimendam
788 3513 857 3555 rum,
868 3496 907 3544 vel
917 3495 949 3542 ad
960 3495 1110 3543 coercendos
1121 3495 1251 3553 tumultus,
1263 3496 1308 3560 qui

230 3579 318 3644 populi
330 3597 391 3628 rom.
404 3579 555 3638 libertatem,
568 3579 667 3641 vimque
678 3577 699 3624 ei
711 3577 745 3624 b·
788 3575 891 3624 subinde
904 3575 1075 3622 nascebantur.

209 3703 213 3711 .
232 3659 351 3709 olendum.
826 3671 851 3704 a.
875 3657 955 3718 Quum
973 3653 1053 3700 iidem.
1072 3655 1157 3716 Quum
1171 3653 1308 3703 decemviri

268 3739 309 3787 15.
323 3740 440 3788 Numero.
453 3737 606 3789 Colonorum
615 3734 742 3783 -Prcesi·
788 3735 928 3782 immensam
941 3735 1052 3795 pennulae
1062 3733 1125 3792 vim,
1137 3747 1249 3796 magnum
1260 3735 1308 3782 ho·

230 3816 281 3866 dio.
294 3817 410 3867 Militum.
787 3813 881 3861 minum
895 3809 1092 3870 multitudinem,
1107 3827 1162 3875 qnae
1173 3822 1225 3860 tota
1236 3813 1308 3862 Italia

266 3896 308 3946 16.
330 3897 501 3961 Vectigalibns.
521 3898 573 3943 Hae
587 3905 653 3942 tanta
667 3909 743 3956 pecu·
788 3891 934 3946 continetur,
946 3889 1107 3948 obtinebuut3
1117 3907 1194 3955 quum
1208 3891 1309 3940 colonis

228 3975 360 4040 uir,quern
367 3974 556 4038 exveetigaIIum
564 3973 677 4021 auctione
687 3987 742 4019 coe·
786 3971 851 4031 istIs,
859 3981 980 4031 tamquam
991 3968 1137 4016 satellitibus
1144 3969 1234 4034 populi
1243 3988 1308 4018 rom.

229 4055 299 4117 geris.
786 4049 922 4096 libertatem
932 4063 1074 4112 oppressam
1086 4048 1247 4110 obsidebunt,
1257 4067 1307 4114 qua

264 4147 303 4191 ¹7·
323 4131 519 4180 Decemviralem.
541 4130 645 4193 Qualem
667 4143 737 4177 exer·
785 4128 880 4175 ratione
894 4141 920 4174 ee
935 4125 1140 4189 recuperabitur?
