3018 4664
224 381 294 468 tta
554 383 954 455 anouunuuuu.

259 515 350 560 semet
358 520 393 560 eo
402 500 486 562 brevi
494 516 649 563 venturum
659 506 823 584 pollicetur,
831 525 864 564 ac
875 503 975 582 paullo
982 515 1049 562 ante
1056 506 1165 581 legatos
1175 521 1212 563 ex
1221 506 1296 566 urbe

260 599 462 678 proficiscitur.
477 602 616 662 [catulus
627 622 693 660 cum
705 602 750 661 his
759 601 944 662 Vulturcium
958 599 1112 680 quemdam
1122 603 1294 661 Crotonien-

260 717 320 754 sem
335 697 442 769 mittit,
461 710 494 755 ut
505 696 677 778 Allobroges
695 700 795 778 prius,
810 718 898 778 quarn
912 697 1032 759 domum
1045 711 1213 777 pergerent,
1227 719 1294 758 cum

261 793 399 866 Catilina,
425 781 492 853 data
513 808 543 854 et
559 809 677 874 accepta
697 795 774 870 fide,
800 796 965 854 societatem
988 797 1201 854 confirmarent.
1228 801 1294 874 lpse

260 891 415 950 Vulturcio
426 891 524 950 literas
541 892 579 950 ad
593 892 745 952 Catilinam
760 892 822 950 dat.
834 892 887 952 His
901 890 989 950 rebus
1000 891 1041 951 ita
1054 893 1125 950 actis
1138 891 1294 952 constituta

258 1003 361 1061 nocte,
377 1007 435 1068 qua
446 990 709 1067 proficiscerentur,
723 989 837 1060 Cicero,
849 1009 903 1068 per
915 990 1024 1067 legatos
1039 1002 1142 1047 cuncta
1158 988 1294 1062 edoctus,

262 1089 298 1144 L.
320 1083 559 1145 Valerio'Flacco
573 1099 602 1144 et
618 1090 651 1146 C.
666 1085 822 1164 Pomptino
842 1082 1017 1164 praetotibus
1037 1086 1182 1164 imperat,
1211 1097 1244 1142 ut
1265 1085 1295 1144 in

259 1195 350 1260 ponte
365 1182 480 1240 Mulvio
489 1202 543 1260 per
552 1179 672 1242 iusidias
682 1181 875 1261 Allobrogum
891 1183 1046 1241 comitatus
1060 1181 1295 1261 deprehendant;

261 1299 322 1338 rem
335 1298 450 1338 omnem
465 1279 574 1358 aperit,
589 1279 671 1356 cujus
686 1279 779 1357 gratia
799 1279 1005 1351 mittebantur;
1023 1292 1133 1352 cetera,
1152 1279 1195 1338 uti
1218 1279 1295 1337 sacto

263 1397 338 1456 opus
351 1378 405 1451 sit,
420 1379 460 1444 ita
478 1391 573 1455 agant.
589 1379 730 1437 Homines
743 1378 897 1449 militares,
917 1378 979 1436 sine
993 1377 1138 1451 tumultu,
1152 1375 1296 1455 praesidiis

262 1475 427 1545 collocatis,
455 1475 540 1534 sicuti
561 1488 740 1554 praeceptum
762 1489 840 1546 erat,
864 1476 978 1533 occulte
998 1488 1119 1553 pontem
1144 1473 1296 1533 obsidunt.

261 1575 418 1650 Postquam
434 1572 472 1632 ad
486 1571 516 1629 id
530 1572 587 1631 loci
602 1572 688 1651 legati
704 1591 771 1631 cum
781 1571 936 1630 Vulturcio
949 1589 1054 1630 venere
1068 1584 1098 1629 et
1108 1571 1194 1630 simul
1206 1571 1298 1630 utrin-

261 1689 319 1746 que
332 1670 442 1728 clamor
454 1682 571 1728 exortus
582 1682 643 1743 est,
657 1670 747 1742 Galli,
762 1669 880 1746 cognito
894 1669 1032 1742 consilio,
1049 1669 1111 1728 sine
1125 1688 1207 1727 mora
1218 1687 1297 1747 prae-

263 1765 376 1825 toribus
388 1786 419 1824 se
435 1767 564 1826 tradunt.
581 1768 750 1825 Volturcius
763 1767 870 1844 primo,
880 1766 1050 1825 cohortatus
1064 1779 1187 1839 ceteros,
1200 1764 1297 1843 gladio

263 1881 294 1920 se
308 1881 325 1922 a
339 1862 523 1921 multitudine
537 1862 681 1935 desendit3
695 1862 781 1936 dein,
792 1861 844 1920 ubi
857 1883 874 1921 a
888 1862 989 1940 legatis
999 1861 1130 1921 desertus
1141 1874 1193 1936 est,
1208 1861 1298 1920 multa

265 1959 348 2040 prius
361 1959 399 2018 de
410 1960 503 2019 salute
518 1979 570 2018 sua
583 1962 771 2040 Pomptinum
785 1958 962 2034 obtestatus,
985 1958 1066 2037 quod
1080 1959 1107 2017 ei
1120 1972 1207 2018 notus
1221 1973 1298 2033 erat,

264 2069 412 2136 postremo
430 2056 564 2127 timidus,
576 2075 609 2115 ac
622 2059 689 2115 vitae
704 2056 855 2130 diffidens,
868 2057 958 2115 veluti
972 2054 1119 2128 hostibus,
1142 2075 1205 2115 sese
1220 2075 1299 2134 prac-

265 2152 378 2214 toribus
393 2153 482 2213 dedit.
506 2147 621 2227 Qumis
634 2153 724 2214 rebus
740 2154 879 2214 conlectis
893 2155 993 2212 omnia
1007 2172 1134 2232 propere
1148 2172 1203 2231 per
1223 2173 1299 2211 nun-

263 2252 318 2310 tios
333 2252 445 2312 consuli
460 2251 652 2312 declarantur.
667 2253 771 2312 Cicero
784 2251 872 2330 igitur
885 2251 985 2311 vocari
999 2250 1036 2308 ad
1049 2269 1112 2310 sese
1121 2247 1207 2329 jubet
1221 2255 1300 2310 Len-

265 2350 373 2422 tulum,
388 2349 561 2428 Cethegum,
584 2349 730 2410 Statilium
741 2347 989 2426 ,Gabiniumquc,
1003 2347 1131 2424 itemque
1143 2349 1299 2426 Ceparium

264 2446 519 2518 Tarracinensem,
536 2446 586 2524 qui
598 2446 629 2503 in
637 2446 775 2524 Apuliam
787 2444 824 2503 ad
837 2442 1011 2504 concitanda
1024 2443 1141 2503 servifia
1153 2443 1300 2522 proficisci

263 2541 394 2622 parabat.
411 2543 506 2622 Ceteri
523 2543 584 2600 sine
600 2560 682 2602 mora
696 2542 833 2614 veniunt;
847 2540 1007 2620 Ceparius,
1021 2539 1121 2618 paullo
1133 2553 1199 2598 ante
1211 2539 1298 2598 domo

265 2660 409 2720 egressus,
421 2641 538 2718 cognito
550 2639 672 2720 indicio,
686 2660 722 2698 ex
735 2638 810 2699 urbe
821 2641 999 2718 profugerat.
1012 2639 1121 2698 Consul
1133 2638 1300 2711 Lentulum,

266 2737 346 2817 quod
364 2751 474 2817 praetor
484 2751 564 2809 erat,
581 2737 643 2816 ipse
658 2755 745 2796 manu
759 2749 876 2805 tenens,
891 2737 921 2793 in
935 2748 1068 2795 senatum
1083 2734 1234 2814 perducit;
1250 2755 1300 2792 re-

267 2835 363 2914 liquos
376 2855 442 2894 etun
457 2832 626 2894 custodibus
638 2835 669 2892 in
683 2833 771 2892 edem
783 2831 954 2893 Concordiae
971 2834 1070 2891 venire
1088 2830 1182 2911 jubet.
1200 2835 1243 2890 Eo
1257 2851 1299 2890 se-

268 2945 368 2994 natum
385 2933 524 3001 advocat,
538 2951 699 3011 magnaque
717 2931 881 3008 frequentia
894 2930 958 3009 ejus
973 2929 1100 2999 ordinis,
1114 2929 1301 2988 Vulturcium

266 3051 332 3093 cum
346 3031 446 3110 legatis
458 3030 633 3101 introducit3
646 3028 782 3087 Flaccum
795 3041 951 3107 praetorem
962 3027 1100 3088 scrinium
1116 3046 1183 3085 cum
1193 3025 1300 3098 literis,

267 3149 339 3208 quas
354 3149 372 3189 a
388 3131 488 3208 legatis
502 3140 671 3208 acceperat,
696 3127 798 3186 eodem
814 3125 930 3186 adferre
939 3123 1032 3203 jubet.
1051 3124 1147 3184 Facile
1162 3123 1301 3201 conjura·

267 3227 354 3285 tionis
368 3227 515 3305 principes
529 3225 644 3285 indiciis
660 3239 690 3284 et
703 3225 793 3284 literis
808 3225 1040 3296 convincuntur,
1056 3225 1137 3300 quos'
1144 3233 1301 3300 postquam

269 3323 299 3380 in
315 3321 478 3382 custodiam
491 3322 566 3381 tradi
576 3323 662 3401 jussit
674 3334 806 3394 senatus,
818 3319 964 3380 indicibus
980 3319 1100 3397 praemiu
1110 3331 1140 3378 et
1152 3316 1302 3377 Ciceronis

269 3419 386 3478 nomine
407 3418 462 3478 diis
483 3419 694 3479 immortalibus
712 3418 886 3498 supplicatio
911 3416 1077 3476 decernitur
1098 3437 1105 3472 :
1136 3416 1187 3493 qui
1209 3417 1302 3472 honos

269 3529 335 3576 ante
355 3517 524 3577 Ciceronem
534 3530 635 3597 togato
650 3516 771 3596 contigit
786 3517 913 3587 nemini;
937 3528 1024 3592 atque
1039 3513 1095 3572 boc
1109 3533 1126 3572 a
1138 3511 1242 3571 ceteris
1254 3511 1303 3570 in-

272 3615 387 3688 terfuit,
405 3615 486 3694 quod
505 3631 608 3676 ceterae
621 3616 658 3675 de
672 3615 823 3697 republica
835 3615 911 3676 bene
926 3628 1021 3692 gesta,
1038 3612 1101 3673 haec
1113 3631 1172 3670 nna
1188 3629 1305 3670 conser-

270 3727 337 3774 vata
352 3713 501 3792 republica
515 3714 552 3773 sit
565 3715 730 3773 constituta.

255 3825 258 3834 ·
309 3813 470 3889 Postquam
482 3810 615 3870 dimissus
640 3824 775 3881 senatus,
798 3811 901 3868 Cicero
919 3809 974 3868 sub
994 3820 1110 3867 noctem
1134 3805 1306 3865 concionem

272 3907 375 3986 populi
390 3905 496 3978 habet,
511 3909 540 3965 in
561 3928 619 3985 qua
633 3927 694 3968 rem
715 3907 846 3978 ornnem,
869 3907 904 3965 de
920 3903 1306 3985 patefactistconjuratorum

272 4003 416 4075 consiliis,
429 4017 552 4064 enarrat.

312 4103 354 4158 hc
366 4100 462 4178 primo
472 4099 591 4178 quidem
601 4100 694 4160 sibiet
706 4101 819 4162 civibus
831 4101 994 4180 gratulatur
1004 4113 1116 4172 orator,
1124 4097 1202 4176 quod
1213 4100 1308 4156 Roma
