3018 4664
466 337 520 408 IN
544 339 584 406 L.
611 337 926 423 CATILINAM,
955 339 1001 406 [Ι.
1189 340 1260 434 417

202 463 348 560 reliquit
368 475 530 559 :quanto
543 460 686 534 tandem
699 461 802 532 illum
816 484 970 533 moerore
989 457 1163 532 afflictum
1184 485 1260 534 esse

202 579 239 647 el
258 570 485 669 profligatum
505 569 664 668 putatis?
682 575 779 641 Jacet
797 568 856 640 ille
873 593 972 640 nunc
985 571 1016 619 ¹⁴
1042 584 1260 668 prostratus,

201 683 379 772 Quirites,
390 689 434 752 'et
456 705 493 752 se
506 676 753 778 perculsum¹⁵
768 693 876 776 atque
895 678 1074 774 abjectum
1087 705 1162 751 esse
1178 705 1262 754 sen-

200 792 262 880 tit,
279 806 316 863 et
335 805 524 888 retorquet
532 789 656 862 oculos
670 786 832 887 profecto
848 789 995 887 saepead
1009 789 1103 861 hanc
1116 789 1261 884 urbem;

200 925 310 997 quam
332 926 376 972 ex
405 901 478 972 suis
507 896 715 972 faucibus¹⁶
744 913 904 997 ereptam
925 922 1001 970 esse
1028 899 1126 997 luget
1149 927 1158 970 ε
1181 925 1262 999 quae

200 1010 347 1107 quidem
366 1009 476 1082 laetari
490 1010 578 1080 mihi
590 1009 750 1096 videtur,
763 1006 864 1105 quod
876 1022 1011 1079 tantam
1025 1023 1164 1106 pestem
1180 1033 1262 1082 evo·

198 1121 331 1192 muerit
342 1127 387 1208 ¹⁷,
400 1118 569 1218 forasque
584 1120 790 1218 projecerit.

247 1235 293 1301 II.
316 1234 362 1302 At
378 1235 409 1302 si
427 1231 508 1328 quis
526 1245 582 1303 est
600 1229 725 1319 talis¹,
748 1227 873 1326 quales
888 1252 964 1300 esse
977 1253 1103 1302 omnes
1119 1246 1262 1328 oporte·

198 1338 304 1426 hat²‚
322 1339 444 1437 quiin
463 1339 533 1411 hoc
549 1343 651 1438 ipsu,
670 1341 709 1411 in
736 1364 812 1437 quo
835 1338 989 1411 exsultat
1011 1354 1047 1410 et
1062 1341 1262 1440 triumphat

199 1452 315 1521 oratio
328 1474 427 1538 mea,
449 1474 506 1524 me
521 1451 755 1522 vehementer
771 1463 933 1538 accuset,
955 1448 1056 1546 quod
1074 1465 1145 1521 tam
1165 1455 1261 1550 capi·

198 1558 305 1632 talem
328 1559 471 1632 hostem
494 1584 568 1632 non
589 1555 952 1658 comprehenderim³
977 1559 1123 1656 potius,
1148 1583 1259 1657 quam

197 1672 395 1759 emiserim
409 1696 485 1743 uon
503 1685 557 1743 est
575 1671 642 1742 ista
658 1695 737 1742 mea
753 1668 877 1767 culpa,
897 1669 1072 1760 Quirites,
1085 1668 1148 1739 sed
1166 1685 1256 1742 tem·

197 1805 339 1879 porum.
364 1777 653 1878 interemptum⁴
673 1803 749 1851 esse
773 1782 812 1848 L.
841 1779 1050 1866 Catilinam,
1070 1793 1106 1850 et
1127 1782 1259 1876 gravis·

195 1893 288 1962 simo
300 1890 478 1989 supplicio
491 1887 907 1985 allectum,jampridem
921 1887 1132 1986 oportebat3
1149 1889 1260 1988 idque

193 2025 216 2072 a
234 2024 291 2071 me
308 2015 344 2071 et
362 2025 442 2072 mos
456 2000 653 2094 majorum,
671 2012 706 2068 et
720 1996 831 2092 hujus
846 1999 986 2095 imperii
1000 1996 1208 2090 severitas⁵,
1223 2017 1260 2074 et

194 2108 398 2206 respublica
415 2105 633 2207 postulabat.
648 2106 718 2180 Sed
734 2132 843 2206 quam
859 2107 993 2182 multos
1010 2106 1139 2182 fuisse⁶
1155 2127 1257 2208 puta·

193 2295 326 2361 Allegoris.
350 2295 474 2362 signifieat
495 2296 560 2346 'euim
583 2295 651 2360 quod
671 2293 703 2344 ne
745 2297 818 2344 etiarn
831 2295 914 2346 landet
932 2312 1016 2345 eornm
1038 2299 1195 2362 seutentiam,
1209 2299 1255 2364 qui

194 2375 286 2424 Urbem
297 2376 412 2440 sanguine
422 2384 608 2440 eonspergeret‚
625 2375 703 2440 inspe-
745 2391 801 2422 euru
814 2372 918 2422 interfici
927 2374 1037 2424 debuisse
1046 2375 1174 2438 dicebant,
1185 2390 1209 2427 et
1219 2390 1256 2428 ts·

193 2453 309 2503 divimus.
745 2469 801 2501 men
813 2453 844 2501 rb
853 2455 920 2502 omni
932 2453 1117 2518 reprehensione
1124 2474 1149 2505 se
1160 2453 1255 2510 liberet.

234 2539 271 2589 rt.
290 2535 372 2581 (ἔην.
388 2531 485 2580 ballein.
500 2541 702 2596 «prostratusque
744 2528 803 2580 Tale
812 2531 875 2579 enirn
886 2531 1083 2582 dilemmssiferri
1093 2533 1207 2586 adversus
1214 2539 1256 2587 Ci-

192 2621 256 2660 ests.
269 2613 294 2660 J.
305 2612 337 2659 V.
349 2603 378 2660 b.
745 2627 857 2659 seronem
869 2621 966 2676 poterat
975 2625 982 2659 ι
991 2622 1032 2659 aut
1040 2613 1178 2675 conjurarit
1187 2618 1253 2667 Cati·

230 2691 269 2738 15.
281 2689 425 2738 Perculsum.
437 2689 570 2738 Peroellere
584 2693 619 2737 est
632 2703 703 2737 ever·
745 2683 807 2749 hur,
818 2700 860 2738 sut
873 2705 923 2738 non
938 2691 1091 2753 conjuravit3
1106 2693 1126 2741 si
1140 2696 1254 2758 conjura-

191 2781 241 2818 tere
252 2781 277 2818 et
289 2768 320 2818 sd
329 2780 417 2817 terram
432 2769 552 2831 dejicere,
563 2767 629 2817 unde
644 2784 702 2834 pro·
745 2769 793 2826 vit,
805 2767 987 2817 interficiendus
997 2769 1060 2828 fuit;
1074 2771 1093 2818 si
1107 2788 1158 2820 non
1167 2777 1253 2836 eonju-

190 2849 300 2898 turbium
323 2851 470 2897 rusticorum
494 2863 544 2912 qno
562 2845 702 2912 plaustrum
745 2849 821 2904 ravit,
834 2864 865 2895 ne
875 2848 1009 2908 ejiciendus
1023 2850 1120 2911 quidem
1132 2837 1205 2900 :huic
1218 2855 1251 2903 ita

188 2928 316 2993 perculisse
329 2927 457 2989 dicuntur,
470 2929 514 2991 qui
523 2917 702 2990 negotium'uli-
745 2925 888 2989 respondet,
901 2924 1007 2973 utillum
1022 2924 1126 2975 interfici
1139 2928 1250 2980 debuisse

190 3007 259 3071 quod
270 3016 408 3055 everterunt
424 3023 452 3054 ac
464 3005 646 3071 perturbarunt.
662 3005 699 3052 Eo
742 3003 857 3061 fatertur,
872 3003 915 3050 sed
929 3001 1040 3051 ostendat
1053 3015 1132 3053 tamen
1146 3010 1221 3074 magis
1236 3028 1251 3061 e

190 3099 248 3132 usus
261 3095 296 3132 est
317 3084 416 3132 Plautus
435 3083 698 3147 inEpidicotepen'i,
742 3081 865 3146 republica
883 3079 971 3143 fuisse,
983 3093 1010 3130 ut
1020 3083 1177 3136 emitteretur.

190 3163 323 3228 plaustrum
332 3163 448 3228 perculin.
456 3165 515 3225 Quo
523 3161 699 3210 locollrasmus
779 3175 805 3209 a.
828 3161 916 3224 Quales
935 3179 1017 3211 omnes
1041 3178 1092 3211 erse
1111 3167 1247 3230 oportebat.

189 3242 337 3308 ineptissime
346 3241 540 3305 legirnunmm
549 3239 642 3306 perculi
649 3247 670 3289 to.
741 3239 803 3288 Nam
820 3239 842 3288 si
861 3257 944 3289 omnes
956 3241 1014 3291 tales
1031 3256 1124 3304 essent,
1143 3257 1194 3296 tum
1207 3249 1248 3298 de-

160 3341 162 3348 ·
227 3321 268 3370 16.
288 3321 342 3369 Srrr’s
353 3319 483 3386 jisucibus.
507 3317 651 3384 Metaphora
665 3319 696 3367 ab
740 3335 807 3367 rnnru
818 3321 946 3370 Catilinam
958 3321 1093 3373 interlicere
1106 3324 1166 3376 nihil
1180 3331 1246 3394 peri·

187 3400 331 3449 immanibus
348 3401 414 3450 feris.
740 3398 789 3446 culi
805 3398 896 3447 luisset.

226 3496 264 3541 ¹7·
274 3476 571 3544 Evomuerr'e.Metspbora
580 3476 610 3524 ab
622 3493 698 3547 ugro-
775 3479 800 3527 3.
809 3479 865 3525 Nora
875 3479 1101 3542 comprehenderim.
1112 3485 1142 3532 In
1152 3486 1248 3537 rinruls

187 3559 231 3616 tis,
252 3561 295 3623 qui
313 3559 406 3608 vomitu
426 3557 530 3606 recreari
548 3572 577 3604 so
596 3555 696 3605 relevari
740 3555 796 3604 duci
808 3573 859 3604 non
870 3557 991 3617 jusserim.

186 3637 273 3686 solent.
775 3642 800 3691 4.
816 3636 858 3684 sl.
871 3637 933 3685 MSS
947 3637 1103 3703 intersectum.
1118 3641 1142 3688 J.
1153 3643 1186 3693 V.
1200 3646 1227 3691 L.

221 3717 256 3764 Il.
272 3731 293 3764 1.
304 3716 366 3764 Atsr'
376 3716 428 3780 quis
441 3725 477 3763 est
489 3713 552 3761 talis.
562 3713 635 3761 Nunc
649 3713 693 3762 de·
773 3717 797 3763 5.
810 3714 931 3764 Severiras.
943 3717 1036 3765 severe
1048 3718 1120 3781 leges.

186 3781 261 3844 clarat
273 3809 317 3842 our
330 3809 380 3841 non
393 3791 583 3841 interficiendum
595 3795 694 3857 potius,
772 3793 796 3841 6.
808 3793 856 3840 Sed
863 3809 936 3856 quum
946 3793 1123 3858 multossur'sse.
1136 3797 1190 3846 Tria
1201 3797 1246 3847 ho-

186 3889 258 3939 qnum
269 3871 428 3922 emittendum
440 3887 491 3919 esse
508 3871 634 3919 Catilinam
648 3872 693 3920 du·
736 3873 827 3920 urinum
841 3888 927 3935 genera
936 3871 1046 3921 enuntiat
1057 3874 1083 3920 in
1095 3892 1200 3938 quorum
1209 3880 1244 3926 in-

169 3955 257 4002 ·xerit.
268 3951 405 4002 Artificiose
418 3961 497 3998 autern
510 3949 583 4008 lacit,
600 3960 627 3996 ut
642 3967 692 3997 non
736 3947 825 3999 vidium
838 3951 978 3998 incursurus
996 3963 1059 4010 erat,
1074 3954 1095 4000 si
1115 3955 1241 4006 Catilinam

186 4033 320 4082 modouon
334 4029 471 4095 improbet,
488 4029 531 4077 sed
549 4043 693 4092 magnopere
736 4031 910 4089 interseruissem
927 4029 1031 4094 primum
1045 4048 1127 4084 comm
1147 4036 1188 4098 qui
1202 4038 1241 4086 ει.

281 4119 344 4186 ῙῙῙ,
374 4133 419 4178 cu.
426 4147 482 4193 pur-s
491 4133 598 4176 secunda.
1078 4141 1122 4212 27
