3020 4666
425 359 495 427 DE
519 357 659 428 LEGE
682 359 937 448 AGRARIA,
962 361 1013 429 ΙΙ.
1167 357 1260 434 '255

184 480 323 554 inculto
342 494 379 554 et
397 479 565 570 horrido,
583 481 795 580 capillatior,
816 507 926 580 quam
946 497 1049 573 ante,
1075 482 1265 583 barbaque

183 595 346 690 majore:
370 607 411 664 ut
437 590 553 664 oculis
582 607 619 664 et
648 591 824 692 adspectu
854 593 1071 666 denuntiare
1092 592 1265 670 omnibus

183 707 255 776 vim
279 703 527 792 tribunitiam,
543 718 580 776 et
594 705 754 776 minitari
763 704 975 805 'reipublicae
988 704 1185 778 videretur.
1201 711 1262 778 Le·

183 839 266 912 gem
287 813 446 887 hominis
467 815 758 912 concionemque
781 816 1046 915 exspectabam.
1067 821 1142 888 Lex
1158 817 1265 888 initio

184 927 284 998 nulla
307 929 557 1028 proponitur:
585 927 800 999 concionem
814 937 846 971 ¹⁰
875 929 915 998 in
944 928 1071 1026 primis
1097 925 1264 998 advocari

180 1036 298 1131 jubet.
320 1041 468 1108 Summa
490 1061 573 1108 cum
593 1038 861 1136 exspectatione
880 1039 1123 1110 concurritur.
1143 1037 1263 1135 Expli-

184 1163 242 1220 cat
260 1149 462 1219 orationem
477 1157 507 1194 ¹¹
530 1173 615 1220 sane
636 1148 802 1248 longam,
825 1163 863 1221 et
883 1147 1005 1221 verbis
1021 1146 1125 1220 valde
1142 1146 1262 1222 bonis.

184 1261 308 1329 Unum
336 1273 437 1346 erat,
472 1257 576 1356 quod
608 1258 699 1330 mihi
729 1261 901 1330 vitiosum
929 1257 1134 1347 videbatur,
1163 1259 1266 1356 quod

167 1382 285 1462 ¹tanta
303 1393 349 1440 cx
368 1367 573 1468 frequentia
587 1371 742 1442 inveniri
764 1395 872 1443 nemo
889 1374 1029 1470 potuit,
1048 1372 1112 1469 qui
1133 1370 1266 1442 intelli·

185 1503 270 1577 gere
293 1496 434 1578 posset,
458 1481 547 1580 quid
569 1482 728 1555 diceret:
751 1482 823 1554 hoc
848 1481 909 1554 ille
928 1494 1096 1554 utrum¹²
1117 1482 1264 1554 insidia·

184 1613 267 1661 rum
285 1615 393 1666 causa
407 1591 554 1684 lecerit,
571 1619 617 1666 an
635 1594 708 1666 hoc
727 1617 859 1692 genere
878 1593 1095 1690 eloquentia}
1112 1591 1267 1664 delecte·

186 1714 265 1789 tur,
294 1705 428 1776 nescio.
458 1709 616 1793 Tamen,
648 1707 771 1803 siqui
800 1706 981 1776 acutiores
1011 1703 1050 1774 in
1085 1705 1265 1775 concione
1308 1761 1317 1778 .

185 1825 380 1903 steterant,
402 1811 448 1885 de
474 1814 553 1912 lege
579 1816 716 1912 agraria
738 1817 861 1888 nescio
887 1811 977 1913 quid
1003 1811 1159 1886 voluisse
1179 1837 1265 1886 eum

186 1919 328 2011 dicere,
351 1923 640 2020 suspicabantur.
664 1925 872 2021 Aliquando
898 1921 1065 2010 tandem,
1087 1949 1146 1996 me
1171 1923 1265 1999 desi·

187 2046 318 2128 gnato,
350 2033 409 2105 lex
440 2035 477 2106 in
511 2033 699 2133 publicum
728 2029 1000 2134 proponitur¹³.
1029 2039 1265 2107 Concurrunt

183 2142 289 2238 jussu
306 2169 390 2217 meo
413 2146 536 2244 plures
558 2172 635 2219 uno
660 2161 828 2245 tempore
851 2145 988 2218 librarii
1010 2173 1029 2216 ε.
1047 2144 1265 2246 descriptam

187 2251 304 2350 legem
323 2253 368 2326 ad
388 2279 447 2327 me
466 2255 634 2329 afferunt.

237 2367 297 2434 VI.
325 2367 435 2435 Omni
455 2365 526 2438 hoc
546 2366 649 2439 vobis
666 2371 829 2438 ratione¹
854 2365 1071 2439 confirmare
1092 2389 1263 2465 possum,

187 2474 364 2563 QuiriteS,
384 2475 454 2548 hoc
472 2481 619 2550 auimo²
636 2503 696 2550 me
712 2477 758 2552 ad
777 2477 966 2576 legendam
991 2478 1107 2576 legem
1127 2503 1262 2574 cogno·

187 2583 434 2682 scendamque
446 2589 602 2677 venisse,
617 2603 680 2676 ut,
694 2590 724 2660 si
738 2613 815 2661 eam
831 2587 935 2660 vobis
951 2587 1260 2665 accommodatam

227 2781 267 2814 ro.
282 2766 434 2818 concionem.
447 2770 542 2819 Invidia
553 2770 602 2819 boc
624 2770 701 2819 uerbo
746 2769 828 2830 addit,
850 2770 919 2834 quasi
938 2769 1065 2817 minimum
1088 2771 1120 2816 sit
1146 2770 1264 2819 orationis

188 2844 327 2894 iuliullum
347 2848 497 2912 concitatur,
509 2850 553 2914 qui
565 2866 617 2898 nou
630 2867 703 2898 ausus
746 2847 1016 2912 incommodum‚quid
1029 2848 1096 2896 dicat
1114 2859 1197 2897 orator
1209 2865 1262 2898 non

187 2937 224 2975 est
234 2924 311 2992 legem
318 2929 481 2992 promulgare,
488 2941 619 2994 autequam
628 2931 703 2979 verbu
747 2928 890 2992 intelligere.

188 3005 254 3070 apud
265 3007 385 3071 populum
399 3009 492 3056 lecerit.
502 3011 599 3057 Etenim
610 3009 631 3057 ui
636 3012 701 3071 justa
785 3025 827 3058 rr.
842 3009 895 3057 lioc
907 3007 949 3055 ille
964 3019 1052 3055 utrum.
1064 3007 1178 3070 Utroque
1191 3023 1263 3056 amm

189 3084 313 3144 leserat,
332 3085 451 3151 quidnam
469 3101 533 3151 opus
547 3088 594 3135 fuit
609 3091 702 3136 animoa
747 3099 783 3137 eat
796 3087 1006 3146 contemnendus3
1019 3087 1106 3135 namsi
1122 3089 1217 3152 populo
1227 3090 1265 3136 in·

188 3162 220 3212 td
229 3179 281 3212 eam
294 3164 461 3229 accipiendam
473 3181 623 3229 preparare,
645 3167 703 3214 insi-
747 3167 868 3227 sidiatur,
885 3164 1083 3214 examinandus
1103 3174 1158 3223 eat3
1177 3166 1198 3213 si
1215 3166 1264 3214 boe

188 3241 305 3309 dicasque
320 3245 430 3293 oratione
440 3243 633 3293 circumvenire?
746 3247 890 3310 eloquentiae
896 3259 1007 3309 gennscx
1015 3244 1146 3308 proposito
1154 3245 1265 3306 affectat,

226 3322 702 3388 rr.Explicatomtionem.Quamqmm
745 3341 798 3374 non
812 3335 848 3373 est
860 3322 966 3389 amplius
978 3323 1127 3374 audiendus.

188 3401 269 3466 primo
280 3403 411 3452 oculorum
425 3404 703 3466 conjectu‚liullicon·
785 3405 825 3454 ri.
843 3405 898 3452 Iaeoe
919 3403 945 3452 iu
962 3402 1088 3469 publicum
1104 3403 1260 3468 proponitur.

188 3481 285 3530 cionem
297 3482 396 3532 laudare
414 3483 525 3532 videatur
542 3493 645 3544 orator3
662 3501 701 3533 re·
746 3485 836 3534 Omnia
856 3483 937 3549 legum
957 3483 1036 3549 cupita
1056 3483 1153 3549 populo
1171 3485 1260 3546 scripta

188 3575 246 3608 vera
257 3561 394 3625 vituperat,
407 3573 435 3612 ut
453 3579 508 3628 quar
522 3565 589 3612 inani
605 3574 700 3614 tantum
745 3563 913 3623 trudebantur,
925 3572 955 3611 nt
969 3579 995 3611 er
1009 3573 1180 3628 cognosceret,
1190 3571 1261 3610 ante·

188 3639 320 3686 verborum
339 3643 489 3707 supellectile
506 3655 646 3708 constaret,
666 3643 698 3693 li-
744 3660 818 3710 quam
828 3643 901 3692 ferret
914 3643 1037 3706 mttngn.

189 3729 280 3782 ctoqne
292 3735 373 3768 rerum
382 3733 498 3786 apparatu
507 3759 514 3782 ‚
524 3741 579 3789 qut
589 3725 610 3772 ri
621 3726 702 3774 discu-
780 3727 826 3773 vt.
843 3740 867 3772 1.
883 3722 1016 3772 Lambinus
1031 3722 1084 3768 sine
1096 3719 1181 3777 libris,
1198 3733 1264 3766 asso·

188 3799 235 3847 ilfi·
244 3831 252 3857 ι
261 3813 312 3846 ⁰⁰1¹
322 3801 525 3864 uppanbitetiam
534 3805 594 3868 quid
602 3806 629 3852 iu
637 3821 703 3854 meu-
747 3803 878 3855 macione.
893 3803 910 3851 J
912 3837 918 3850 .
927 3803 959 3848 V.
973 3804 1002 3848 L.

189 3890 213 3926 te
223 3875 372 3927 destinatum
381 3878 493 3930 babuerit
504 3882 626 3944 tribunus,
640 3883 702 3934 adeo
782 3899 808 3933 a.
819 3885 873 3932 Hoc
879 3880 972 3929 animo.
982 3877 1070 3926 Omnia
1076 3877 1130 3925 ltaee
1137 3875 1264 3942 praemittit

187 3957 267 4022 legem
276 3956 340 4005 banc
349 3973 433 4018 suun,
444 3962 599 4024 quumetirm
608 3963 702 4028 populo
746 3974 841 4021 orator,
853 3973 881 4010 ut
894 3960 940 4008 ribi
954 3958 1042 4023 populi
1056 3957 1133 4020 magis
1147 3971 1174 4004 rc
1187 3955 1263 4018 magis

188 4037 309 4102 exponit,
326 4037 432 4086 tenebris
449 4053 478 4086 uc
496 4041 701 4092 noctelnvolvit.
746 4041 862 4092 conciliet
888 4039 1000 4097 animos,
1032 4035 1193 4100 ontendctque
1218 4051 1261 4092 se,

190 4117 286 4167 ironice
296 4116 397 4168 verbum
412 4115 475 4167 illud
495 4117 557 4168 milri
568 4119 700 4170 videbatur
746 4137 823 4186 quum
833 4121 912 4185 legem
922 4119 1061 4184 impugnat,
1073 4125 1168 4165 tantum
1179 4113 1261 4163 studio
1272 4141 1274 4146 ·
