2956 4676
141 405 147 416 .
243 349 310 446 198
357 365 365 372 '
437 401 442 408 .
629 342 912 416 EXCURSUS.

240 471 333 560 origo
347 467 460 558 possit
479 461 594 531 Altera
609 482 678 550 est,
698 465 788 554 quod
799 481 972 555 pretores,
988 477 1164 550 antequam
1178 462 1218 526 iis
1235 483 1321 551 pro-

239 576 353 642 vinciae
366 575 399 638 in
414 595 537 638 annum
549 573 735 660 proximum
753 571 975 652 differrentur,
990 569 1017 634 si
1031 569 1245 656 questionem
1259 568 1322 632 ha·

239 683 374 765 herent,
394 697 427 744 et
444 680 567 743 interea
584 678 669 743 bello
686 677 726 742 ad
743 678 943 767 provinciam
963 676 1072 740 subito
1089 691 1319 756 avocarentur,

239 787 359 852 vicario
377 784 418 850 ad
433 783 636 850 terminanda
643 783 764 865 judicia
779 770 982 872 indigerent:
1000 785 1118 864 altera,
1135 803 1240 868 eaque
1251 803 1320 844 cer·

241 893 541 982 tior‚quaestionum
557 908 605 956 est
621 893 714 956 novis
729 890 853 980 legibus
873 887 1064 972 multitudo,
1076 889 1224 976 quaejam
1240 903 1319 951 ante

240 1001 362 1065 Sullam
374 998 455 1063 adeo
469 1013 666 1079 excreverat,
675 1012 714 1060 ut
725 1013 866 1085 quatuor
877 1011 1029 1085 praetores
1041 1017 1108 1058 non
1119 993 1316 1058 sufficerent.

239 1104 278 1170 ld
293 1128 361 1170 non
374 1103 475 1170 modo
488 1105 597 1194 legum
611 1117 806 1192 conspectus
823 1100 983 1182 ostendit,
996 1099 1161 1165 sedetiam
1173 1099 1317 1164 Fannius

239 1211 313 1295 ille,
332 1213 388 1301 qui
412 1227 487 1276 ante
510 1210 631 1276 Sullam
649 1210 820 1298 quaestioni
839 1209 880 1274 de
902 1208 1023 1273 sicariis
1042 1204 1143 1288 judex
1164 1206 1316 1294 praefuit,

241 1316 336 1407 longo
360 1316 541 1401 intervallo,
565 1333 604 1381 ut
630 1318 674 1381 ait
703 1317 827 1380 Tullius
851 1338 920 1403 cap.
945 1313 963 1380 5
989 1337 1050 1403 pro
1071 1318 1182 1380 Amer.
1210 1311 1316 1376 eidem

241 1441 353 1514 postea
365 1441 483 1513 praetor
495 1424 695 1513 prepositus.
713 1424 819 1487 Unam
832 1423 938 1505 enim,
950 1437 1007 1485 aut
1017 1421 1150 1485 alteram
1168 1418 1317 1506 quaestio·

240 1552 317 1593 nem
331 1528 417 1593 Sulla
428 1528 530 1593 veteri
541 1549 679 1593 numero
692 1528 823 1610 adjecit,
836 1549 941 1616 quum
953 1541 1060 1590 tamen
1070 1540 1224 1614 praetores
1234 1523 1317 1588 duos

241 1631 418 1717 addiderit,
437 1649 476 1698 ut
495 1655 568 1722 quae
586 1649 725 1722 praetore
747 1655 856 1698 vaouae
876 1647 952 1722 post
973 1631 1095 1696 Sullam
1120 1630 1318 1718 quaestiones

241 1738 392 1823 fuerunt,
412 1737 531 1804 eaedem
553 1755 647 1805 antea
664 1737 804 1820 luerint,
826 1760 957 1803 necesse
976 1737 1027 1802 sit.
1045 1737 1159 1801 Cicero
1180 1735 1221 1799 de
1243 1735 1318 1800 Nat.

243 1846 340 1910 Deor.
353 1847 421 1928 Ill,
435 1845 477 1910 30
492 1869 500 1910 :
515 1877 528 1902 α
541 1845 569 1908 T
571 1869 628 1910 um
644 1846 713 1910 haec
730 1845 940 1934 quotidiana,
960 1844 1048 1925 sicae,
1061 1865 1204 1924 venena,
1220 1864 1320 1931 pecu·

243 1951 346 2032 latus,
364 1967 636 2015 testamentorum
656 1952 752 2017 etiam
773 1953 844 2040 lege
865 1973 951 2014 nora
972 1950 1168 2040 questiones
1182 1979 1206 2012 ιι.
1225 1947 1320 2012 Nova

242 2056 294 2138 lex
311 2058 406 2122 Sullte
422 2059 657 2122 testamentaria
682 2074 714 2122 et
729 2057 913 2121 nummaria
927 2057 1004 2139 fuit,
1023 2078 1126 2144 quum
1142 2053 1189 2119 de·
1198 2054 1321 2119 sicariis

244 2179 277 2228 et
303 2162 466 2228 veneficiis
489 2162 575 2254 leges
595 2161 788 2252 jampridem
811 2161 888 2226 latas
913 2161 965 2226 ille
992 2160 1160 2226 recoxerit.
1188 2159 1320 2224 ludices

243 2291 322 2359 ergo
339 2270 540 2358 quaestionis,
558 2271 663 2358 quiet
679 2285 832 2360 praetores
849 2266 1052 2349 adjurarent,
1070 2281 1103 2330 et
1120 2265 1181 2355 ipsi
1199 2288 1322 2353 quoere-

243 2390 333 2457 rent,
356 2375 399 2440 ita
424 2393 502 2440 sunt
522 2377 739 2464 antiquiores,
761 2390 800 2438 ut
825 2397 865 2438 ex
892 2373 1126 2462 quaestionibus
1151 2373 1321 2460 perpetuis

161 2551 163 2556 ,
242 2479 415 2545 videantur
425 2483 537 2547 exorti.
547 2477 1009 2569 Pottleruntitaqueapopulo
1018 2476 1321 2560 crearizsedetiatn,

245 2608 348 2673 quum
365 2589 452 2676 leges
468 2604 575 2652 essent
591 2589 651 2652 i'llae
668 2605 849 2678 perpetuat,
861 2609 901 2651 ex
910 2587 1047 2650 aedilitiis
1059 2602 1147 2650 sorte
1159 2585 1252 2662 duci,
1264 2601 1323 2648 aut
1426 2649 1439 2670 ,

245 2691 359 2756 ordine
378 2709 454 2782 post
466 2693 653 2758 aedilitatem
672 2693 713 2759 ad
727 2715 848 2758 munus
864 2692 944 2758 illud
958 2692 1088 2756 arcessi.

288 2801 328 2864 V.
347 2801 405 2865 His
422 2800 612 2888 premissis,
630 2823 703 2889 qnae
724 2823 922 2890 magnopere
942 2799 983 2864 ad
999 2800 1135 2863 lunium
1156 2813 1188 2862 et
1208 2797 1321 2862 Voco-

246 2905 337 2970 nium
352 2907 535 2994 pertinent,
553 2905 651 2970 redeo
672 2907 713 2972 ad
730 2909 943 2997 quaestionem
965 2906 1068 2993 ipsam
1088 2903 1128 2968 de
1146 2901 1322 2968 veneficiis.

243 3011 357 3094 Quum
368 3033 438 3074 eam
445 3011 578 3099 proprio
588 3033 679 3075 usam
690 3028 826 3100 praetore
836 3007 1323 3098 demonstraverim,quidnunc

246 3115 286 3180 de
311 3117 460 3181 Ferratio'
481 3115 607 3198 dicam,
634 3116 690 3204 qui
715 3118 808 3205 epist.
828 3118 862 3196 I,
893 3114 949 3189 15,
972 3138 1011 3180 ex
1030 3115 1096 3179 hoe
1121 3115 1322 3179 Cluentianae

246 3223 350 3310 capite
368 3220 427 3302 53,
447 3223 521 3286 satis
540 3223 640 3287 refelli
657 3239 751 3311 putat
767 3224 881 3304 JCtos,
899 3244 999 3286 unam
1016 3221 1056 3286 de
1071 3221 1191 3286 sicariis
1212 3237 1246 3286 et
1264 3243 1322 3286 ve·

247 3327 369 3392 neficiis
385 3351 454 3392 esse
471 3330 654 3393 Corneliam
671 3330 778 3418 legem
798 3329 1015 3392 existimantes
1024 3326 1045 3418 i)
1054 3327 1243 3393 Absurdum
1259 3328 1322 3391 sci-

243 3435 334 3516 lieet,
344 3451 441 3522 atque
452 3434 635 3499 inauditum
647 3457 729 3515 esse,
742 3457 807 3499 una
821 3436 891 3524 lege
902 3455 1044 3522 querere
1056 3451 1206 3522 praetores
1219 3432 1320 3498 duos:

167 3569 170 3576 ¹
245 3541 408 3622 Tullium,
433 3542 490 3628 qni
512 3541 570 3604 has
597 3539 713 3604 divisas
737 3542 835 3605 luisse
863 3541 1059 3628 questiones
1087 3539 1221 3622 doceat,
1253 3561 1321 3602 uno

244 3663 394 3736 tempore
403 3647 543 3711 diversas
557 3647 656 3710 fuisse
670 3645 756 3736 leges
771 3643 942 3710 ostendere
954 3670 961 3712 :
973 3644 1157 3735 parricidia,
1170 3668 1242 3733 quae
1253 3646 1321 3734 lege

245 3751 287 3817 de
296 3754 416 3818 sicariis
427 3753 684 3833 continerentur,
699 3753 798 3816 alium
810 3769 980 3840 praetorem
997 3773 1063 3816 non
1075 3750 1237 3815 habuisse.
1248 3751 1321 3814 lmo

245 3883 343 3924 suum
362 3876 489 3949 poterat
505 3859 555 3922 vir
569 3875 745 3947 peracutus
761 3875 1009 3947 argumentum,
1029 3857 1119 3946 quod
1138 3857 1228 3922 haud
1245 3879 1321 3922 sane

246 3966 315 4030 leve
333 3981 391 4048 est,
403 3989 441 4030 ex
455 3967 526 4056 ipso
538 3966 677 4055 Ulpiano
691 3963 832 4046 firmare,
846 3965 903 4053 qui
914 3965 933 4029 l.
951 3964 980 4046 3,
998 3965 1039 4029 D.
1056 3963 1099 4027 de
1113 3963 1191 4028 bon.
1210 3961 1319 4028 damn.

245 4070 315 4138 haec
328 4071 426 4136 habet
443 4095 450 4136 :
468 4072 647 4180 «qunque
665 4070 792 4160 legibus
808 4069 967 4135 damnatae
983 4069 1111 4135 mulieri
1132 4067 1192 4134 dos
1211 4069 1322 4160 puhli-
