3020 4666
612 343 910 416 EXCURSUS.
1224 340 1293 414 205

224 469 428 552 creabantur,
441 483 481 533 ut
494 465 576 532 vidit
591 468 669 533 olim
685 465 862 549 Corradus,
881 464 1042 553 latiusque
1056 463 1169 529 docuit
1181 464 1297 532 Manu·

225 577 289 641 tius
304 573 346 640 ad
360 575 452 663 epist.
469 573 510 639 ad
525 574 566 657 Q.
584 574 637 639 Fr.
657 576 710 658 Il,
727 596 762 656 1,
777 573 885 662 Lipsio
899 570 940 635 ad
957 571 1058 636 Tacit.
1075 573 1162 636 Ann.
1179 573 1213 654 I,
1237 577 1293 656 14,

224 682 300 746 Exc.
311 683 353 745 D.
368 697 402 746 et
412 679 565 745 omnibus
578 703 668 745 nunc
683 678 948 769 approbantibus.
965 677 1131 742 Habemus
1146 679 1295 743 omniurn

224 787 294 868 ejus
307 786 386 851 anni
401 801 578 876 praetorum
592 787 744 869 nomina,
758 787 786 850 si
804 787 846 868 Q.
859 785 1024 850 Nasonem
1038 785 1072 848 in
1083 785 1134 850 his
1148 808 1297 851 numeru·

224 915 299 956 mus
314 915 322 957 :
336 915 393 957 sex
408 893 448 956 ab
465 893 538 981 ipso
555 894 681 976 Tullio,
699 915 770 982 cap.
791 890 851 975 533
867 891 904 956 P.
923 891 1080 973 Cassium,
1097 892 1155 980 qui
1173 892 1213 956 de
1227 915 1295 956 ma·

221 998 336 1080 jestate
353 997 533 1087 quaerebat,
547 1021 587 1064 ex
599 998 740 1063 Asconio
750 999 785 1062 in
800 1019 866 1087 arg.
878 996 1006 1062 Cornel.
1018 1013 1051 1061 et
1062 998 1099 1061 C.
1115 999 1295 1062 Antonium

225 1127 264 1170 ex
280 1107 394 1196 fragm.
405 1120 485 1170 orat.
496 1105 530 1168 in
540 1121 616 1194 toga
629 1105 722 1171 cand.
740 1121 772 1170 et
785 1103 826 1170 de
838 1120 903 1194 pet.
916 1105 1015 1169 Cons.
1028 1126 1098 1192 cap.
1116 1127 1146 1168 2.
1157 1104 1296 1188 Verum,

225 1212 253 1276 si
267 1211 412 1277 veneficii
431 1213 565 1301 quaestio
581 1213 704 1279 Nasoni
720 1235 770 1301 pr.
787 1211 960 1294 tribuatur,
980 1232 1067 1274 unus
1086 1233 1125 1274 ex
1142 1212 1296 1278 omnibus
1352 1279 1354 1284 ,

224 1320 260 1383 C.
277 1318 438 1384 Antonius
453 1319 631 1408 quaestione
643 1318 782 1401 carebit,
801 1340 903 1408 quum
922 1333 1030 1381 tamen
1041 1314 1108 1380 duo
1126 1315 1298 1382 videantur

225 1425 501 1512 aquaestionibus
526 1424 736 1507 removendi,
760 1441 798 1490 ut
823 1424 914 1490 alteri
944 1422 1069 1488 urbana
1095 1421 1296 1509 jurisdictio,

225 1529 315 1596 alteri
326 1531 496 1621 peregrina
507 1532 662 1597 tradatur.
675 1534 757 1596 llern
771 1533 856 1596 hanc
870 1529 964 1621 Pigh.
981 1529 1114 1617 reliquit
1124 1529 1297 1610 intactam,

226 1635 294 1716 ejus
308 1634 499 1702 difficultate
512 1639 647 1702 fortasse
664 1654 850 1727 perspecta,
865 1659 929 1726 qua
947 1659 1016 1700 non
1029 1633 1111 1700 adeo
1126 1651 1296 1726 torquere·

226 1763 319 1824 mur,
346 1743 373 1805 si
397 1743 527 1808 vixisset
549 1742 602 1808 ille
628 1740 761 1808 diutius.
784 1743 883 1808 Nunc
914 1740 948 1806 in
974 1741 1043 1823 ejus
1069 1741 1230 1830 possumis
1255 1742 1297 1807 ad

226 1869 279 1912 an.
293 1845 370 1930 686,
383 1867 536 1938 praetores
554 1865 682 1914 tantum
697 1872 773 1913 cunr
789 1848 898 1914 Tullio
915 1847 1099 1938 designatos
1113 1849 1297 1913 enumerari

225 1951 392 2038 videmus,
412 1956 493 2020 nihil
514 1971 676 2044 praeterea.
695 1956 860 2021 Nasonem
877 1955 991 2043 utique
1011 1955 1045 2018 in
1061 1953 1113 2018 his
1133 1955 1269 2020 collocat
1287 1980 1295 2020 :

226 2058 267 2126 de
276 2061 369 2142 cujus
380 2077 518 2150 praetura
530 2063 774 2153 quaestioneque
795 2086 898 2152 quum
911 2085 1010 2127 nemo
1022 2061 1229 2144 dubitaverit,
1241 2088 1298 2129 no·

226 2166 306 2234 dum
322 2169 415 2233 idum
431 2169 475 2234 ita
488 2169 612 2236 solvere
629 2169 797 2236 Manutius
814 2169 834 2234 l.
854 2193 881 2234 c.
900 2170 1091 2252 conabatur,
1105 2185 1142 2233 ut
1155 2169 1296 2256 diceret,

227 2273 433 2360 Ciceronem,
457 2276 514 2365 qui
533 2276 574 2342 de
587 2276 777 2367 repetundis
794 2277 977 2365 quaerebat,
999 2277 1095 2341 etiam
1114 2277 1200 2343 inter
1212 2279 1297 2345 cives

225 2397 260 2446 et
276 2383 465 2471 peregrinos
472 2383 525 2464 jus
538 2383 644 2448 dicere
658 2382 818 2448 debuisse.
829 2381 892 2449 Sed
909 2406 1078 2472 perperam
1092 2383 1126 2448 id
1142 2408 1181 2449 cx
1197 2387 1297 2450 Αεοο-

226 2487 282 2552 nio
293 2487 443 2578 collegit:
461 2489 628 2578 mirorque
645 2492 830 2578 Rupertum
846 2489 887 2554 ad
904 2491 1019 2579 Pomp.
1038 2491 1158 2556 Enchr.
1171 2493 1223 2575 11,
1243 2494 1297 2577 18,

225 2591 312 2657 idem
325 2615 526 2683 proponere,
545 2617 648 2684 quum
665 2618 740 2660 vere
755 2595 822 2675 jam
840 2596 1084 2660 Hottomannus
1100 2596 1297 2680 ostenderit,

225 2698 272 2764 M.
290 2699 463 2766 Lucullum
475 2717 647 2790 praetorem
664 2703 872 2791 peregrinum
889 2699 930 2766 de
948 2701 1091 2786 injuriis,
1110 2727 1177 2768 non
1195 2705 1235 2769 de
1246 2729 1298 2770 re·

225 2803 398 2894 petundis,
416 2807 501 2871 inter
516 2807 552 2871 C.
572 2807 773 2888 Antonium,
789 2806 992 2894 Achaeosque
1011 2829 1185 2897 cognosse,
1199 2832 1297 2898 quem

223 2911 295 2992 jure
312 2911 462 3000 sequitur
477 2912 597 3001 Mylius
612 2912 787 3002 Theophili
801 2913 955 2977 Reitziani
970 2935 1041 3003 pag.
1058 2912 1157 2992 1088,
1171 2931 1204 2979 et
1214 2894 1304 2981 Gon-¹

225 3017 323 3083 radus
354 3041 479 3108 parerg.
498 3019 532 3102 I,
554 3042 587 3101 1,
610 3023 628 3098 §
655 3041 705 3106 19.
728 3017 825 3107 Apud
848 3019 1027 3084 Asconium
1047 3019 1079 3082 in
1105 3020 1218 3110 fragm.
1244 3023 1297 3089 cit.

227 3124 337 3190 omnia
356 3124 480 3205 judicio
503 3125 628 3215 privato
648 3125 850 3188 conveniunt
876 3147 884 3188 ε
909 3147 976 3212 quo
1004 3125 1113 3190 minus
1135 3127 1233 3192 etiam
1257 3130 1299 3194 sit

188 3287 191 3294 .
226 3229 368 3307 mirum,
388 3231 415 3294 si
432 3228 675 3294 damnationem
689 3229 849 3293 Antonius
861 3228 1070 3295 tribunorum
1084 3233 1299 3320 appellatione

227 3334 410 3418 declinarit,
419 3337 546 3418 juratus
562 3366 576 3391 ι
588 3335 623 3400 in
641 3358 700 3401 sua
718 3336 859 3420 civitate,
872 3359 907 3401 se
923 3359 998 3401 cum
1016 3339 1189 3428 peregrino
1204 3365 1299 3430 aequo

224 3438 347 3520 judicio
366 3459 488 3514 certare
499 3463 567 3506 non
580 3463 711 3531 posse».
727 3442 793 3506 Cic.
811 3441 855 3506 ib.
870 3457 903 3506 et
917 3445 1037 3507 Ascon.
1052 3461 1084 3508 et
1101 3445 1245 3527 Quintus
1259 3447 1300 3513 de

226 3561 291 3635 pet.
310 3548 407 3612 Cons.
421 3546 454 3613 d.
469 3569 537 3635 cap.
556 3567 586 3612 2.
598 3544 747 3611 Ridicula
761 3547 933 3634 pejeratio,
948 3572 1013 3636 qua
1028 3566 1114 3614 certe
1127 3551 1301 3617 abstinuis-

227 3667 278 3715 set
298 3653 484 3736 Antonius,
509 3653 570 3718 nisi
590 3654 642 3718 lex
667 3652 835 3717 tribunitia
859 3653 971 3736 Sullae,
994 3678 1065 3742 quae
1089 3655 1135 3719 M.
1162 3657 1299 3722 Lucullo

226 3773 381 3846 praetore,
393 3760 427 3825 h.
442 3781 472 3825 e.
488 3782 574 3824 anno
590 3761 673 3847 677,
688 3743 829 3849 iigebat,
841 3758 1070 3841 jusjurandum
1086 3761 1181 3844 illud,
1198 3777 1236 3826 ut
1247 3763 1299 3826 in-

226 3863 391 3930 tercedere
416 3865 541 3930 tribuni
564 3880 716 3954 possent,
740 3866 957 3930 necessarium
982 3856 1118 3930 fecisscl.
1143 3867 1225 3950 Quae
1249 3893 1301 3934 res

227 3969 367 4036 maxime
383 3970 424 4036 ad
438 3969 594 4037 auxilium
606 3970 764 4058 pertinet,
782 3969 875 4050 cujus
887 3992 981 4034 causa
996 3971 1164 4037 constituti
1179 3975 1302 4040 tribuni

228 4072 384 4142 dicuntur
410 4101 471 4167 pro
498 4077 613 4161 Quint.
632 4099 690 4160 ao,
708 4075 864 4166 quodque
881 4093 919 4143 ut
936 4077 1075 4162 ferrent,
1096 4079 1134 4144 iis
1157 4081 1192 4152 L.
1216 4083 1303 4148 Sulla
