2934 4680
343 397 535 471 onusto
560 403 663 471 rno
688 403 728 471 a.
754 357 1036 476 cuuuuato.
1177 403 1224 477 ss

154 523 243 594 nihil
263 523 299 593 ei
316 521 478 594 clausum
490 523 609 610 ‚nihil
632 539 795 596 sanctum
817 549 892 600 esse
913 551 1037 626 posse,
1058 528 1160 623 cujus
1178 529 1223 602 ab

152 629 306 704 audacia
333 630 453 704 fratris
479 632 612 706 liberos
642 657 689 707 ne
716 641 869 708 materni
895 637 1043 735 quidem
1063 641 1226 740 corporis

154 742 322 814 custodia
338 758 461 841 tegere
481 746 666 842 potuisset.

204 855 383 924 Memoria
413 849 556 941 teneo⁶,
577 855 750 926 Milesiam
779 855 997 953 quamdam⁷
1021 857 1225 948 mulierem,

155 989 273 1061 quum
295 977 411 1036 essem
429 967 468 1034 in
487 965 569 1036 Asia
578 958 607 1053 ⁸,
625 965 744 1062 quod,
759 965 805 1037 ab
817 965 1016 1038 heredibus
1032 969 1225 1042 secundis⁹

156 1089 305 1173 accepta
324 1076 498 1173 pecunia,
520 1089 665 1174 partum
691 1075 856 1174 sibiipsa
876 1077 1145 1150 medicamentis
1162 1077 1226 1152 ah-

157 1189 310 1283 egisset,
332 1187 385 1256 rei
403 1185 564 1284 capitalis
585 1209 663 1257 esse
682 1185 912 1256 damnatam:
934 1209 1055 1283 neque
1080 1187 1228 1284 injuria3

158 1319 240 1394 quae
261 1317 365 1395 spem
391 1297 568 1394 parentis,
590 1300 801 1368 memoriam
827 1296 1006 1384 nominis,
1026 1296 1228 1369 subsidium

156 1409 324 1502 generis,
347 1403 519 1476 heredem
533 1403 690 1493 familiae,
712 1400 937 1502 designatum
955 1405 1162 1504 reipublicae
1178 1405 1229 1479 oi-

160 1536 261 1603 vem,
280 1515 493 1586 sustulisset.
510 1503 658 1604 Quanto
672 1515 894 1613 Oppianicus
906 1516 945 1584 in
958 1510 1084 1586 eadem
1100 1515 1231 1611 injuria

157 1626 297 1720 majore
324 1624 504 1722 supplicio
531 1623 687 1720 dignus?
718 1624 895 1722 siquidem
922 1624 1002 1712 illa,
1027 1645 1141 1722 quum
1163 1651 1231 1698 suo

160 1733 308 1832 corpori
327 1731 401 1803 vim
421 1734 616 1820 attulisset,
631 1756 668 1806 se
685 1735 800 1832 ipsa¹⁰
820 1735 1011 1824 cruciavit3
1031 1734 1090 1806 hic
1109 1751 1230 1808 autem

161 1845 254 1917 idem
274 1845 364 1916 illud
381 1842 502 1917 offecit
519 1869 584 1944 per
600 1847 709 1916 alieni
726 1844 887 1944 corporis
901 1851 1098 1918 mortem¹¹
1121 1863 1231 1947 atque

146 1953 371 2028 cruciatum.
388 1957 505 2028 Ceteri
528 1979 603 2026 non
621 1955 791 2027 videntur
804 1960 841 2026 in
857 1957 1004 2054 singulis
1021 1955 1231 2029 hominibus

160 2067 276 2138 multa
288 2065 479 2165 parricidia
492 2067 673 2163 suscipere
687 2088 793 2165 posse
807 2091 815 2135 t
829 2069 1050 2166 Oppianicus
1063 2068 1232 2138 inventus

161 2193 232 2264 est,
248 2179 313 2275 qui
330 2179 367 2246 in
382 2201 460 2247 uno
474 2197 627 2274 corpore
642 2177 764 2274 plures
778 2191 934 2248 necaret.

209 2291 288 2358 XII.
308 2293 454 2384 ltaque,
471 2309 586 2383 quum
602 2286 695 2358 hanc
713 2287 1011 2358 consuetudinem
1026 2285 1230 2358 audaciam-

162 2421 234 2495 que
250 2411 487 2494 cognosceret
505 2398 706 2469 avunculus
728 2395 821 2469 illius
840 2397 1079 2470 adolescentis
1092 2397 1229 2497 Oppia·

165 2641 192 2688 in'
202 2652 276 2689 ntem
287 2647 398 2688 materno
411 2637 564 2704 degentium
577 2633 620 2687 sed
633 2655 675 2703 pe·
718 2620 849 2706 postqinnm
859 2639 885 2688 ln
896 2643 974 2689 oensis
985 2641 1098 2712 civilibus
1109 2651 1170 2691 esset
1180 2659 1232 2692 ver-

163 2720 212 2780 iori
219 2735 305 2786 errore
312 2721 591 2784 anett.eupervaouttm
599 2717 677 2768 credi·
719 2731 799 2778 ntus,
822 2731 847 2770 et
867 2719 985 2769 Roscium
999 2723 1146 2773 *Amerinum
1166 2721 1232 2770 fellet

166 2799 215 2856 dit,
225 2809 250 2846 et
261 2796 353 2848 Schiitz
362 2797 458 2847 delevit.
626 2851 629 2856 ,
720 2810 809 2848 eventu
817 2798 976 2862 defendisset,
984 2798 1011 2846 in
1018 2799 1099 2848 Aliam
1106 2801 1232 2864 profectus

201 2875 228 2926 6,
252 2876 377 2925 Memoria
401 2886 479 2923 teneo.
500 2873 677 2942 Tryphoninus
720 2889 771 2938 est,
790 2889 817 2925 ut
835 2878 944 2940 corporis
963 2875 1090 2940 gracilitati
1108 2877 1233 2927 continuis

166 2959 256 3016 dctus,
271 2958 289 3006 l.
301 2959 334 3019 ³9
347 2955 441 3020 Dipert.
455 2953 486 3004 tle
497 2966 566 3019 poen.
578 2955 626 3002 ltoc
639 2954 677 3003 ci·
719 2957 844 3006 laboribus
857 2949 913 3004 sesti
924 2956 1067 3017 mederetur,
1078 2953 1233 3022 quemadmo-

168 3039 262 3086 ceronis
273 3035 412 3099 exemplum
426 3049 471 3098 pro
484 3050 509 3082 re
523 3033 632 3094 judicate
646 3032 677 3081 de
720 3037 779 3085 dum
789 3037 840 3100 ipse
848 3034 946 3098 longius
955 3035 982 3081 lu
991 3037 1067 3084 Bruto
1076 3047 1170 3098 namt,
1179 3037 1231 3085 sire

168 3117 217 3181 lege
229 3115 343 3164 advocet.
720 3115 788 3180 quod
804 3114 933 3163 Plutarcho
950 3114 1046 3178 placet,
1059 3126 1087 3164 ut
1106 3115 1233 3165 dictatoria

203 3209 228 3257 7·
252 3191 394 3256 Quondam
415 3189 544 3238 mullerem·
566 3189 677 3236 Offllffl'l!
720 3191 1068 3244 Sullaeollensionemvitaret.

168 3281 217 3332 est,
240 3271 325 3336 inquit
349 3268 515 3332 Quintilianus
535 3267 578 3314 lib.
599 3267 677 3324 Vl'H,
729 3327 732 3337 γ
756 3288 781 3334 9.
791 3271 913 3320 Secundis.
922 3272 1233 3337 subrogatis,snbstitutis.

168 3349 315 3416 amplificem
323 3359 379 3412 qut
387 3357 465 3394 osma
474 3361 523 3393 snt
529 3345 598 3393 unua
606 3337 677 3392 suut:
722 3379 756 3389 -
770 3347 814 3397 Itet'
824 3349 946 3414 capitalis.
962 3350 987 3398 Si
999 3337 1122 3402 mulierem
1135 3356 1234 3402 eieceri-

167 3428 339 3495 aptando,
358 3435 439 3481 tutem
452 3417 482 3472 οὶ
497 3424 679 3488 'eompffllioflfl
722 3429 768 3479 bus
787 3429 837 3477 suis
855 3425 905 3476 vim
924 3429 1048 3490 intulisse,
1070 3449 1117 3498 qna
1136 3446 1233 3498 parturn

168 3509 299 3573 aliquando
320 3503 366 3566 fit,
385 3506 412 3552 in
430 3521 478 3568 qu·
494 3512 679 3567 nonnumqum
722 3511 840 3574 abigeret,
855 3509 1008 3571 constiterit,
1020 3529 1072 3560 eam
1085 3514 1111 3559 in
1122 3513 1233 3560 exsilium

167 3585 297 3655 pmpoeltn
313 3584 388 3634 simili
401 3583 512 3647 exemplo
526 3580 681 3632 efficiendum
724 3595 811 3648 praeses
830 3583 963 3646 provinciae
980 3583 1074 3648 exiget,
1093 3593 1121 3630 nt
1140 3584 1173 3630 eit
1191 3581 1234 3630 Ui-

168 3679 222 3728 ut,
236 3677 264 3716 nt
272 3655 432 3726 sit'majut'ld
443 3661 511 3726 quod
521 3677 536 3709 a
547 3659 619 3709 nobis
630 3675 681 3708 em·
723 3662 810 3726 pinnas
823 3657 855 3708 ad
866 3661 944 3725 legent
962 3661 1059 3712 Comei.
1077 3661 1107 3710 tle
1124 3657 1235 3720 sicariis,

169 3731 682 3813 plillundnmestmtffleeroprecluentlo,
724 3731 941 3804 Digest'ffl'ffl.

168 3821 539 3892 qnmexposniatetldilesintn
552 3818 682 3884 quemdem
763 3832 803 3868 ro.
832 3813 868 3866 lta
891 3815 973 3868 arev.
993 3818 1087 3868 Ernest.
1108 3815 1182 3869 Beck.
1201 3820 1233 3870 al.

170 3923 184 3954 a
194 3905 307 3954 secundis
317 3899 448 3952 bentibus
457 3900 544 3948 {hortu
553 3898 682 3962 pecuniam
725 3895 800 3945 Multi
810 3895 897 3961 legunt
907 3897 992 3961 cissam.
1004 3896 1028 3945 J.
1036 3899 1070 3944 V.
1081 3891 1109 3946 L.

171 3986 305 4050 accepisse:
319 3991 412 4046 quanto
422 3987 470 4036 est,
483 3979 576 4042 iuquit,
590 3975 682 4041 Oppia·
764 3987 802 4024 rt.
823 3976 934 4024 Mortem.
951 3971 1116 4042 Quintilianus
1136 3977 1162 4026 in
1179 3978 1236 4030 loco

172 4065 276 4114 demin
290 4059 494 4130 cedentinjtm'n,
509 4067 557 4106 eto.
726 4053 909 4119 euprnltudato
923 4055 996 4102 habet
1012 4055 1082 4104 avim
1096 4068 1168 4124 atque
1182 4075 1244 4107 cru··
1293 4101 1299 4110 .

208 4145 233 4192 8.
256 4144 338 4205 Quum
362 4151 437 4190 ason
457 4133 482 4187 ἰιι
505 4137 575 4186 Asia.
597 4135 683 4188 Cicero'
728 4133 851 4184 cletum».

1081 4219 1116 4291 6.
