<?xml version="1.0" encoding="UTF-8"?>
<!DOCTYPE html PUBLIC "-//W3C//DTD XHTML 1.0 Transitional//EN"
    "http://www.w3.org/TR/xhtml1/DTD/xhtml1-transitional.dtd">
<html xmlns="http://www.w3.org/1999/xhtml" xml:lang="en" lang="en">
 <head>
  <title>
</title>
<meta http-equiv="Content-Type" content="text/html;charset=utf-8" />
  <meta name='ocr-system' content='tesseract 3.04.00' />
  <meta name='ocr-capabilities' content='ocr_page ocr_carea ocr_par ocr_line ocrx_word'/>
</head>
<body>
  <div class='ocr_page' id='page_1' title='image "./mtciceronisquae00lemagoog_0172.png"; bbox 0 0 2956 4676; ppageno 0'>
   <div class='ocr_carea' id='block_1_1' title="bbox 372 353 1247 434">
    <p class='ocr_par' dir='ltr' id='par_1_1' title="bbox 372 353 1247 434">
     <span class='ocr_line' id='line_1_1' title="bbox 372 353 1247 434; baseline 0.014 -12"><span class='ocrx_word' id='word_1_1' title='bbox 372 355 570 424; x_wconf 87' lang='lat' dir='ltr'><strong>ORATIO</strong></span> <span class='ocrx_word' id='word_1_2' title='bbox 595 353 696 426; x_wconf 84' lang='lat' dir='ltr'><strong>PRO</strong></span> <span class='ocrx_word' id='word_1_3' title='bbox 720 355 759 424; x_wconf 74' lang='lat' dir='ltr'><strong>A.</strong></span> <span class='ocrx_word' id='word_1_4' title='bbox 787 353 1068 426; x_wconf 86' lang='lat' dir='ltr'>CLUENTIO.</span> <span class='ocrx_word' id='word_1_5' title='bbox 1183 359 1247 434; x_wconf 80' lang='lat'><strong>¹63</strong></span> 
     </span>
    </p>
   </div>
   <div class='ocr_carea' id='block_1_2' title="bbox 163 473 1253 3217">
    <p class='ocr_par' dir='ltr' id='par_1_2' title="bbox 176 473 1251 1116">
     <span class='ocr_line' id='line_1_2' title="bbox 180 473 1251 580; baseline 0.008 -32"><span class='ocrx_word' id='word_1_6' title='bbox 180 473 408 563; x_wconf 70' lang='lat' dir='ltr'><strong>confirmarir</strong></span> <span class='ocrx_word' id='word_1_7' title='bbox 417 473 543 548; x_wconf 75' lang='lat' dir='ltr'><strong>vident</strong></span> <span class='ocrx_word' id='word_1_8' title='bbox 551 473 686 571; x_wconf 86' lang='lat' dir='ltr'><strong>judicia</strong></span> <span class='ocrx_word' id='word_1_9' title='bbox 700 473 932 574; x_wconf 76' lang='lat' dir='ltr'><strong>comprobari</strong></span> <span class='ocrx_word' id='word_1_10' title='bbox 946 504 956 548; x_wconf 78' lang='lat' dir='ltr'><strong>t</strong></span> <span class='ocrx_word' id='word_1_11' title='bbox 971 476 1043 550; x_wconf 88' lang='lat' dir='ltr'><strong>hoc</strong></span> <span class='ocrx_word' id='word_1_12' title='bbox 1057 493 1158 554; x_wconf 86' lang='lat' dir='ltr'><strong>metu</strong></span> <span class='ocrx_word' id='word_1_13' title='bbox 1170 507 1251 580; x_wconf 89' lang='lat' dir='ltr'><strong>pro·</strong></span> 
     </span>
     <span class='ocr_line' id='line_1_3' title="bbox 181 585 1248 689; baseline 0.005 -31"><span class='ocrx_word' id='word_1_14' title='bbox 181 587 321 685; x_wconf 82' lang='lat' dir='ltr'><strong>posito,</strong></span> <span class='ocrx_word' id='word_1_15' title='bbox 340 586 493 659; x_wconf 86' lang='lat' dir='ltr'><strong>evellere</strong></span> <span class='ocrx_word' id='word_1_16' title='bbox 508 610 548 658; x_wconf 86' lang='lat' dir='ltr'><strong>se</strong></span> <span class='ocrx_word' id='word_1_17' title='bbox 565 586 731 658; x_wconf 83' lang='lat' dir='ltr'><strong>aculeum</strong></span> <span class='ocrx_word' id='word_1_18' title='bbox 746 585 944 658; x_wconf 84' lang='lat' dir='ltr'><strong>severitatis</strong></span> <span class='ocrx_word' id='word_1_19' title='bbox 957 603 1083 662; x_wconf 78' lang='lat' dir='ltr'><strong>vestre</strong></span> <span class='ocrx_word' id='word_1_20' title='bbox 1097 597 1127 639; x_wconf 74' lang='lat'><strong>¹²</strong></span> <span class='ocrx_word' id='word_1_21' title='bbox 1143 615 1248 689; x_wconf 82' lang='lat' dir='ltr'><strong>poseo</strong></span> 
     </span>
     <span class='ocr_line' id='line_1_4' title="bbox 179 693 1248 797; baseline 0.007 -28"><span class='ocrx_word' id='word_1_22' title='bbox 179 695 383 772; x_wconf 88' lang='lat' dir='ltr'><strong>confidunt.</strong></span> <span class='ocrx_word' id='word_1_23' title='bbox 406 697 496 788; x_wconf 91' lang='lat' dir='ltr'><strong>Quis</strong></span> <span class='ocrx_word' id='word_1_24' title='bbox 515 697 610 768; x_wconf 87' lang='lat' dir='ltr'><strong>enim</strong></span> <span class='ocrx_word' id='word_1_25' title='bbox 631 696 678 768; x_wconf 92' lang='lat' dir='ltr'><strong>de</strong></span> <span class='ocrx_word' id='word_1_26' title='bbox 696 695 844 769; x_wconf 87' lang='lat' dir='ltr'><strong>homine</strong></span> <span class='ocrx_word' id='word_1_27' title='bbox 863 693 1009 785; x_wconf 88' lang='lat' dir='ltr'><strong>audeat,</strong></span> <span class='ocrx_word' id='word_1_28' title='bbox 1028 698 1152 797; x_wconf 88' lang='lat' dir='ltr'><strong>paullo</strong></span> <span class='ocrx_word' id='word_1_29' title='bbox 1172 727 1248 776; x_wconf 88' lang='lat' dir='ltr'><strong>ma.-</strong></span> 
     </span>
     <span class='ocr_line' id='line_1_5' title="bbox 176 804 1248 904; baseline 0.007 -26"><span class='ocrx_word' id='word_1_30' title='bbox 176 806 323 904; x_wconf 86' lang='lat' dir='ltr'><strong>joribtts</strong></span> <span class='ocrx_word' id='word_1_31' title='bbox 352 804 486 904; x_wconf 86' lang='lat' dir='ltr'><strong>opibus</strong></span> <span class='ocrx_word' id='word_1_32' title='bbox 511 805 687 904; x_wconf 82' lang='lat' dir='ltr'><strong>praedito,</strong></span> <span class='ocrx_word' id='word_1_33' title='bbox 718 831 803 878; x_wconf 81' lang='lat' dir='ltr'><strong>rere</strong></span> <span class='ocrx_word' id='word_1_34' title='bbox 832 820 868 878; x_wconf 90' lang='lat' dir='ltr'><strong>et</strong></span> <span class='ocrx_word' id='word_1_35' title='bbox 895 804 1037 880; x_wconf 84' lang='lat' dir='ltr'><strong>fortiter</strong></span> <span class='ocrx_word' id='word_1_36' title='bbox 1064 809 1248 904; x_wconf 82' lang='lat' dir='ltr'><strong>judicnre3</strong></span> 
     </span>
     <span class='ocr_line' id='line_1_6' title="bbox 180 915 1249 1015; baseline 0.006 -25"><span class='ocrx_word' id='word_1_37' title='bbox 180 941 298 1015; x_wconf 92' lang='lat' dir='ltr'><strong>quum</strong></span> <span class='ocrx_word' id='word_1_38' title='bbox 319 915 451 1001; x_wconf 81' lang='lat' dir='ltr'><strong>videat,</strong></span> <span class='ocrx_word' id='word_1_39' title='bbox 472 915 541 988; x_wconf 85' lang='lat' dir='ltr'><strong>sibi</strong></span> <span class='ocrx_word' id='word_1_40' title='bbox 569 915 615 988; x_wconf 89' lang='lat' dir='ltr'><strong>dc</strong></span> <span class='ocrx_word' id='word_1_41' title='bbox 639 940 702 1001; x_wconf 93' lang='lat' dir='ltr'><strong>eo,</strong></span> <span class='ocrx_word' id='word_1_42' title='bbox 726 915 828 1014; x_wconf 90' lang='lat' dir='ltr'><strong>quod</strong></span> <span class='ocrx_word' id='word_1_43' title='bbox 851 917 996 1006; x_wconf 82' lang='lat' dir='ltr'><strong>coierit,</strong></span> <span class='ocrx_word' id='word_1_44' title='bbox 1019 934 1081 992; x_wconf 84' lang='lat' dir='ltr'><strong>aut</strong></span> <span class='ocrx_word' id='word_1_45' title='bbox 1098 943 1249 996; x_wconf 89' lang='lat' dir='ltr'><strong>consen·</strong></span> 
     </span>
     <span class='ocr_line' id='line_1_7' title="bbox 178 1025 1080 1116; baseline -0.01 -14"><span class='ocrx_word' id='word_1_46' title='bbox 178 1033 283 1116; x_wconf 84' lang='lat' dir='ltr'><strong>serit,</strong></span> <span class='ocrx_word' id='word_1_47' title='bbox 302 1051 443 1104; x_wconf 83' lang='lat' dir='ltr'><strong>causam</strong></span> <span class='ocrx_word' id='word_1_48' title='bbox 462 1051 537 1101; x_wconf 87' lang='lat' dir='ltr'><strong>esse</strong></span> <span class='ocrx_word' id='word_1_49' title='bbox 555 1025 766 1100; x_wconf 82' lang='lat' dir='ltr'>dicendam?</span> <span class='ocrx_word' id='word_1_50' title='bbox 1078 1043 1080 1050; x_wconf 61' lang='lat'><strong>⁴</strong></span> 
     </span>
    </p>

    <p class='ocr_par' dir='ltr' id='par_1_3' title="bbox 163 1135 1253 3217">
     <span class='ocr_line' id='line_1_8' title="bbox 229 1135 1248 1237; baseline 0.002 -27"><span class='ocrx_word' id='word_1_51' title='bbox 229 1143 319 1214; x_wconf 87' lang='lat' dir='ltr'><strong>LVI.</strong></span> <span class='ocrx_word' id='word_1_52' title='bbox 343 1142 376 1210; x_wconf 90' lang='grc' dir='ltr'><strong>Ο</strong></span> <span class='ocrx_word' id='word_1_53' title='bbox 393 1139 492 1211; x_wconf 84' lang='lat' dir='ltr'><strong>viros</strong></span> <span class='ocrx_word' id='word_1_54' title='bbox 513 1135 646 1226; x_wconf 85' lang='lat' dir='ltr'><strong>fortes,</strong></span> <span class='ocrx_word' id='word_1_55' title='bbox 668 1140 809 1235; x_wconf 75' lang='lat' dir='ltr'><strong>equites</strong></span> <span class='ocrx_word' id='word_1_56' title='bbox 822 1163 1011 1225; x_wconf 83' lang='lat' dir='ltr'><strong>romanos,</strong></span> <span class='ocrx_word' id='word_1_57' title='bbox 1030 1145 1095 1237; x_wconf 89' lang='lat' dir='ltr'><strong>qni</strong></span> <span class='ocrx_word' id='word_1_58' title='bbox 1108 1141 1248 1214; x_wconf 87' lang='lat' dir='ltr'><strong>homini</strong></span> 
     </span>
     <span class='ocr_line' id='line_1_9' title="bbox 178 1247 1250 1350; baseline 0.005 -28"><span class='ocrx_word' id='word_1_59' title='bbox 178 1247 381 1328; x_wconf 83' lang='lat' dir='ltr'><strong>clarissimo</strong></span> <span class='ocrx_word' id='word_1_60' title='bbox 394 1273 435 1324; x_wconf 80' lang='lat' dir='ltr'><strong>ac</strong></span> <span class='ocrx_word' id='word_1_61' title='bbox 449 1248 719 1346; x_wconf 82' lang='lat' dir='ltr'><strong>potentissimo,</strong></span> <span class='ocrx_word' id='word_1_62' title='bbox 734 1250 783 1320; x_wconf 87' lang='lat' dir='ltr'><strong>M.</strong></span> <span class='ocrx_word' id='word_1_63' title='bbox 798 1252 938 1337; x_wconf 82' lang='lat' dir='ltr'>Druso,</span> <span class='ocrx_word' id='word_1_64' title='bbox 953 1248 1102 1324; x_wconf 75' lang='lat' dir='ltr'><strong>‚tribuno</strong></span> <span class='ocrx_word' id='word_1_65' title='bbox 1118 1250 1250 1350; x_wconf 88' lang='lat' dir='ltr'><strong>plebis,</strong></span> 
     </span>
     <span class='ocr_line' id='line_1_10' title="bbox 178 1355 1250 1455; baseline 0.007 -27"><span class='ocrx_word' id='word_1_66' title='bbox 178 1360 409 1442; x_wconf 79' lang='lat' dir='ltr'><strong>restiterunt,</strong></span> <span class='ocrx_word' id='word_1_67' title='bbox 434 1382 552 1455; x_wconf 89' lang='lat' dir='ltr'><strong>quum</strong></span> <span class='ocrx_word' id='word_1_68' title='bbox 580 1357 640 1432; x_wconf 92' lang='lat' dir='ltr'><strong>ille</strong></span> <span class='ocrx_word' id='word_1_69' title='bbox 667 1355 757 1431; x_wconf 86' lang='lat' dir='ltr'><strong>nihil</strong></span> <span class='ocrx_word' id='word_1_70' title='bbox 780 1357 878 1430; x_wconf 85' lang='lat' dir='ltr'><strong>aliud</strong></span> <span class='ocrx_word' id='word_1_71' title='bbox 900 1369 1051 1454; x_wconf 84' lang='lat' dir='ltr'><strong>ageret¹</strong></span> <span class='ocrx_word' id='word_1_72' title='bbox 1080 1385 1162 1432; x_wconf 86' lang='lat' dir='ltr'><strong>cum</strong></span> <span class='ocrx_word' id='word_1_73' title='bbox 1189 1361 1250 1436; x_wconf 84' lang='lat' dir='ltr'><strong>illa</strong></span> 
     </span>
     <span class='ocr_line' id='line_1_11' title="bbox 179 1465 1249 1568; baseline 0.008 -30"><span class='ocrx_word' id='word_1_74' title='bbox 179 1483 330 1556; x_wconf 85' lang='lat' dir='ltr'><strong>cuncta,</strong></span> <span class='ocrx_word' id='word_1_75' title='bbox 351 1487 434 1565; x_wconf 79' lang='lat' dir='ltr'><strong>qu&#39;ae</strong></span> <span class='ocrx_word' id='word_1_76' title='bbox 459 1481 655 1558; x_wconf 80' lang='lat' dir='ltr'><strong>tumeret,</strong></span> <span class='ocrx_word' id='word_1_77' title='bbox 683 1465 892 1553; x_wconf 83' lang='lat' dir='ltr'><strong>nobilitate,</strong></span> <span class='ocrx_word' id='word_1_78' title='bbox 920 1469 990 1540; x_wconf 90' lang='lat' dir='ltr'><strong>nisi</strong></span> <span class='ocrx_word' id='word_1_79' title='bbox 1011 1472 1083 1560; x_wconf 85' lang='lat' dir='ltr'><strong>uti,</strong></span> <span class='ocrx_word' id='word_1_80' title='bbox 1107 1474 1171 1568; x_wconf 89' lang='lat' dir='ltr'><strong>qui</strong></span> <span class='ocrx_word' id='word_1_81' title='bbox 1191 1497 1249 1546; x_wconf 87' lang='lat' dir='ltr'><strong>res</strong></span> 
     </span>
     <span class='ocr_line' id='line_1_12' title="bbox 175 1574 1250 1676; baseline 0.006 -28"><span class='ocrx_word' id='word_1_82' title='bbox 175 1575 414 1671; x_wconf 80' lang='lat' dir='ltr'><strong>judicassent,</strong></span> <span class='ocrx_word' id='word_1_83' title='bbox 437 1574 689 1672; x_wconf 87' lang='lat' dir='ltr'><strong>hujuscemodi</strong></span> <span class='ocrx_word' id='word_1_84' title='bbox 714 1576 974 1674; x_wconf 72' lang='lat' dir='ltr'><strong>questionibus</strong></span> <span class='ocrx_word' id='word_1_85' title='bbox 1002 1580 1041 1652; x_wconf 92' lang='lat' dir='ltr'><strong>in</strong></span> <span class='ocrx_word' id='word_1_86' title='bbox 1070 1581 1250 1676; x_wconf 87' lang='lat' dir='ltr'><strong>judicium</strong></span> 
     </span>
     <span class='ocr_line' id='line_1_13' title="bbox 163 1687 1247 1778; baseline 0.011 -24"><span class='ocrx_word' id='word_1_87' title='bbox 163 1701 409 1758; x_wconf 58' lang='lat' dir='ltr'><strong>‘vocarentur</strong></span> <span class='ocrx_word' id='word_1_88' title='bbox 437 1689 539 1758; x_wconf 90' lang='lat' dir='ltr'><strong>Tunc</strong></span> <span class='ocrx_word' id='word_1_89' title='bbox 564 1690 602 1758; x_wconf 89' lang='lat' dir='ltr'><strong>C.</strong></span> <span class='ocrx_word' id='word_1_90' title='bbox 628 1687 769 1760; x_wconf 83' lang='lat' dir='ltr'><strong>Flavius</strong></span> <span class='ocrx_word' id='word_1_91' title='bbox 794 1689 924 1775; x_wconf 86' lang='lat' dir='ltr'><strong>Pusio,</strong></span> <span class='ocrx_word' id='word_1_92' title='bbox 950 1693 1015 1762; x_wconf 89' lang='lat' dir='ltr'><strong>Cn.</strong></span> <span class='ocrx_word' id='word_1_93' title='bbox 1043 1693 1247 1778; x_wconf 85' lang='lat' dir='ltr'><strong>Titinnius,</strong></span> 
     </span>
     <span class='ocr_line' id='line_1_14' title="bbox 178 1795 1250 1900; baseline 0.006 -32"><span class='ocrx_word' id='word_1_94' title='bbox 178 1800 222 1868; x_wconf 91' lang='lat' dir='ltr'><strong>C.</strong></span> <span class='ocrx_word' id='word_1_95' title='bbox 239 1800 433 1883; x_wconf 69' lang='lat' dir='ltr'><strong>Mecenas,</strong></span> <span class='ocrx_word' id='word_1_96' title='bbox 449 1797 508 1870; x_wconf 85' lang='lat' dir='ltr'><strong>illa</strong></span> <span class='ocrx_word' id='word_1_97' title='bbox 522 1795 656 1873; x_wconf 80' lang='lat' dir='ltr'><strong>robora</strong></span> <span class='ocrx_word' id='word_1_98' title='bbox 670 1796 795 1895; x_wconf 83' lang='lat' dir='ltr'><strong>populi</strong></span> <span class='ocrx_word' id='word_1_99' title='bbox 809 1801 966 1884; x_wconf 85' lang='lat' dir='ltr'><strong>romani,</strong></span> <span class='ocrx_word' id='word_1_100' title='bbox 983 1802 1167 1900; x_wconf 86' lang='lat' dir='ltr'><strong>ceterique</strong></span> <span class='ocrx_word' id='word_1_101' title='bbox 1183 1802 1250 1876; x_wconf 92' lang='lat' dir='ltr'><strong>hu·</strong></span> 
     </span>
     <span class='ocr_line' id='line_1_15' title="bbox 175 1904 1250 2007; baseline 0.006 -29"><span class='ocrx_word' id='word_1_102' title='bbox 175 1907 379 2002; x_wconf 81' lang='lat' dir='ltr'><strong>juscemodi</strong></span> <span class='ocrx_word' id='word_1_103' title='bbox 408 1907 564 1994; x_wconf 80' lang='lat' dir='ltr'><strong>ordinis,</strong></span> <span class='ocrx_word' id='word_1_104' title='bbox 590 1931 666 1981; x_wconf 91' lang='lat' dir='ltr'><strong>non</strong></span> <span class='ocrx_word' id='word_1_105' title='bbox 695 1904 863 1986; x_wconf 79' lang='lat' dir='ltr'><strong>fecemnt</strong></span> <span class='ocrx_word' id='word_1_106' title='bbox 887 1908 999 1996; x_wconf 85' lang='lat' dir='ltr'><strong>idem,</strong></span> <span class='ocrx_word' id='word_1_107' title='bbox 1024 1911 1124 2007; x_wconf 90' lang='lat' dir='ltr'><strong>quod</strong></span> <span class='ocrx_word' id='word_1_108' title='bbox 1150 1936 1250 1985; x_wconf 86' lang='lat' dir='ltr'><strong>nunc</strong></span> 
     </span>
     <span class='ocr_line' id='line_1_16' title="bbox 178 2016 1253 2118; baseline 0.002 -28"><span class='ocrx_word' id='word_1_109' title='bbox 178 2018 388 2104; x_wconf 82' lang='lat' dir='ltr'><strong>Cluentius,</strong></span> <span class='ocrx_word' id='word_1_110' title='bbox 415 2031 458 2088; x_wconf 89' lang='lat' dir='ltr'><strong>ut</strong></span> <span class='ocrx_word' id='word_1_111' title='bbox 481 2016 619 2115; x_wconf 83' lang='lat' dir='ltr'><strong>aliquid</strong></span> <span class='ocrx_word' id='word_1_112' title='bbox 647 2016 762 2115; x_wconf 81' lang='lat' dir='ltr'><strong>cnlpae</strong></span> <span class='ocrx_word' id='word_1_113' title='bbox 789 2020 973 2116; x_wconf 76' lang='lat' dir='ltr'><strong>suscipere</strong></span> <span class='ocrx_word' id='word_1_114' title='bbox 999 2044 1037 2092; x_wconf 88' lang='lat' dir='ltr'><strong>se</strong></span> <span class='ocrx_word' id='word_1_115' title='bbox 1062 2035 1253 2118; x_wconf 88' lang='lat' dir='ltr'><strong>putarent,</strong></span> 
     </span>
     <span class='ocr_line' id='line_1_17' title="bbox 177 2126 1251 2226; baseline 0.001 -26"><span class='ocrx_word' id='word_1_116' title='bbox 177 2127 382 2203; x_wconf 86' lang='lat' dir='ltr'><strong>recusando</strong></span> <span class='ocrx_word' id='word_1_117' title='bbox 394 2139 429 2214; x_wconf 78' lang='lat'><strong>²3</strong></span> <span class='ocrx_word' id='word_1_118' title='bbox 448 2126 511 2200; x_wconf 90' lang='lat' dir='ltr'><strong>sed</strong></span> <span class='ocrx_word' id='word_1_119' title='bbox 526 2127 749 2225; x_wconf 83' lang='lat' dir='ltr'><strong>apertissime</strong></span> <span class='ocrx_word' id='word_1_120' title='bbox 761 2143 1026 2225; x_wconf 84' lang='lat' dir='ltr'><strong>repugnarunt,</strong></span> <span class='ocrx_word' id='word_1_121' title='bbox 1042 2153 1157 2226; x_wconf 91' lang='lat' dir='ltr'><strong>quum</strong></span> <span class='ocrx_word' id='word_1_122' title='bbox 1173 2128 1251 2202; x_wconf 88' lang='lat' dir='ltr'><strong>haee</strong></span> 
     </span>
     <span class='ocr_line' id='line_1_18' title="bbox 176 2235 1250 2335; baseline 0.004 -27"><span class='ocrx_word' id='word_1_123' title='bbox 176 2251 404 2320; x_wconf 85' lang='lat' dir='ltr'><strong>recusarent,</strong></span> <span class='ocrx_word' id='word_1_124' title='bbox 434 2251 471 2308; x_wconf 89' lang='lat' dir='ltr'><strong>et</strong></span> <span class='ocrx_word' id='word_1_125' title='bbox 500 2236 618 2334; x_wconf 85' lang='lat' dir='ltr'><strong>palam</strong></span> <span class='ocrx_word' id='word_1_126' title='bbox 644 2235 838 2311; x_wconf 83' lang='lat' dir='ltr'><strong>fortissime</strong></span> <span class='ocrx_word' id='word_1_127' title='bbox 863 2253 974 2335; x_wconf 82' lang='lat' dir='ltr'><strong>atque</strong></span> <span class='ocrx_word' id='word_1_128' title='bbox 997 2238 1250 2312; x_wconf 84' lang='lat' dir='ltr'><strong>honestissime</strong></span> 
     </span>
     <span class='ocr_line' id='line_1_19' title="bbox 177 2345 1250 2446; baseline 0.005 -27"><span class='ocrx_word' id='word_1_129' title='bbox 177 2347 359 2437; x_wconf 79' lang='lat' dir='ltr'><strong>dicerent,</strong></span> <span class='ocrx_word' id='word_1_130' title='bbox 380 2373 447 2420; x_wconf 73' lang='lat' dir='ltr'><strong>«se</strong></span> <span class='ocrx_word' id='word_1_131' title='bbox 462 2351 623 2446; x_wconf 88' lang='lat' dir='ltr'><strong>potuisse</strong></span> <span class='ocrx_word' id='word_1_132' title='bbox 640 2346 776 2444; x_wconf 87' lang='lat' dir='ltr'><strong>judicio</strong></span> <span class='ocrx_word' id='word_1_133' title='bbox 796 2347 924 2445; x_wconf 88' lang='lat' dir='ltr'><strong>populi</strong></span> <span class='ocrx_word' id='word_1_134' title='bbox 936 2345 1104 2422; x_wconf 80' lang='lat' dir='ltr'><strong>romani³</strong></span> <span class='ocrx_word' id='word_1_135' title='bbox 1125 2351 1163 2420; x_wconf 88' lang='lat' dir='ltr'><strong>in</strong></span> <span class='ocrx_word' id='word_1_136' title='bbox 1177 2375 1250 2424; x_wconf 79' lang='lat' dir='ltr'><strong>em·</strong></span> 
     </span>
     <span class='ocr_line' id='line_1_20' title="bbox 176 2459 1249 2558; baseline 0.005 -29"><span class='ocrx_word' id='word_1_137' title='bbox 176 2460 379 2558; x_wconf 88' lang='lat' dir='ltr'><strong>plissimum</strong></span> <span class='ocrx_word' id='word_1_138' title='bbox 403 2459 524 2535; x_wconf 89' lang='lat' dir='ltr'><strong>locum</strong></span> <span class='ocrx_word' id='word_1_139' title='bbox 544 2459 750 2557; x_wconf 83' lang='lat' dir='ltr'><strong>pervenire,</strong></span> <span class='ocrx_word' id='word_1_140' title='bbox 765 2460 795 2530; x_wconf 84' lang='lat' dir='ltr'><strong>si</strong></span> <span class='ocrx_word' id='word_1_141' title='bbox 813 2483 877 2530; x_wconf 86' lang='lat' dir='ltr'><strong>sua</strong></span> <span class='ocrx_word' id='word_1_142' title='bbox 895 2459 1012 2534; x_wconf 79' lang='lat' dir='ltr'><strong>studia</strong></span> <span class='ocrx_word' id='word_1_143' title='bbox 1031 2460 1076 2534; x_wconf 83' lang='lat' dir='ltr'><strong>ad</strong></span> <span class='ocrx_word' id='word_1_144' title='bbox 1090 2459 1249 2536; x_wconf 85' lang='lat' dir='ltr'><strong>honores</strong></span> 
     </span>
     <span class='ocr_line' id='line_1_21' title="bbox 177 2567 1249 2669; baseline 0 -22"><span class='ocrx_word' id='word_1_145' title='bbox 177 2570 358 2669; x_wconf 84' lang='lat' dir='ltr'><strong>petendos</strong></span> <span class='ocrx_word' id='word_1_146' title='bbox 385 2567 569 2644; x_wconf 85' lang='lat' dir='ltr'><strong>conlerrre</strong></span> <span class='ocrx_word' id='word_1_147' title='bbox 598 2569 820 2657; x_wconf 78' lang='lat' dir='ltr'><strong>voluissent3</strong></span> <span class='ocrx_word' id='word_1_148' title='bbox 852 2594 930 2642; x_wconf 88' lang='lat' dir='ltr'><strong>sese</strong></span> <span class='ocrx_word' id='word_1_149' title='bbox 958 2571 1104 2657; x_wconf 81' lang='lat' dir='ltr'><strong>vidisse,</strong></span> <span class='ocrx_word' id='word_1_150' title='bbox 1134 2573 1171 2646; x_wconf 92' lang='lat' dir='ltr'><strong>in</strong></span> <span class='ocrx_word' id='word_1_151' title='bbox 1206 2595 1249 2646; x_wconf 78' lang='lat' dir='ltr'><strong>ea</strong></span> 
     </span>
     <span class='ocr_line' id='line_1_22' title="bbox 176 2678 1249 2780; baseline 0.004 -28"><span class='ocrx_word' id='word_1_152' title='bbox 176 2679 275 2755; x_wconf 72' lang='lat' dir='ltr'><strong>vital</strong></span> <span class='ocrx_word' id='word_1_153' title='bbox 290 2679 407 2778; x_wconf 89' lang='lat' dir='ltr'><strong>qualis</strong></span> <span class='ocrx_word' id='word_1_154' title='bbox 420 2678 594 2777; x_wconf 87' lang='lat' dir='ltr'><strong>splendor</strong></span> <span class='ocrx_word' id='word_1_155' title='bbox 602 2681 758 2768; x_wconf 85' lang='lat' dir='ltr'><strong>inesset,</strong></span> <span class='ocrx_word' id='word_1_156' title='bbox 772 2695 909 2776; x_wconf 87' lang='lat' dir='ltr'><strong>quanta</strong></span> <span class='ocrx_word' id='word_1_157' title='bbox 924 2697 1154 2768; x_wconf 85' lang='lat' dir='ltr'><strong>ornamenta,</strong></span> <span class='ocrx_word' id='word_1_158' title='bbox 1167 2706 1249 2780; x_wconf 82' lang='lat' dir='ltr'><strong>quae</strong></span> 
     </span>
     <span class='ocr_line' id='line_1_23' title="bbox 176 2787 1247 2888; baseline -0.005 -24"><span class='ocrx_word' id='word_1_159' title='bbox 176 2790 349 2888; x_wconf 56' lang='lat' dir='ltr'><strong>dipticae</strong></span> <span class='ocrx_word' id='word_1_160' title='bbox 371 2814 453 2887; x_wconf 80' lang='lat' dir='ltr'><strong>que</strong></span> <span class='ocrx_word' id='word_1_161' title='bbox 474 2814 512 2860; x_wconf 91' lang='lat' dir='ltr'><strong>se</strong></span> <span class='ocrx_word' id='word_1_162' title='bbox 531 2813 607 2860; x_wconf 92' lang='lat' dir='ltr'><strong>non</strong></span> <span class='ocrx_word' id='word_1_163' title='bbox 627 2789 904 2886; x_wconf 82' lang='lat' dir='ltr'><strong>contempsisse,</strong></span> <span class='ocrx_word' id='word_1_164' title='bbox 927 2787 989 2858; x_wconf 91' lang='lat' dir='ltr'><strong>sed</strong></span> <span class='ocrx_word' id='word_1_165' title='bbox 1011 2787 1140 2860; x_wconf 90' lang='lat' dir='ltr'><strong>ordine</strong></span> <span class='ocrx_word' id='word_1_166' title='bbox 1162 2813 1247 2874; x_wconf 83' lang='lat' dir='ltr'><strong>suo,</strong></span> 
     </span>
     <span class='ocr_line' id='line_1_24' title="bbox 176 2895 1247 2999; baseline -0.003 -28"><span class='ocrx_word' id='word_1_167' title='bbox 176 2916 398 2999; x_wconf 87' lang='lat' dir='ltr'><strong>patrumque</strong></span> <span class='ocrx_word' id='word_1_168' title='bbox 422 2923 573 2972; x_wconf 89' lang='lat' dir='ltr'><strong>snorum</strong></span> <span class='ocrx_word' id='word_1_169' title='bbox 596 2913 789 2975; x_wconf 87' lang='lat' dir='ltr'><strong>contentos</strong></span> <span class='ocrx_word' id='word_1_170' title='bbox 808 2895 935 2985; x_wconf 87' lang='lat' dir='ltr'><strong>suisse;</strong></span> <span class='ocrx_word' id='word_1_171' title='bbox 955 2912 993 2968; x_wconf 87' lang='lat' dir='ltr'><strong>et</strong></span> <span class='ocrx_word' id='word_1_172' title='bbox 1014 2897 1126 2974; x_wconf 78' lang='lat' dir='ltr'><strong>vitam</strong></span> <span class='ocrx_word' id='word_1_173' title='bbox 1149 2898 1247 2971; x_wconf 86' lang='lat' dir='ltr'><strong>illam</strong></span> 
     </span>
     <span class='ocr_line' id='line_1_25' title="bbox 176 3006 1248 3108; baseline -0.002 -28"><span class='ocrx_word' id='word_1_174' title='bbox 176 3009 411 3108; x_wconf 79' lang='lat' dir='ltr'><strong>tranquillam</strong></span> <span class='ocrx_word' id='word_1_175' title='bbox 432 3023 468 3080; x_wconf 91' lang='lat' dir='ltr'><strong>et</strong></span> <span class='ocrx_word' id='word_1_176' title='bbox 489 3011 665 3104; x_wconf 86' lang='lat' dir='ltr'><strong>quietam,</strong></span> <span class='ocrx_word' id='word_1_177' title='bbox 686 3023 863 3080; x_wconf 87' lang='lat' dir='ltr'><strong>remotam</strong></span> <span class='ocrx_word' id='word_1_178' title='bbox 882 3013 901 3077; x_wconf 86' lang='lat' dir='ltr'><strong>a</strong></span> <span class='ocrx_word' id='word_1_179' title='bbox 919 3007 1087 3105; x_wconf 89' lang='lat' dir='ltr'><strong>procellis</strong></span> <span class='ocrx_word' id='word_1_180' title='bbox 1101 3006 1248 3078; x_wconf 84' lang='lat' dir='ltr'><strong>invidia·</strong></span> 
     </span>
     <span class='ocr_line' id='line_1_26' title="bbox 175 3115 1246 3217; baseline -0.005 -23"><span class='ocrx_word' id='word_1_181' title='bbox 175 3145 280 3211; x_wconf 90' lang='lat' dir='ltr'><strong>rum,</strong></span> <span class='ocrx_word' id='word_1_182' title='bbox 296 3137 334 3196; x_wconf 89' lang='lat' dir='ltr'><strong>et</strong></span> <span class='ocrx_word' id='word_1_183' title='bbox 350 3121 602 3217; x_wconf 84' lang='lat' dir='ltr'><strong>hujuscemodi</strong></span> <span class='ocrx_word' id='word_1_184' title='bbox 613 3118 835 3214; x_wconf 86' lang='lat' dir='ltr'><strong>judiciorum</strong></span> <span class='ocrx_word' id='word_1_185' title='bbox 847 3115 1031 3204; x_wconf 77' lang='lat' dir='ltr'><strong>anfractu,</strong></span> <span class='ocrx_word' id='word_1_186' title='bbox 1052 3119 1156 3215; x_wconf 90' lang='lat' dir='ltr'><strong>sequi</strong></span> <span class='ocrx_word' id='word_1_187' title='bbox 1172 3141 1246 3191; x_wconf 87' lang='lat' dir='ltr'><strong>ma-</strong></span> 
     </span>
    </p>
   </div>
   <div class='ocr_carea' id='block_1_3' title="bbox 174 3362 1245 4154">
    <p class='ocr_par' dir='ltr' id='par_1_4' title="bbox 176 3362 1245 3668">
     <span class='ocr_line' id='line_1_27' title="bbox 214 3362 1245 3428; baseline 0.003 -15"><span class='ocrx_word' id='word_1_188' title='bbox 214 3381 255 3414; x_wconf 77' lang='lat' dir='ltr'><strong>m.</strong></span> <span class='ocrx_word' id='word_1_189' title='bbox 285 3363 403 3422; x_wconf 75' lang='lat' dir='ltr'><strong>Aeulmm</strong></span> <span class='ocrx_word' id='word_1_190' title='bbox 428 3362 561 3412; x_wconf 68' lang='lat' dir='ltr'><strong>severitatis</strong></span> <span class='ocrx_word' id='word_1_191' title='bbox 591 3373 688 3414; x_wconf 72' lang='lat' dir='ltr'><strong>oestro.</strong></span> <span class='ocrx_word' id='word_1_192' title='bbox 732 3363 871 3428; x_wconf 78' lang='lat' dir='ltr'><strong>pntiantur,</strong></span> <span class='ocrx_word' id='word_1_193' title='bbox 882 3379 929 3428; x_wconf 77' lang='lat' dir='ltr'><strong>qne</strong></span> <span class='ocrx_word' id='word_1_194' title='bbox 944 3375 1042 3420; x_wconf 69' lang='lat' dir='ltr'><strong>semme</strong></span> <span class='ocrx_word' id='word_1_195' title='bbox 1053 3381 1097 3416; x_wconf 82' lang='lat' dir='ltr'><strong>eor</strong></span> <span class='ocrx_word' id='word_1_196' title='bbox 1111 3367 1187 3416; x_wconf 84' lang='lat' dir='ltr'><strong>teneri</strong></span> <span class='ocrx_word' id='word_1_197' title='bbox 1197 3383 1245 3416; x_wconf 88' lang='lat' dir='ltr'><strong>no-</strong></span> 
     </span>
     <span class='ocr_line' id='line_1_28' title="bbox 176 3441 1245 3511; baseline 0.006 -21"><span class='ocrx_word' id='word_1_198' title='bbox 176 3443 280 3510; x_wconf 75' lang='lat' dir='ltr'><strong>Sperant</strong></span> <span class='ocrx_word' id='word_1_199' title='bbox 290 3441 343 3492; x_wconf 83' lang='lat' dir='ltr'><strong>fieri</strong></span> <span class='ocrx_word' id='word_1_200' title='bbox 352 3461 424 3509; x_wconf 76' lang='lat' dir='ltr'><strong>posse</strong></span> <span class='ocrx_word' id='word_1_201' title='bbox 433 3460 464 3493; x_wconf 85' lang='lat' dir='ltr'><strong>ne</strong></span> <span class='ocrx_word' id='word_1_202' title='bbox 477 3441 689 3506; x_wconf 77' lang='lat' dir='ltr'><strong>senemjndicetis.</strong></span> <span class='ocrx_word' id='word_1_203' title='bbox 732 3442 786 3490; x_wconf 89' lang='lat' dir='ltr'><strong>luit.</strong></span> <span class='ocrx_word' id='word_1_204' title='bbox 806 3441 877 3492; x_wconf 85' lang='lat' dir='ltr'><strong>Illinc</strong></span> <span class='ocrx_word' id='word_1_205' title='bbox 891 3441 965 3495; x_wconf 78' lang='lat' dir='ltr'><strong>multu</strong></span> <span class='ocrx_word' id='word_1_206' title='bbox 980 3443 1051 3494; x_wconf 72' lang='lat' dir='ltr'><strong>licent</strong></span> <span class='ocrx_word' id='word_1_207' title='bbox 1066 3446 1176 3511; x_wconf 67' lang='lat' dir='ltr'><strong>accipere</strong></span> <span class='ocrx_word' id='word_1_208' title='bbox 1189 3461 1245 3510; x_wconf 71' lang='lat' dir='ltr'><strong>qu·</strong></span> 
     </span>
     <span class='ocr_line' id='line_1_29' title="bbox 176 3521 1244 3589; baseline 0.001 -18"><span class='ocrx_word' id='word_1_209' title='bbox 176 3525 234 3572; x_wconf 80' lang='lat' dir='ltr'><strong>llaec</strong></span> <span class='ocrx_word' id='word_1_210' title='bbox 241 3521 273 3574; x_wconf 81' lang='lat' dir='ltr'><strong>ad</strong></span> <span class='ocrx_word' id='word_1_211' title='bbox 282 3526 375 3589; x_wconf 82' lang='lat' dir='ltr'><strong>equites</strong></span> <span class='ocrx_word' id='word_1_212' title='bbox 384 3523 510 3583; x_wconf 80' lang='lat' dir='ltr'><strong>dicuntur,</strong></span> <span class='ocrx_word' id='word_1_213' title='bbox 520 3525 564 3588; x_wconf 84' lang='lat' dir='ltr'><strong>qni</strong></span> <span class='ocrx_word' id='word_1_214' title='bbox 573 3521 626 3588; x_wconf 71' lang='lat' dir='ltr'><strong>lege</strong></span> <span class='ocrx_word' id='word_1_215' title='bbox 637 3537 689 3571; x_wconf 87' lang='lat' dir='ltr'><strong>non</strong></span> <span class='ocrx_word' id='word_1_216' title='bbox 732 3521 790 3570; x_wconf 86' lang='lat' dir='ltr'><strong>hnic</strong></span> <span class='ocrx_word' id='word_1_217' title='bbox 811 3521 868 3572; x_wconf 90' lang='lat' dir='ltr'><strong>loeo</strong></span> <span class='ocrx_word' id='word_1_218' title='bbox 892 3523 966 3573; x_wconf 79' lang='lat' dir='ltr'><strong>neem</strong></span> <span class='ocrx_word' id='word_1_219' title='bbox 991 3525 1130 3588; x_wconf 75' lang='lat' dir='ltr'><strong>preferant.</strong></span> <span class='ocrx_word' id='word_1_220' title='bbox 1152 3525 1244 3576; x_wconf 85' lang='lat' dir='ltr'><strong>Confer</strong></span> 
     </span>
     <span class='ocr_line' id='line_1_30' title="bbox 176 3601 1000 3668; baseline 0.001 -18"><span class='ocrx_word' id='word_1_221' title='bbox 176 3601 328 3652; x_wconf 74' lang='lat' dir='ltr'><strong>tenebantur.</strong></span> <span class='ocrx_word' id='word_1_222' title='bbox 731 3601 803 3650; x_wconf 78' lang='lat' dir='ltr'><strong>edam</strong></span> <span class='ocrx_word' id='word_1_223' title='bbox 817 3601 880 3649; x_wconf 78' lang='lat' dir='ltr'><strong>Flor.</strong></span> <span class='ocrx_word' id='word_1_224' title='bbox 893 3603 943 3661; x_wconf 89' lang='lat'><strong>111,</strong></span> <span class='ocrx_word' id='word_1_225' title='bbox 959 3616 1000 3668; x_wconf 80' lang='lat'><strong>17.</strong></span> 
     </span>
    </p>

    <p class='ocr_par' dir='ltr' id='par_1_5' title="bbox 174 3679 1244 4154">
     <span class='ocr_line' id='line_1_31' title="bbox 212 3679 1244 3746; baseline 0 -16"><span class='ocrx_word' id='word_1_226' title='bbox 212 3681 274 3730; x_wconf 81' lang='lat' dir='ltr'><strong>LVI.</strong></span> <span class='ocrx_word' id='word_1_227' title='bbox 295 3699 318 3733; x_wconf 89' lang='lat' dir='ltr'><strong>r.</strong></span> <span class='ocrx_word' id='word_1_228' title='bbox 334 3682 414 3744; x_wconf 82' lang='lat' dir='ltr'><strong>Quum</strong></span> <span class='ocrx_word' id='word_1_229' title='bbox 431 3679 495 3729; x_wconf 80' lang='lat' dir='ltr'><strong>niltr&#39;l</strong></span> <span class='ocrx_word' id='word_1_230' title='bbox 510 3679 581 3730; x_wconf 75' lang='lat' dir='ltr'><strong>atiud</strong></span> <span class='ocrx_word' id='word_1_231' title='bbox 593 3689 686 3745; x_wconf 69' lang='lat' dir='ltr'><strong>ageret.</strong></span> <span class='ocrx_word' id='word_1_232' title='bbox 733 3679 741 3694; x_wconf 85' lang='lat'><em>⁰</em></span> <span class='ocrx_word' id='word_1_233' title='bbox 769 3681 1244 3746; x_wconf 70' lang='lat' dir='ltr'><strong>2.1tecmand0.ttele3nttigmtur.</strong></span> 
     </span>
     <span class='ocr_line' id='line_1_32' title="bbox 175 3749 1243 3824; baseline -0.002 -14"><span class='ocrx_word' id='word_1_234' title='bbox 175 3761 360 3812; x_wconf 65' lang='lat' dir='ltr'><strong>meantem</strong></span> <span class='ocrx_word' id='word_1_235' title='bbox 366 3749 509 3808; x_wconf 74' lang='lat' dir='ltr'><strong>sententiam</strong></span> <span class='ocrx_word' id='word_1_236' title='bbox 515 3759 687 3824; x_wconf 73' lang='lat' dir='ltr'><strong>iisdemprope</strong></span> <span class='ocrx_word' id='word_1_237' title='bbox 768 3761 792 3808; x_wconf 80' lang='lat'><strong>3.</strong></span> <span class='ocrx_word' id='word_1_238' title='bbox 805 3759 902 3808; x_wconf 79' lang='lat' dir='ltr'><strong>Iudicio</strong></span> <span class='ocrx_word' id='word_1_239' title='bbox 912 3759 999 3824; x_wconf 82' lang='lat' dir='ltr'><strong>populi</strong></span> <span class='ocrx_word' id='word_1_240' title='bbox 1010 3758 1116 3806; x_wconf 83' lang='lat' dir='ltr'><strong>romani.</strong></span> <span class='ocrx_word' id='word_1_241' title='bbox 1128 3761 1178 3808; x_wconf 76' lang='lat' dir='ltr'><strong>Boe</strong></span> <span class='ocrx_word' id='word_1_242' title='bbox 1189 3776 1243 3808; x_wconf 79' lang='lat' dir='ltr'><strong>m·</strong></span> 
     </span>
     <span class='ocr_line' id='line_1_33' title="bbox 174 3837 1242 3904; baseline 0.007 -22"><span class='ocrx_word' id='word_1_243' title='bbox 174 3837 255 3886; x_wconf 71' lang='lat' dir='ltr'><strong>verbis</strong></span> <span class='ocrx_word' id='word_1_244' title='bbox 268 3841 346 3904; x_wconf 70' lang='lat' dir='ltr'><strong>legere</strong></span> <span class='ocrx_word' id='word_1_245' title='bbox 361 3839 436 3888; x_wconf 80' lang='lat' dir='ltr'><strong>estin</strong></span> <span class='ocrx_word' id='word_1_246' title='bbox 450 3840 561 3887; x_wconf 76' lang='lat' dir='ltr'><strong>oratione</strong></span> <span class='ocrx_word' id='word_1_247' title='bbox 573 3853 621 3904; x_wconf 78' lang='lat' dir='ltr'><strong>prq</strong></span> <span class='ocrx_word' id='word_1_248' title='bbox 636 3841 687 3887; x_wconf 79' lang='lat' dir='ltr'><strong>lle·</strong></span> <span class='ocrx_word' id='word_1_249' title='bbox 732 3839 846 3903; x_wconf 69' lang='lat' dir='ltr'><strong>gistrum</strong></span> <span class='ocrx_word' id='word_1_250' title='bbox 872 3840 1025 3898; x_wconf 68' lang='lat' dir='ltr'><strong>mandentis,</strong></span> <span class='ocrx_word' id='word_1_251' title='bbox 1052 3837 1144 3902; x_wconf 80' lang='lat' dir='ltr'><strong>&#39;qnibne</strong></span> <span class='ocrx_word' id='word_1_252' title='bbox 1169 3841 1242 3904; x_wconf 66' lang='lat' dir='ltr'><strong>gods</strong></span> 
     </span>
     <span class='ocr_line' id='line_1_34' title="bbox 174 3916 1184 3986; baseline 0 -20"><span class='ocrx_word' id='word_1_253' title='bbox 174 3916 254 3978; x_wconf 81' lang='lat' dir='ltr'><strong>bin-io,</strong></span> <span class='ocrx_word' id='word_1_254' title='bbox 269 3934 341 3984; x_wconf 85' lang='lat' dir='ltr'><strong>qoem</strong></span> <span class='ocrx_word' id='word_1_255' title='bbox 353 3919 420 3966; x_wconf 77' lang='lat' dir='ltr'><strong>Julin</strong></span> <span class='ocrx_word' id='word_1_256' title='bbox 437 3919 488 3982; x_wconf 78' lang='lat' dir='ltr'><strong>lege</strong></span> <span class='ocrx_word' id='word_1_257' title='bbox 502 3917 533 3966; x_wconf 89' lang='lat' dir='ltr'><strong>de</strong></span> <span class='ocrx_word' id='word_1_258' title='bbox 549 3917 688 3986; x_wconf 75' lang='lat' dir='ltr'><strong>repetundis</strong></span> <span class='ocrx_word' id='word_1_259' title='bbox 731 3916 812 3966; x_wconf 77' lang='lat' dir='ltr'><strong>aditus</strong></span> <span class='ocrx_word' id='word_1_260' title='bbox 824 3917 849 3966; x_wconf 90' lang='lat' dir='ltr'><strong>in</strong></span> <span class='ocrx_word' id='word_1_261' title='bbox 860 3918 951 3972; x_wconf 71' lang='lat' dir='ltr'><strong>curioni</strong></span> <span class='ocrx_word' id='word_1_262' title='bbox 963 3917 1065 3968; x_wconf 76' lang='lat' dir='ltr'><strong>omnim</strong></span> <span class='ocrx_word' id='word_1_263' title='bbox 1075 3917 1184 3981; x_wconf 68' lang='lat' dir='ltr'><strong>patebo.</strong></span> 
     </span>
     <span class='ocr_line' id='line_1_35' title="bbox 174 3987 1242 4062; baseline 0.003 -16"><span class='ocrx_word' id='word_1_264' title='bbox 174 3987 247 4062; x_wconf 62' lang='lat' dir='ltr'><strong>nequ</strong></span> <span class='ocrx_word' id='word_1_265' title='bbox 255 3998 349 4060; x_wconf 84' lang='lat' dir='ltr'><strong>teneri,</strong></span> <span class='ocrx_word' id='word_1_266' title='bbox 359 3991 429 4060; x_wconf 84' lang='lat' dir='ltr'><strong>quod</strong></span> <span class='ocrx_word' id='word_1_267' title='bbox 437 3997 469 4044; x_wconf 77' lang='lat' dir='ltr'><strong>sit</strong></span> <span class='ocrx_word' id='word_1_268' title='bbox 478 4013 554 4061; x_wconf 72' lang='lat' dir='ltr'><strong>equos¹</strong></span> <span class='ocrx_word' id='word_1_269' title='bbox 561 4013 622 4045; x_wconf 79' lang='lat' dir='ltr'><strong>rona.</strong></span> <span class='ocrx_word' id='word_1_270' title='bbox 630 3997 688 4044; x_wconf 87' lang='lat' dir='ltr'><strong>hor-</strong></span> <span class='ocrx_word' id='word_1_271' title='bbox 768 4004 793 4056; x_wconf 70' lang='grc'><strong>4.</strong></span> <span class='ocrx_word' id='word_1_272' title='bbox 804 3997 835 4042; x_wconf 89' lang='lat' dir='ltr'><strong>In</strong></span> <span class='ocrx_word' id='word_1_273' title='bbox 845 4013 877 4044; x_wconf 77' lang='lat' dir='ltr'><strong>ea</strong></span> <span class='ocrx_word' id='word_1_274' title='bbox 886 3996 953 4046; x_wconf 77' lang='lat' dir='ltr'><strong>vita·</strong></span> <span class='ocrx_word' id='word_1_275' title='bbox 967 3999 1029 4060; x_wconf 63' lang='lat' dir='ltr'><strong>Qun</strong></span> <span class='ocrx_word' id='word_1_276' title='bbox 1041 3997 1068 4048; x_wconf 78' lang='lat' dir='ltr'><strong>iu</strong></span> <span class='ocrx_word' id='word_1_277' title='bbox 1078 3998 1177 4048; x_wconf 71' lang='lat' dir='ltr'><strong>sumit</strong></span> <span class='ocrx_word' id='word_1_278' title='bbox 1190 4014 1242 4048; x_wconf 76' lang='lat' dir='ltr'><strong>nt·</strong></span> 
     </span>
     <span class='ocr_line' id='line_1_36' title="bbox 175 4073 972 4154; baseline 0.001 -30"><span class='ocrx_word' id='word_1_279' title='bbox 175 4085 288 4142; x_wconf 74' lang='lat' dir='ltr'><strong>latorque</strong></span> <span class='ocrx_word' id='word_1_280' title='bbox 302 4076 412 4142; x_wconf 78' lang='lat' dir='ltr'><strong>equites,</strong></span> <span class='ocrx_word' id='word_1_281' title='bbox 424 4093 456 4126; x_wconf 80' lang='lat' dir='ltr'><strong>ne</strong></span> <span class='ocrx_word' id='word_1_282' title='bbox 468 4093 493 4125; x_wconf 84' lang='lat' dir='ltr'><strong>se</strong></span> <span class='ocrx_word' id='word_1_283' title='bbox 507 4075 583 4126; x_wconf 86' lang='lat' dir='ltr'><strong>teneri</strong></span> <span class='ocrx_word' id='word_1_284' title='bbox 594 4092 622 4126; x_wconf 81' lang='lat' dir='ltr'><strong>ee</strong></span> <span class='ocrx_word' id='word_1_285' title='bbox 636 4076 688 4154; x_wconf 62' lang='lat' dir='ltr'><strong>lege</strong></span> <span class='ocrx_word' id='word_1_286' title='bbox 732 4073 871 4142; x_wconf 70' lang='lat' dir='ltr'><strong>gistrttibns</strong></span> <span class='ocrx_word' id='word_1_287' title='bbox 883 4075 972 4142; x_wconf 71' lang='lat' dir='ltr'><strong>egitur.</strong></span> 
     </span>
    </p>
   </div>
   <div class='ocr_carea' id='block_1_4' title="bbox 1072 4187 1124 4232">
    <p class='ocr_par' dir='ltr' id='par_1_6' title="bbox 1072 4187 1124 4232">
     <span class='ocr_line' id='line_1_37' title="bbox 1072 4187 1124 4232; baseline 0.058 -3"><span class='ocrx_word' id='word_1_288' title='bbox 1072 4187 1124 4232; x_wconf 89' lang='lat' dir='ltr'><strong>ll.</strong></span> 
     </span>
    </p>
   </div>
   <div class='ocr_carea' id='block_1_5' title="bbox 0 0 1482 4676">
    <p class='ocr_par' dir='ltr' id='par_1_7' title="bbox 0 0 1482 4676">
     <span class='ocr_line' id='line_1_38' title="bbox 0 0 1482 4676; baseline 0 1"><span class='ocrx_word' id='word_1_289' title='bbox 0 0 1482 4676; x_wconf 95' lang='lat' dir='ltr'><strong> </strong></span> 
     </span>
    </p>
   </div>
  </div>
 </body>
</html>
