2912 4654
214 334 280 383 sna
532 317 580 384 Μ.
606 317 646 385 Τ.
673 316 956 389 CICERONIS

206 435 297 521 tuit,
314 455 388 531 qua
404 451 593 508 accusatur
605 439 741 509 Avitus.
761 441 810 510 At
830 439 908 538 ipse
928 462 969 511 ea
988 435 1067 536 iege
1085 439 1284 538 querebar.

204 549 342 616 Paucos
351 543 452 618 dies⁷
466 563 708 645 exspectasset
721 550 906 641 Quintius.
923 554 971 622 At
983 575 1104 648 neque
1121 554 1286 648 privatus

204 679 389 744 accusare,
410 680 477 728 neo
496 657 617 730 sedata
628 659 703 755 jam
718 659 870 748 invidia,
887 660 1046 733 volebat.
1060 661 1198 734 Videtis
1212 665 1282 761 igi-

205 781 283 854 tur,
300 769 430 838 nonin
449 793 576 858 eausa,
594 769 659 843 sed
674 772 712 842 in
726 765 916 870 tempore⁸
932 797 974 843 ac
986 785 1162 870 potestate
1176 797 1281 872 spent

203 900 352 949 omnem
372 881 588 952 accusatoris
605 880 727 953 fuisse.
747 880 896 953 Multam
916 882 1053 980 petivit.
1075 885 1157 974 Qua
1176 883 1282 982 lege?

204 986 307 1084 quod
328 989 367 1058 in
391 987 508 1085 legens
530 1014 606 1061 non
624 991 825 1087 jurasset⁹;
847 1015 1007 1089 quaeres
1029 993 1167 1064 nomini
1196 1018 1280 1065 um-

203 1121 315 1195 quam
328 1097 446 1172 fraudi
465 1097 534 1170 fuit
552 1129 561 1172 ε
576 1115 614 1172 et
627 1101 726 1198 quod
741 1105 778 1172 C.
794 1105 938 1188 Verres,
953 1117 1085 1200 praetor
1099 1101 1281 1193 urbanus,

202 1207 313 1278 homo
328 1224 473 1282 sanctus
488 1226 525 1282 et
537 1207 712 1309 diligens,
730 1208 1029 1284 subsortitionem
1040 1223 1071 1256 ¹⁰
1090 1213 1168 1307 ejus
1183 1214 1221 1283 in
1235 1237 1281 1285 eo

201 1317 328 1391 codice
340 1345 416 1391 non
431 1318 602 1409 haberet,
616 1321 682 1418 qui
693 1319 960 1392 tuminterlitus
970 1319 1224 1420 proferebatur
1233 1333 1278 1392 ¹¹.

202 1431 265 1502 His
293 1429 480 1502 decausis
511 1435 550 1502 C.
583 1433 713 1504 iunius
738 1431 1002 1504 condemnatus
1022 1446 1094 1520 est,
1118 1431 1281 1528 judiees,

202 1539 392 1611 levissimis
410 1554 447 1612 et
464 1540 734 1629 infirmissimis3
758 1566 850 1640 quas
871 1543 1022 1612 omuino
1043 1541 1081 1612 in
1099 1540 1278 1637 judicium

201 1647 323 1722 afferri
333 1675 408 1722 non
423 1654 598 1749 oportuit.
616 1657 745 1750 ltaque
764 1675 961 1751 oppressus
973 1666 1045 1738 est,
1064 1675 1140 1722 non
1155 1675 1277 1736 eausa,

202 1758 266 1830 sed
280 1774 457 1860 tempore.
782 1841 786 1852 ¹

249 1875 411 1943 XXXIV.
432 1875 510 1943 Hoc
531 1896 596 1943 vos
611 1872 782 1944 Cluentio
797 1871 974 1966 judicium
992 1871 1127 1970 putatis
1145 1868 1275 1944 obesse

93 2037 95 2040 -
201 1981 391 2079 oportere?
411 1985 529 2072 Quam
551 1981 600 2052 ob
620 1983 787 2054 causam?
808 1984 865 2053 sic
885 2006 930 2053 ex
957 1980 1036 2078 lege
1058 1979 1277 2053 subsortitus

200 2117 275 2162 non
293 2107 371 2163 erat
388 2095 534 2178 tonius,
550 2107 614 2164 aut
629 2093 659 2164 si
674 2096 712 2163 in
735 2091 852 2189 legem
874 2089 1069 2188 aliquando
1088 2113 1164 2160 uon
1175 2091 1275 2188 jura·

198 2216 318 2291 verat,
342 2202 477 2276 idcirco
503 2203 600 2274 iliius
622 2203 856 2275 damnatione
877 2200 1015 2300 aliquid
1034 2200 1081 2274 de
1106 2200 1276 2282 Cluentio

197 2293 449 2409 judicabatur?
464 2315 570 2400 Non,
589 2315 727 2412 inquit;
751 2313 814 2386 sed
833 2314 892 2386 iiie
906 2313 1041 2386 idcirco
1060 2311 1117 2384 his
1134 2310 1276 2409 legibus

200 2422 464 2496 condemnatus
483 2439 558 2510 est,
578 2423 679 2521 quod
699 2438 827 2497 contra
844 2424 950 2495 aliam
967 2424 1103 2520 legem¹
1122 2423 1274 2494 oommi·

236 2653 261 2700 7.
271 2639 368 2686 Peneos
376 2635 435 2688 dies.
449 2639 536 2686 Donec
545 2638 635 2688 Juniue
645 2654 711 2703 quse·
756 2637 1112 2700 delentornmeJnnio,jndiee
1119 2637 1276 2701 questionis,

198 2733 252 2766 rere
265 2716 383 2766 desiisset.
401 2716 448 2766 Sed
465 2732 495 2766 eo
513 2717 585 2766 etiarn
601 2729 712 2783 tempore
755 2718 827 2767 Verri
835 2721 935 2784 praetori
944 2718 1040 2766 urbsno
1049 2719 1074 2766 in
1086 2716 1172 2766 codiee
1183 2719 1274 2783 scripte

198 2795 329 2846 iiniebstnr
351 2795 504 2845 tribunorum
524 2809 646 2862 potestas,
669 2799 712 2862 qui
756 2798 845 2847 tradita
856 2809 950 2856 essem,
962 2797 1128 2846 ineooodioe
1138 2813 1189 2846 non
1204 2811 1274 2844 eons-

199 2877 236 2926 tv
246 2876 282 2928 id.
296 2878 350 2927 dee.
360 2893 386 2926 se
398 2877 512 2926 sbdinsre
524 2877 644 2932 solebant.
658 2877 712 2926 Ob·
756 2877 873 2944 parebant
884 2877 982 2926 uomina
993 2875 1105 2940 judicum
1115 2875 1273 2926 subsortitio-

199 2957 347 3008 servsndum
365 2969 445 3006 autem
468 2969 504 3007 est
526 2957 623 3019 Quintii
646 2957 722 3022 apud,
756 2957 930 3006 useleeturnm
940 2970 1040 3016 uerum
1050 2955 1095 3004 iste
1107 2955 1188 3004 codex
1197 2955 1270 3004 litura

200 3037 319 3103 populum
331 3039 430 3103 gestiam
444 3037 484 3086 vei
496 3047 553 3102 post
562 3037 712 3086 tribunatum
756 3046 888 3103 corruptus
907 3035 1085 3103 proferebatur.
1105 3035 1220 3086 Ceterum
1240 3035 1273 3083 de

199 3117 350 3184 perdurasse.
366 3116 423 3165 Viri.
433 3133 486 3182 esp.
497 3124 541 3173 to.
755 3117 862 3166 baotots
876 3135 902 3166 re
918 3119 949 3168 cf.
961 3133 1015 3183 quss
1031 3115 1137 3165 diximus
1151 3115 1185 3163 sd
1197 3115 1272 3181 prim.

236 3199 261 3246 8.
282 3199 313 3244 In
331 3207 446 3262 tempore.
469 3197 572 3262 Propter
591 3207 713 3246 reoentem
755 3197 1194 3255 set.iuVerr.13,etVerr.1,6t.

198 3274 404 3326 iuvidiam-In
409 3287 541 3342 potestate.
551 3275 628 3340 Quod
636 3277 712 3326 tribu·
795 3293 805 3326 1
814 3293 838 3326 r.
847 3276 1029 3343 Profer-ebatur.
1037 3275 1184 3324 Transierts
1194 3273 1211 3321 J
1212 3273 1273 3322 unio

199 3370 246 3404 nus
253 3355 333 3420 piebis
341 3366 392 3404 erat
401 3357 526 3419 Quintius.
756 3358 854 3424 eulpam
867 3358 892 3406 in
907 3359 1009 3406 Verrem
1022 3355 1065 3420 qui
1077 3355 1187 3404 codicem
1199 3369 1272 3400 suurn

234 3451 262 3499 9.
274 3437 332 3484 Non
338 3436 453 3502 jurasset.
466 3439 495 3485 In
507 3437 711 3502 qusmjurlioibus
756 3439 908 3503 corruperit,
932 3448 960 3485 ut
986 3436 1141 3486 damnaretur
1163 3431 1271 3480 Junins:

197 3515 337 3577 jurandum.
353 3517 407 3566 Hoe
426 3516 564 3566 ostenditur
581 3515 711 3565 differres
756 3516 825 3583 quod
843 3517 884 3566 alii
903 3516 1047 3566 mutentiam
1058 3515 1154 3577 judiees
1169 3511 1200 3560 de
1217 3511 1272 3576 Op-

198 3605 303 3659 pretore
333 3595 412 3659 judex
437 3597 591 3661 quaenunt„
621 3607 713 3660 praetor
755 3597 853 3663 pinnioo
876 3596 1005 3658 tulissent,
1025 3594 1067 3644 elii
1084 3591 1168 3658 scripti
1191 3603 1272 3640 essem

198 3675 263 3724 enim
274 3691 327 3725 non
336 3677 412 3738 juret.
756 3677 783 3724 in
791 3692 836 3724 sno
847 3674 940 3724 codiee.
952 3675 1074 3724 Asconius
1085 3673 1271 3723 temenVerresn

236 3770 275 3803 ro.
292 3757 500 3805 Seebsortitionem.
513 3756 643 3818 Postquam
658 3771 710 3802 oer-
756 3765 867 3814 excuset,
880 3771 956 3820 eaque
968 3755 999 3802 de
1012 3770 1039 3802 re
1050 3755 1194 3804 Ciceronem
1208 3749 1272 3798 invi·

198 3843 250 3882 tum
269 3835 383 3896 judicum
399 3851 525 3884 numerum
542 3845 669 3884 scmsstor
681 3851 710 3883 so
755 3835 906 3900 diosesnsgis
916 3833 1186 3900 quemvereloquutum
1197 3829 1270 3878 dicit.

197 3927 252 3959 reus
265 3913 417 3974 rejecissent,
431 3914 505 3962 alters
515 3912 590 3962 fiebat
602 3915 710 3972 sortitio,
789 3917 913 3965 mlv.
939 3931 961 3964 r.
981 3915 1072 3962 Contra
1090 3911 1167 3960 attam
1181 3911 1269 3976 tegern.

197 4005 240 4040 een
253 3991 414 4054 subsortiti03
428 4006 596 4060 quumsutem
610 3993 709 4043 nornine
753 3995 870 4058 Quemvis
897 3996 927 4045 de
950 3994 1022 4042 certis
1047 4003 1143 4041 tentum
1166 4001 1191 4038 et
1215 3989 1270 4052 iege

192 4069 305 4129 judicum
331 4076 460 4124 sortitione
485 4087 508 4123 et
536 4075 709 4124 subsortitione
754 4073 860 4124 definitis
887 4073 1019 4124 sceleribus
1049 4069 1154 4133 judiosri
1185 4078 1272 4133 posset
