2958 4670
363 391 559 460 ORATIO
585 391 686 460 PRO
710 391 750 457 L.
777 381 1004 462 MURENA.
1154 389 1222 463 505
1296 387 1300 392 ¹

158 521 269 612 quam
286 509 437 606 hujusce
455 511 579 582 salutis
595 509 776 598 defensio,
789 508 852 582 sed
865 526 926 598 ut,
944 535 1026 582 meo
1046 511 1142 584 lacto
1161 540 1222 585 vo-

158 622 216 694 bis
249 618 425 719 probato,
452 621 586 716 majore
615 623 830 712 auctoritate
856 619 902 691 ab
929 619 1038 715 hujus
1063 620 1222 713 honore,

160 731 272 821 fa'ma,
286 730 514 829 fortunisque
531 731 720 822 omnibus,
734 735 962 804 inimicorum
975 734 1130 830 impetus
1141 757 1224 832 pro-

161 843 303 941 pulsare
322 845 468 940 possim.

208 957 254 1024 ΙΙ.
271 956 314 1022 Et
328 954 487 1050 primum
504 956 553 1023 M.
571 953 718 1040 Catoni,
735 953 846 1023 vitam
862 951 907 1023 ad
924 967 1058 1025 certam
1076 957 1225 1027 rationis

161 1086 328 1136 normam
353 1061 568 1160 dirigenti1,
591 1061 861 1159 diligentissime
889 1061 1128 1161 perpendenti
1146 1089 1225 1136 mo·

161 1188 285 1246 menta
304 1171 506 1244 officiorum
531 1177 715 1259 omnium,
746 1170 791 1243 de
817 1169 938 1243 officio
965 1197 1047 1243 meo
1072 1195 1224 1272 respon·

163 1281 270 1354 debo.
289 1287 404 1379 Negat
417 1281 527 1354 luisse
547 1297 687 1353 rectum
707 1285 891 1376 Cat0‚¹me
912 1296 949 1353 et
968 1283 1173 1370 consulem,
1191 1298 1228 1354 et

164 1393 252 1489 legis
263 1391 440 1464 ambitus²
459 1391 630 1480 latorem,
648 1405 683 1462 et
694 1403 766 1462 tam
780 1415 901 1462 severe
913 1406 1011 1487 gesto
1020 1389 1228 1478 consulatu,

165 1525 308 1574 causam
326 1507 379 1592 1,.Ι
395 1505 556 1574 Murenae
575 1501 759 1599 attingere.
782 1502 891 1597 Cujus
914 1500 1149 1601 reprehensio
1169 1526 1229 1572 me

166 1611 400 1684 vehementer
412 1627 552 1701 movet,
570 1637 645 1682 non
659 1611 775 1683 solum
791 1611 962 1696 utvobis,
973 1610 1130 1707 judices,
1149 1612 1230 1708 qui·
1326 1673 1332 1678 .

166 1719 237 1792 bus
251 1723 405 1796 maxime
424 1720 561 1809 debeo,
573 1739 700 1792 verum
714 1725 822 1793 etiam
840 1736 882 1792 ul.
900 1723 968 1818 ipsi
989 1723 1136 1806 Catoni,
1154 1743 1232 1816 gra·

167 1833 312 1904 vissimo
341 1846 451 1928 atque
470 1833 703 1930 integerrimo
727 1834 824 1922 virn,
858 1833 1034 1902 rationem
1057 1828 1140 1900 lacti
1162 1831 1233 1900 mei

166 1942 331 2040 probem.
354 1945 384 2012 A
405 1966 480 2038 quo
500 1942 663 2029 tandem,
681 1945 728 2012 M.
751 1948 856 2028 Cato,
876 1957 929 2014 est
946 1943 1083 2038 aquius
1100 1963 1232 2012 consu·

167 2053 240 2124 lem
257 2051 423 2140 defendi,
446 2077 556 2148 quam
578 2078 597 2126 a
618 2052 798 2123 consule?
823 2053 914 2144 Quis
931 2048 1047 2122 inihi³
1067 2052 1104 2120 in
1124 2073 1235 2146 repu-

167 2160 263 2234 blica
277 2174 412 2258 potest,
427 2176 489 2232 aut
500 2161 610 2234 debet
623 2185 701 2234 esse
719 2163 959 2258 conjunctior,
981 2187 1090 2258 quam
1110 2164 1158 2245 is,
1177 2147 1237 2229 cui

169 2269 399 2367 respublicae
412 2295 470 2370 me
486 2276 577 2343 unal
593 2271 983 2354 traditursustinenda‚
998 2272 1135 2368 magnis
1147 2271 1236 2338 meis

170 2377 356 2451 laboribus
370 2393 407 2450 et
422 2382 590 2478 periculis
610 2384 826 2454 sustentata?
843 2383 953 2474 Quod
970 2386 997 2453 si
1015 2385 1051 2452 in
1071 2384 1113 2451 iis
1128 2379 1236 2451 rebus

171 2487 394 2588 repetendis,
410 2513 490 2586 quae
514 2495 671 2590 mancipi
695 2489 821 2580 sunt⁵,
842 2495 872 2565 is
896 2491 1098 2591 periculum
1113 2491 1238 2589 judicii

207 2705 239 2753 11.
260 2719 282 2752 ι.
304 2705 422 2752 Nor-mam
440 2703 563 2769 dirigenti.
577 2704 681 2752 Esloios
726 2719 822 2768 poenrm
836 2719 881 2768 per
893 2703 976 2752 deoem
988 2719 1065 2752 annos
1079 2703 1184 2750 subibat.
1197 2700 1238 2750 De

172 2781 308 2846 disciplina.
330 2807 366 2818 -
393 2784 518 2829 Momenen
537 2783 681 2850 officiorum.
726 2780 1236 2844 legehacrideplnraadosle.prim.vol.

172 2862 216 2910 Est
228 2863 334 2926 gravitas
349 2861 500 2920 officiorum,
513 2863 596 2924 quanti
607 2861 684 2924 quod·
726 2861 752 2906 in
762 2860 863 2907 Excurs.
874 2858 905 2906 de
913 2859 966 2918 jud.
978 2858 1045 2922 publ.
1060 2857 1075 2922 s
1089 2858 1119 2904 de
1132 2859 1238 2915 ambian,

171 2940 231 2988 libel
241 2939 349 2988 officium
359 2939 391 2986 sis
400 2940 553 2999 laciendum,
564 2940 632 3002 quod
641 2940 683 2987 slii
727 2948 752 2986 et
761 2937 788 2984 in
799 2938 884 2985 Indice
893 2938 990 3000 legum.

172 3017 361 3082 preferendum.
374 3019 416 3064 Est
425 3017 489 3064 enirn
498 3017 564 3064 allud
574 3015 683 3064 officium
763 3020 789 3066 3.
803 3017 861 3080 Quis
869 3017 936 3066 mini.
947 3017 1010 3080 Quia
1020 3033 1066 3082 ego
1075 3029 1140 3065 sorte
1150 3015 1238 3064 ductus

173 3097 223 3144 slio
249 3097 358 3159 gravius,
377 3105 405 3143 ut
417 3095 502 3143 Tullus
517 3094 544 3142 in
561 3096 643 3159 primo
660 3105 684 3143 et
728 3111 783 3144 enm
804 3097 941 3144 renuntiari
959 3098 1082 3144 consulem
1101 3099 1127 3144 et'
1140 3097 1192 3143 cavi
1211 3105 1238 3143 ul

138 3168 149 3174 ’
174 3171 393 3224 seniodeofficin
404 3173 484 3222 dooet.
728 3175 793 3222 salvs
804 3187 866 3222 esset
876 3175 1021 3238 respublica.

211 3271 235 3303 2.
254 3253 328 3319 Legis
345 3253 453 3302 aminis.
470 3254 552 3315 Quum
564 3251 685 3316 populum
765 3261 789 3310 4.
807 3255 892 3303 lamb.
909 3255 973 3313 conj.
993 3269 1054 3314 nno,
1071 3252 1140 3318 quod
1157 3256 1240 3304 Graes.

174 3335 316 3400 profusione
330 3332 398 3380 omni
408 3347 436 3380 ae
450 3331 619 3395 largitionibus
633 3343 686 3378 teu·
729 3336 826 3398 recepit.
834 3335 930 3382 Emest.
939 3331 1007 3380 malit
1013 3334 1239 3397 uarumquesbesse.

175 3423 252 3462 munt
261 3412 401 3472 candidati,
415 3421 440 3459 et
449 3410 563 3474 suffragia
576 3411 686 3458 meroeds
719 3417 793 3470 ,1.7.
807 3416 833 3464 L.
916 3467 918 3470 ¹

175 3501 357 3557 oompsrursnt,
366 3506 459 3539 serem
470 3490 535 3554 leges
547 3488 578 3538 de
586 3489 686 3536 erimine
766 3495 789 3542 5.
799 3495 861 3558 Quoe
867 3493 974 3558 manniri
979 3503 1042 3541 sune.
1052 3495 1114 3556 Qnae
1119 3493 1241 3557 mancipio

174 3573 224 3621 boe
232 3573 409 3631 tulissemtas3
423 3585 562 3634 quaquam
576 3584 687 3617 nonam·
729 3573 881 3631 alienantur,
899 3575 932 3621 ias
947 3583 975 3620 us
991 3589 1018 3619 es
1040 3571 1184 3619 abalienatio
1198 3589 1242 3634 per
1313 3593 1317 3605 ·

175 3650 278 3698 biliosus
300 3651 411 3698 bnmiues
436 3651 494 3698 sutis
513 3665 528 3696 a
552 3648 687 3712 cupidiore
730 3649 1241 3715 nexusqusmdamsolemnitatemiist.Qui

176 3729 473 3787 determmnt,etssnoitae
479 3743 559 3792 poeuae
565 3728 687 3776 bonorum
730 3747 780 3780 rem
794 3731 899 3795 mancipi
914 3731 1004 3788 dabat,
1023 3729 1085 3777 illud
1099 3729 1177 3776 lauare
1190 3743 1242 3775 non

175 3825 219 3873 sps
236 3808 338 3874 leviore,
353 3808 505 3864 viderentur,
520 3823 610 3856 novam
630 3806 687 3854 tulit
731 3821 840 3874 poterat,
853 3811 900 3857 nisi
913 3809 1021 3859 adhibita
1033 3809 1137 3866 librs‚et
1150 3823 1204 3866 aare,
1219 3816 1244 3855 st

176 3887 263 3936 Cioero
276 3885 379 3947 consul,
390 3900 438 3948 qus
447 3897 534 3950 prater
546 3903 618 3952 quam
632 3901 688 3934 reus
731 3889 949 3954 quinqueremibus
961 3888 1057 3936 civibus
1068 3887 1246 3952 romanisprae·

176 3965 251 4014 mults
264 3963 429 4024 afficiebatur,
444 3975 470 4012 et
482 3965 587 4029 publicis
602 3981 688 4013 muns·
731 3967 852 4022 sentibus,
867 3977 895 4014 ut
908 3966 939 4015 ad
951 3967 1096 4014 evictionem
1107 3965 1244 4029 obstringe·

177 4043 244 4093 ribus
253 4053 373 4109 perpetuo
383 4043 689 4108 removebatunquodjsm
732 4043 841 4103 retur,id
851 4044 1098 4103 est,sdsblutionem
1107 4045 1248 4110 reiemplae,
1339 4061 1343 4068 ’

178 4110 690 4192 CslpurulslegeiubebaturJeliamexsilii
733 4124 908 4173 interveniente
930 4122 1019 4185 judicis
1049 4121 1157 4172 decreto.
1183 4127 1245 4174 Nam
