3018 4664
472 370 526 440 IN
551 369 590 437 L.
616 369 919 455 CATILINAM,
944 368 1015 436 lll.
1206 370 1275 470 647

209 509 292 566 sunt
308 516 374 591 per
390 514 470 580 me,
492 490 596 562 vobis
612 490 687 585 jam
706 516 885 590 exponam
905 492 1081 581 breviter,
1101 495 1277 584 Quirites:

208 618 302 676 utet
318 616 474 699 quanta,
494 615 530 671 et
551 626 662 698 quam
680 601 889 688 manifesta,
909 618 945 674 et
967 630 1040 703 qua
1061 607 1200 678 ratione
1222 610 1278 680 in·
1321 681 1326 690 ,

207 714 380 810 vestigata
406 727 443 783 et
465 711 728 811 comprehensa
746 717 839 801 sint,
858 739 944 805 vos,
966 718 1030 814 qui
1055 718 1278 813 ignoratiset

207 815 442 920 exspectatis,
461 821 552 892 scire
574 819 771 919 possitis¹³.

255 933 490 1030 Principi014,
515 945 556 1003 ut
581 931 732 1003 Catilina
757 930 882 1031 paucis
897 948 988 1018 ¹aute
1013 933 1280 1010 diebus1⁵eru·

206 1043 260 1139 pit
276 1067 320 1114 ex
338 1043 446 1130 urbe,
463 1065 579 1139 quum
598 1041 741 1113 sceleris
760 1045 816 1134 sui
835 1045 967 1134 socios,
985 1045 1139 1142 hujusce
1153 1047 1282 1122 nefarii

206 1152 293 1224 belli
320 1153 515 1224 acerrimos
537 1150 649 1224 duces
671 1157 794 1224 Romae
816 1153 1041 1253 reliquisset:
1066 1183 1209 1256 semper
1230 1165 1281 1232 vi·

206 1261 312 1358 gilavi
324 1257 368 1349 ¹⁶,
381 1275 418 1332 et
431 1262 595 1359 providi,
609 1265 786 1354 Quirites,
800 1267 1109 1362 quemadmodum
1121 1269 1158 1340 in
1171 1275 1279 1344 tantis

210 1387 247 1443 et
262 1387 334 1443 tam
343 1370 575 1475 ‘absconditis
593 1373 731 1445 insidiis
751 1373 838 1445 salvi
849 1387 877 1433 ¹⁷
903 1400 980 1449 esse
997 1403 1195 1476 possemus.

255 1485 299 1552 II.
319 1485 409 1554 Nam
430 1497 531 1569 tum,
552 1507 668 1578 quum
692 1507 735 1553 ex
758 1484 850 1557 urbe
879 1487 1070 1559 Catilinam
1093 1491 1278 1586 ejiciebam

208 1591 310 1687 (uon
332 1592 428 1662 euim
445 1592 518 1688 jam
541 1617 670 1663 vereor
697 1592 807 1690 hujus
827 1595 929 1667 verbi
948 1597 1143 1689 iuvidiam,
1164 1625 1280 1698 quum

206 1700 266 1771 illa
283 1702 393 1798 magis
407 1704 453 1772 sit
469 1701 648 1792 timenda,
664 1705 765 1800 quod
783 1706 883 1776 vivus
900 1709 1063 1802 exierit),
1082 1709 1166 1782 sed¹
1185 1727 1276 1802 tum,

206 1836 321 1908 quum
336 1812 439 1882 illum
457 1813 688 1884 exterminari
709 1815 896 1905 volebam;
914 1834 977 1890 aut
994 1821 1172 1918 reliquam
1190 1847 1277 1895 con·

203 1922 434 2016 juratorum²
458 1942 604 1994 manum
625 1925 731 1996 simul
750 1928 947 2016 exituram,
966 1946 1027 2002 aut
1048 1956 1126 2019 eos,
1142 1938 1206 2031 qui
1223 1959 1278 2006 re·

206 2035 397 2120 stitissent,
411 2031 575 2104 infirmos
598 2035 676 2105 sine
693 2035 755 2107 illo
774 2061 815 2109 ac
834 2037 971 2112 debiles
990 2039 1068 2138 fore
1088 2042 1275 2140 putabam.

205 2147 324 2240 Atque
343 2169 411 2241 ego
423 2140 450 2234 ³,
471 2159 512 2214 ut
531 2143 625 2234 vidi,
647 2169 741 2242 quos
762 2149 919 2221 maximo
939 2148 1062 2224 lurore
1083 2169 1119 2224 et
1143 2155 1277 2228 scelere

205 2342 284 2390 lucem
303 2342 465 2407 produxerat.
486 2343 589 2409 Aliquot
608 2343 717 2396 habent:
763 2363 814 2396 non
829 2349 877 2398 diei
896 2361 991 2415 potest,
1012 2363 1130 2416 quantum
1148 2353 1179 2402 sd
1193 2355 1278 2404 couci-

205 2432 389 2486 compereaque,
762 2419 859 2468 liundos
875 2422 1014 2471 auditorum
1027 2427 1121 2472 animos
1141 2425 1235 2486 valeat,
1252 2437 1278 2476 et

236 2501 283 2550 rs.
297 2500 405 2550 Reduxit
414 2501 508 2550 Ernest.
516 2511 621 2550 veterem
630 2502 719 2551 lectio·
762 2498 795 2546 ad
807 2510 886 2548 cetera
898 2514 1026 2566 praeparet.

205 2594 276 2640 nem,
296 2595 330 2628 eze
349 2579 410 2627 actis
427 2581 489 2628 scire
503 2581 612 2646 possitis,
633 2598 647 2630 s
666 2582 719 2647 plu·
801 2597 842 2642 17.
853 2581 925 2629 Salvi.
936 2582 1037 2630 Aduota
1046 2582 1114 2646 quod
1123 2583 1154 2631 sit
1165 2578 1275 2632 officium

204 2659 272 2709 ribus
285 2671 365 2708 nmen
379 2660 526 2710 damnatum.
539 2662 563 2711 J.
573 2663 604 2708 V.
618 2663 665 2711 L.‘
762 2660 829 2722 ejus,
855 2659 897 2707 cui
916 2662 1043 2708 commisse
1064 2662 1199 2726 respublica
1221 2675 1274 2723 est;

243 2748 282 2794 ll·
295 2739 430 2804 Principio.
442 2741 490 2788 Hic
503 2741 719 2806 ceputsecuudum
763 2755 850 2804 nempe
862 2749 890 2786 ut
902 2739 989 2802 sopitis
999 2756 1029 2788 sc
1037 2741 1219 2803 quiescentibus
1233 2759 1274 2790 ce·

205 2819 312 2885 incipere
324 2831 407 2884 posset
419 2835 426 2881 3
439 2836 496 2867 nam
508 2837 563 2884 quae
576 2820 719 2886 praecedunt
762 2820 833 2879 teris,
848 2820 899 2882 ipse
917 2833 964 2881 pro
975 2817 1052 2867 solute
1064 2819 1160 2883 publice
1173 2820 1275 2884 vigilet,

204 2909 261 2946 snut
275 2910 355 2947 totum
367 2899 486 2946 orationis
499 2900 639 2960 exordium,
650 2915 717 2948 nunc
762 2897 879 2961 quasique
890 2894 1004 2944 excubias
1016 2908 1079 2962 egat.
1095 2900 1181 2946 Frsnc.
1193 2920 1205 2941 a
1215 2899 1276 2947 sslvi

202 2979 251 3038 jam
268 2979 355 3042 incipit
368 2979 484 3025 nsrmtio.
762 2991 813 3024 esse
826 2975 956 3040 possitis».

243 3057 284 3104 15.
297 3053 382 3102 Paucis
392 3066 450 3102 ante
462 3055 554 3102 dicbus.
570 3057 616 3104 llic
630 3057 717 3104 vicesi-
798 3057 830 3103 11.
848 3071 871 3103 1.
893 3053 943 3101 Sed
953 3046 1014 3103 tum.
1032 3055 1142 3104 Subsud.
1158 3055 1274 3120 inqusm,

205 3133 719 3198 musqusrtussCstiliuseprolectioneemt
762 3134 802 3180 rel
816 3132 928 3196 denique.

205 3213 265 3260 dies.
799 3227 824 3260 a.
846 3209 1039 3274 Conjtsratonon.
1058 3213 1093 3260 Ut
1108 3212 1218 3275 juratus,
1231 3217 1275 3280 qui

244 3293 284 3342 16.
304 3295 403 3357 Semper
419 3291 534 3358 vigilavi.
555 3291 667 3342 Narratio
689 3293 719 3345 fir
759 3293 867 3352 jurum
886 3291 1024 3352 iniuratus,
1043 3293 1151 3354 quinon
1165 3294 1276 3357 juravit;

205 3371 345 3432 credibilis,
361 3372 382 3419 si
403 3387 453 3419 non
477 3381 572 3420 tantum
591 3374 717 3435 quomodo
761 3372 796 3419 sic
811 3382 835 3420 et
847 3371 1004 3431 conjuratus,
1016 3372 1059 3434 qui
1071 3373 1218 3433 conjurarit.

204 3451 314 3516 quidque
326 3454 569 3516 contigerit,rcrum
582 3452 654 3501 etism
666 3456 718 3518 qui·
797 3454 824 3500 3.
838 3454 920 3517 Aque
938 3467 993 3516 ege.
1008 3454 1063 3500 Hoc
1083 3452 1177 3500 inloco
1198 3466 1273 3520 atque

204 3533 250 3581 bus
264 3533 382 3583 decausis
394 3535 427 3582 its
442 3533 586 3598 contigerit,
602 3533 717 3597 explana·
761 3531 825 3579 velet
844 3530 950 3588 statirn,
974 3531 1111 3590 continue,
1137 3533 1273 3598 confestim.

204 3625 253 3662 tur.
278 3615 439 3678 Expositum.
465 3629 538 3678 quem
563 3613 590 3660 in
614 3613 716 3662 modum
759 3610 916 3674 Virgilium
929 3610 1058 3658 sibrschis
1081 3610 1144 3658 sorte
1163 3613 1271 3670 remisit,

204 3693 339 3756 perelecta,
359 3704 383 3742 et
400 3695 501 3757 quusie
523 3691 630 3741 tenebris
647 3703 715 3742 cruta
759 3690 841 3753 Atque
852 3690 921 3739 illum
938 3691 1084 3754 inpraeceps
1108 3705 1186 3752 prono
1208 3693 1273 3756 rapit

204 3771 343 3830 conjuratio
356 3772 396 3829 sit,
410 3771 497 3820 Cicero
513 3772 582 3835 prim
598 3772 716 3836 proponit
759 3769 842 3818 alveus
859 3771 923 3818 amni
937 3791 957 3819 a.
975 3769 1076 3836 Livius,
1096 3771 1182 3817 xxvi
1190 3804 1197 3828 ,
1220 3773 1273 3834 39:

203 3865 299 3896 canssm
306 3883 312 3907 ,
319 3865 374 3913 quse
386 3849 413 3896 id
420 3850 541 3907 effecerit,
552 3867 639 3915 nempe
647 3867 715 3898 susm
760 3851 825 3898 «ttie
836 3850 966 3913 Quintium
976 3848 1049 3896 simul
1057 3859 1206 3912 pugnantem
1215 3849 1272 3898 hcr-

203 3927 352 3991 vigilantiam
367 3944 395 3975 sc
415 3928 593 3993 providentiam
613 3931 639 3977 in
652 3947 715 3978 rem·
760 3939 901 3992 tantemque
919 3943 976 3976 snos
988 3929 1100 3976 incantus
1111 3925 1179 3974 hasta
1193 3939 1271 3978 treus-

202 4007 335 4071 publicsm.
347 4007 424 4056 Simul
442 4019 522 4056 sutem
536 4008 589 4055 baec
606 4009 716 4058 modesta
761 4007 814 4072 ligit
825 4024 833 4070 3
846 4008 887 4055 ille
900 4019 973 4070 atque
994 4021 1117 4069 praeceps,
1131 4022 1186 4054 csnn
1200 4011 1274 4058 armis

204 4086 279 4136 oflicii
290 4089 327 4138 sui
337 4087 480 4154 praedicatio
490 4104 517 4136 ac
529 4089 716 4148 commendatio,
760 4086 873 4152 procedit
886 4098 941 4134 ante
955 4099 1076 4148 proram».
1162 4115 1168 4124 ¹
