2912 4654
205 296 271 377 104
468 297 470 302 ·
521 295 569 362 u.
595 295 634 362 r.
660 249 944 362 cicu‘nonts

199 417 346 486 ctatinni
364 427 507 502 vestrae,
524 411 675 508 judices.
694 415 803 501 Nam,
822 415 889 484 etsi
903 437 924 482 a
939 410 1043 484 vobis
1059 413 1109 484 sic
1123 413 1275 502 audior,

198 538 240 593 ut
261 547 460 622 numquam
480 521 694 620 benignius,
716 547 836 620 neque
854 523 1025 594 attentius
1044 545 1272 620 quemquam

200 634 366 705 auditum
386 649 530 733 putem,
548 647 668 705 tamen
691 647 795 704 vocat
814 659 872 704 me
891 632 960 703 alio
977 632 1190 728 jamdudum
1216 649 1272 706 ta-

200 747 269 816 cita
294 759 411 816 vestra
439 747 679 842 exspectatiO,
707 768 788 840 quae
814 743 901 814 mihi
920 739 1095 839 obloqui⁵
1111 743 1269 815 videtur.

200 854 298 946 Quid
313 853 424 952 ergo?
442 877 614 952 negasne,
634 852 723 958 illud
739 853 918 948 judicium
939 877 1015 924 csse
1032 854 1272 951 corruptum?

199 969 283 1036 Non
300 987 416 1060 nego,
433 963 494 1034 sed
514 961 559 1033 ab
579 963 650 1033 hoc
667 978 879 1060 corruptum
893 987 968 1033 non
986 985 1062 1033 esse
1078 960 1271 1033 confirmo.

199 1077 229 1144 Α
249 1098 325 1170 quo
344 1073 452 1170 igitur
470 1087 525 1143 cst
540 1072 780 1169 corruptum?
799 1072 953 1170 Opinor,
972 1075 1149 1170 primum,
1170 1076 1273 1144 si·in··

200 1185 337 1254 certum
359 1178 521 1270 fuisset⁶,
543 1182 709 1279 quisnam
730 1183 846 1252 exitus
868 1181 963 1254 illius
980 1181 1106 1277 judicii
1124 1182 1273 1256 futurus

199 1307 307 1379 esset,
328 1290 556 1362 verisimilius
578 1304 701 1361 tamen
730 1301 862 1380 essett,
888 1315 971 1362 eum
998 1293 1119 1389 potius
1140 1317 1270 1363 corru-

199 1403 313 1499 pisse,
333 1404 398 1497 qui
419 1400 624 1486 metuisset,
650 1425 696 1470 ne
716 1401 792 1499 ipse
815 1400 1136 1487 condemnaretur,
1158 1426 1268 1498 quarn

199 1509 322 1597 illum,
335 1509 398 1605 qui
412 1510 548 1578 veritus
563 1524 675 1595 essct,
688 1535 735 1581 nc
749 1511 839 1582 alter
852 1509 1114 1584 absolveretur:
1125 1510 1269 1600 deinde,

200 1642 315 1716 quum
343 1632 435 1689 esset
462 1619 600 1689 nemini
632 1617 804 1707 dubium,
832 1618 922 1717 quid
945 1620 1097 1716 judicari
1122 1647 1269 1694 necesse

201 1743 316 1819 esset,
335 1753 418 1799 eum
438 1743 535 1800 certe
554 1731 780 1826 potiusfqui
797 1729 867 1802 sibi
886 1730 1006 1828 aliqua
1027 1737 1164 1803 ratione
1181 1730 1270 1803 diffi-

201 1841 324 1929 deret,
342 1863 453 1936 quam
477 1863 581 1924 cum,
601 1841 665 1936 qui
683 1843 783 1909 omni
801 1843 940 1912 ratione
960 1841 1184 1914 confideret:
1204 1868 1269 1940 po·

202 1963 358 2037 stremo,
380 1961 476 2019 certe
499 1949 619 2045 potius
633 1947 754 2038 illum,
777 1955 841 2046 qui
859 1948 916 2022 bis
932 1952 1026 2048 apud
1049 1978 1111 2024 eos
1129 1952 1270 2047 judices

202 2057 433 2147 offendisset,
461 2083 571 2154 quam
603 2081 706 2143 cum,
734 2060 798 2154 qui
819 2058 875 2130 bis
899 2083 1041 2130 causam
1070 2063 1112 2132 iis
1134 2060 1268 2158 proba-

201 2171 318 2242 visset.
346 2175 469 2240 Unum
495 2166 643 2264 quidem
666 2181 782 2254 certe,
806 2192 913 2238 nemo
933 2170 1002 2239 erit
1021 2184 1094 2240 tam
1121 2171 1270 2266 iniquus

204 2281 393 2365 Cluentio,
418 2278 482 2373 qui
511 2277 601 2348 mihi
630 2303 706 2349 non
736 2278 934 2349 concedat:
957 2281 987 2350 si
1007 2295 1166 2368 constet,
1188 2305 1270 2352 cor-

201 2403 351 2485 ruptum
380 2385 469 2457 illud
499 2412 574 2458 esse
599 2387 796 2481 judicium,
819 2404 880 2460 aut
907 2386 953 2460 ab
978 2392 1107 2477 Avito,
1132 2407 1196 2462 aut
1222 2391 1271 2464 ab

203 2499 406 2596 Oppianico
429 2521 505 2568 esse
527 2511 752 2595 corruptum.
779 2500 815 2568 Si
838 2497 953 2570 doceo
976 2525 1051 2571 non
1074 2499 1120 2572 ab
1144 2505 1269 2591 Avito,

200 2607 369 2680 vinco'ab
383 2608 596 2705 Oppianico.
617 2609 653 2679 si
672 2607 825 2678 ostendo
843 2607 890 2680 ab
911 2613 1133 2708 Oppianico,
1151 2637 1270 2710 purgo

201 2721 347 2790 Avitum
357 2714 383 2788 ⁸.
410 2721 552 2808 Quare,
580 2719 647 2790 etsi
672 2719 755 2789 satis
781 2717 912 2806 docui,
936 2721 1112 2791 rationem
1133 2721 1270 2792 nullam

201 2829 287 2900 huic
316 2826 574 2924 corrumpendi
606 2825 715 2898 luisse
747 2827 818 2922 (ex
849 2852 925 2924 quo
954 2830 1184 2926 intelligitur,
1222 2830 1269 2902 ab

199 3019 272 3068 qnam
291 3001 451 3066 exspectatis,
468 3017 553 3066 nempe
580 3003 710 3067 Oppianici
756 3003 898 3062 diffidente,
911 3021 984 3054 nona
995 3005 1108 3056 Cluentio
1118 3005 1180 3056 bene
1190 3010 1272 3058 omui·

200 3083 302 3148 pecunia
317 3090 434 3129 tentatum
449 3080 578 3140 judicium.
754 3099 789 3132 uo
803 3095 915 3150 sperante
933 3096 1077 3149 corruptum
1089 3086 1217 3146 judicium.

236 3165 259 3211 5.
276 3160 388 3222 obloqui.
403 3161 503 3207 Mecum
521 3161 683 3225 expostulare.
792 3181 816 3224 7.
835 3167 929 3212 Ernest.
949 3163 1104 3213 scribendum
1122 3178 1192 3229 putat
1211 3185 1270 3218 esse.
1309 3211 1313 3218 .

201 3259 206 3266 ·
235 3237 654 3303 6.Siineertumfsss'sset.8inonab
664 3241 710 3289 ini-
754 3243 862 3291 Frustra.
874 3245 899 3292 J.
911 3246 942 3292 V.
952 3247 979 3292 l..

201 3321 236 3369 tio
251 3318 366 3383 patuisset
379 3333 451 3381 quarn
464 3320 605 3366 sententiam
616 3321 710 3380 jndices
793 3324 817 3370 8.
826 3326 906 3388 Pergo
916 3322 1083 3371 Avinstloo
1095 3323 1208 3371 dilemma
1216 3325 1271 3373 lan-

199 3399 271 3447 laturi
283 3407 377 3454 essent,
389 3397 541 3446 verisimilius
554 3399 637 3447 suisset
646 3401 712 3461 judi·
757 3399 798 3447 dat
810 3401 914 3464 Quintil.
930 3404 961 3459 V,
987 3417 1031 3461 so,
1044 3413 1069 3449 et
1083 3401 1142 3449 utile
1161 3402 1221 3451 dicit
1241 3416 1272 3453 ut

199 3480 264 3526 eiam
284 3487 426 3540 corruptum
445 3477 475 3524 ab
497 3479 649 3543 Oppianico,
669 3480 713 3542 qni
737 3515 740 3524 .
756 3479 806 3526 duo
820 3491 944 3543 ponantur
957 3481 1021 3527 iuter
1031 3482 1271 3544 secoutratia‚quo-

200 3559 319 3607 timuisset
333 3573 364 3603 ne
377 3555 592 3616 condemnaretur,
606 3575 679 3623 quatu
697 3575 711 3605 s
755 3573 809 3604 rum
820 3558 926 3605 tenuisse
939 3555 1081 3606 utrumlibet
1095 3557 1208 3608 sufficiat.
1218 3565 1271 3610 Ve-

200 3638 326 3695 Clueutio,
340 3637 383 3700 qui
398 3637 566 3686 tautummodo
580 3639 669 3685 veritus
678 3653 712 3684 es-
755 3653 809 3683 rum
823 3638 886 3683 iuter
900 3637 950 3684 duo
962 3637 1014 3684 haec
1027 3637 1150 3699 utrimque
1162 3639 1271 3688 ferientis

170 3737 174 3744 ·
199 3728 248 3780 set,
262 3733 293 3764 ue
314 3715 355 3762 ille
378 3715 549 3764 absolveretur.
569 3715 616 3763 Sed
636 3731 712 3778 quum
756 3717 890 3778 argumenti
900 3715 1113 3776 cornua‚rnedius
1125 3717 1224 3780 qnidam
1234 3719 1272 3764 in·

199 3796 290 3843 nemini
305 3795 407 3842 dubium
427 3796 513 3854 fuerit,
528 3795 587 3858 quin
596 3795 712 3858 Oppiani-
756 3793 916 3842 veniturla.l.
928 3793 1270 3856 terminus,quisolusrems

198 3889 254 3922 eum
268 3872 365 3922 duobus
384 3877 434 3935 jam
452 3871 601 3937 praeJndieiis
621 3873 712 3920 conde·
756 3887 806 3920 esse
821 3871 916 3920 videtur
927 3886 934 3920 :
946 3888 1034 3936 nempe
1047 3871 1078 3918 ab
1093 3874 1233 3936 Oppianico
1246 3886 1271 3923 et

200 3962 307 3999 mustum
322 3951 507 4000 condemnaturi
520 3951 637 4009 fuissem,
657 3967 710 3998 cer·
756 3951 868 4000 Cluentio
883 3961 1025 4015 corruptum
1047 3951 1120 3998 luisse
1136 3952 1267 4012 judicium.

200 4027 436 4078 tumessetlebetsb
448 4029 586 4094 Oppianico
600 4029 709 4077 decanea
755 4029 831 4092 Quod
851 4031 902 4094 ipse
926 4031 1027 4078 omnino
1047 4027 1271 4094 affirmatCicesn,
