<?xml version="1.0" encoding="UTF-8"?>
<!DOCTYPE html PUBLIC "-//W3C//DTD XHTML 1.0 Transitional//EN"
    "http://www.w3.org/TR/xhtml1/DTD/xhtml1-transitional.dtd">
<html xmlns="http://www.w3.org/1999/xhtml" xml:lang="en" lang="en">
 <head>
  <title>
</title>
<meta http-equiv="Content-Type" content="text/html;charset=utf-8" />
  <meta name='ocr-system' content='tesseract 3.04.00' />
  <meta name='ocr-capabilities' content='ocr_page ocr_carea ocr_par ocr_line ocrx_word'/>
</head>
<body>
  <div class='ocr_page' id='page_1' title='image "./mtciceronisquae00lemagoog_0322.png"; bbox 0 0 3018 4664; ppageno 0'>
   <div class='ocr_carea' id='block_1_1' title="bbox 686 192 697 219">
    <p class='ocr_par' dir='ltr' id='par_1_1' title="bbox 686 192 697 219">
     <span class='ocr_line' id='line_1_1' title="bbox 686 192 697 219; baseline 0 0"><span class='ocrx_word' id='word_1_1' title='bbox 686 192 697 219; x_wconf 89' lang='grc' dir='ltr'><strong><em>Ι</em></strong></span> 
     </span>
    </p>
   </div>
   <div class='ocr_carea' id='block_1_2' title="bbox 453 382 1275 472">
    <p class='ocr_par' dir='ltr' id='par_1_2' title="bbox 453 382 1275 472">
     <span class='ocr_line' id='line_1_2' title="bbox 453 382 1275 472; baseline 0 -18"><span class='ocrx_word' id='word_1_2' title='bbox 453 383 1033 472; x_wconf 76' lang='lat' dir='ltr'><strong>autuonsonau1A‚11.</strong></span> <span class='ocrx_word' id='word_1_3' title='bbox 1205 382 1275 456; x_wconf 79' lang='lat' dir='ltr'><strong>ao</strong></span> 
     </span>
    </p>
   </div>
   <div class='ocr_carea' id='block_1_3' title="bbox 194 491 1326 2368">
    <p class='ocr_par' dir='ltr' id='par_1_3' title="bbox 214 491 1326 1156">
     <span class='ocr_line' id='line_1_3' title="bbox 214 491 1274 601; baseline -0.005 -21"><span class='ocrx_word' id='word_1_4' title='bbox 214 520 252 580; x_wconf 87' lang='lat' dir='ltr'><strong>et</strong></span> <span class='ocrx_word' id='word_1_5' title='bbox 269 491 454 578; x_wconf 83' lang='lat' dir='ltr'><strong>fructuum</strong></span> <span class='ocrx_word' id='word_1_6' title='bbox 475 503 743 601; x_wconf 83' lang='lat' dir='ltr'><strong>magnitudine,</strong></span> <span class='ocrx_word' id='word_1_7' title='bbox 768 505 867 578; x_wconf 92' lang='lat' dir='ltr'><strong>urbis</strong></span> <span class='ocrx_word' id='word_1_8' title='bbox 891 505 1120 594; x_wconf 84' lang='lat' dir='ltr'><strong>salubritate,</strong></span> <span class='ocrx_word' id='word_1_9' title='bbox 1143 502 1274 576; x_wconf 88' lang='lat' dir='ltr'><strong>descri-</strong></span> 
     </span>
     <span class='ocr_line' id='line_1_4' title="bbox 215 614 1326 714; baseline -0.001 -30"><span class='ocrx_word' id='word_1_10' title='bbox 215 615 358 712; x_wconf 92' lang='lat' dir='ltr'><strong>ptione,</strong></span> <span class='ocrx_word' id='word_1_11' title='bbox 376 614 654 714; x_wconf 85' lang='lat' dir='ltr'><strong>pulchritudine.</strong></span> <span class='ocrx_word' id='word_1_12' title='bbox 677 620 731 694; x_wconf 85' lang='lat' dir='ltr'><strong>Ex</strong></span> <span class='ocrx_word' id='word_1_13' title='bbox 753 615 821 688; x_wconf 91' lang='lat' dir='ltr'><strong>hac</strong></span> <span class='ocrx_word' id='word_1_14' title='bbox 841 618 963 714; x_wconf 91' lang='lat' dir='ltr'><strong>copia,</strong></span> <span class='ocrx_word' id='word_1_15' title='bbox 983 628 1091 713; x_wconf 92' lang='lat' dir='ltr'><strong>atque</strong></span> <span class='ocrx_word' id='word_1_16' title='bbox 1109 615 1271 684; x_wconf 85' lang='lat' dir='ltr'><strong>oninium</strong></span> <span class='ocrx_word' id='word_1_17' title='bbox 1322 691 1326 700; x_wconf 28' lang='lat'><strong>¹</strong></span> 
     </span>
     <span class='ocr_line' id='line_1_5' title="bbox 214 724 1274 826; baseline -0.002 -30"><span class='ocrx_word' id='word_1_18' title='bbox 214 751 337 798; x_wconf 85' lang='lat' dir='ltr'><strong>rerum</strong></span> <span class='ocrx_word' id='word_1_19' title='bbox 351 724 551 813; x_wconf 87' lang='lat' dir='ltr'><strong>affluentia,</strong></span> <span class='ocrx_word' id='word_1_20' title='bbox 569 731 729 826; x_wconf 91' lang='lat' dir='ltr'><strong>primum</strong></span> <span class='ocrx_word' id='word_1_21' title='bbox 743 727 803 798; x_wconf 93' lang='lat' dir='ltr'><strong>illa</strong></span> <span class='ocrx_word' id='word_1_22' title='bbox 815 743 898 800; x_wconf 91' lang='lat' dir='ltr'><strong>nata</strong></span> <span class='ocrx_word' id='word_1_23' title='bbox 911 724 1040 800; x_wconf 80' lang='lat' dir='ltr'><strong>sunt⁶:</strong></span> <span class='ocrx_word' id='word_1_24' title='bbox 1056 729 1274 822; x_wconf 84' lang='lat' dir='ltr'><strong>arrogantia,</strong></span> 
     </span>
     <span class='ocr_line' id='line_1_6' title="bbox 214 835 1274 935; baseline -0.003 -28"><span class='ocrx_word' id='word_1_25' title='bbox 214 859 295 932; x_wconf 76' lang='lat' dir='ltr'><strong>quaa</strong></span> <span class='ocrx_word' id='word_1_26' title='bbox 311 861 331 908; x_wconf 92' lang='lat' dir='ltr'><strong>a</strong></span> <span class='ocrx_word' id='word_1_27' title='bbox 347 836 542 932; x_wconf 86' lang='lat' dir='ltr'><strong>majoribus</strong></span> <span class='ocrx_word' id='word_1_28' title='bbox 559 839 690 910; x_wconf 88' lang='lat' dir='ltr'><strong>nostris</strong></span> <span class='ocrx_word' id='word_1_29' title='bbox 706 837 858 910; x_wconf 88' lang='lat' dir='ltr'><strong>alterum</strong></span> <span class='ocrx_word' id='word_1_30' title='bbox 876 841 998 935; x_wconf 90' lang='lat' dir='ltr'><strong>Capua</strong></span> <span class='ocrx_word' id='word_1_31' title='bbox 1012 835 1197 908; x_wconf 88' lang='lat' dir='ltr'><strong>consulem</strong></span> <span class='ocrx_word' id='word_1_32' title='bbox 1210 858 1274 931; x_wconf 91' lang='lat' dir='ltr'><strong>po·</strong></span> 
     </span>
     <span class='ocr_line' id='line_1_7' title="bbox 214 943 1273 1045; baseline -0.001 -28"><span class='ocrx_word' id='word_1_33' title='bbox 214 947 374 1035; x_wconf 86' lang='lat' dir='ltr'><strong>stulavit;</strong></span> <span class='ocrx_word' id='word_1_34' title='bbox 392 946 523 1019; x_wconf 89' lang='lat' dir='ltr'><strong>deinde</strong></span> <span class='ocrx_word' id='word_1_35' title='bbox 539 972 580 1019; x_wconf 87' lang='lat' dir='ltr'><strong>ea</strong></span> <span class='ocrx_word' id='word_1_36' title='bbox 594 947 768 1036; x_wconf 82' lang='lat' dir='ltr'><strong>luxuries,</strong></span> <span class='ocrx_word' id='word_1_37' title='bbox 788 972 868 1045; x_wconf 86' lang='lat' dir='ltr'><strong>quae</strong></span> <span class='ocrx_word' id='word_1_38' title='bbox 882 949 1001 1045; x_wconf 91' lang='lat' dir='ltr'><strong>ipsum</strong></span> <span class='ocrx_word' id='word_1_39' title='bbox 1015 943 1273 1034; x_wconf 87' lang='lat' dir='ltr'><strong>Hannibalem,</strong></span> 
     </span>
     <span class='ocr_line' id='line_1_8' title="bbox 214 1059 1095 1156; baseline -0.001 -29"><span class='ocrx_word' id='word_1_40' title='bbox 214 1059 321 1128; x_wconf 89' lang='lat' dir='ltr'><strong>armis</strong></span> <span class='ocrx_word' id='word_1_41' title='bbox 338 1061 443 1130; x_wconf 90' lang='lat' dir='ltr'><strong>etiam</strong></span> <span class='ocrx_word' id='word_1_42' title='bbox 464 1073 542 1128; x_wconf 89' lang='lat' dir='ltr'><strong>tum</strong></span> <span class='ocrx_word' id='word_1_43' title='bbox 561 1059 753 1146; x_wconf 90' lang='lat' dir='ltr'><strong>invictum,</strong></span> <span class='ocrx_word' id='word_1_44' title='bbox 771 1059 956 1156; x_wconf 81' lang='lat' dir='ltr'><strong>voluptate</strong></span> <span class='ocrx_word' id='word_1_45' title='bbox 974 1059 1095 1127; x_wconf 73' lang='lat' dir='ltr'><strong>vicitr.</strong></span> 
     </span>
    </p>

    <p class='ocr_par' dir='ltr' id='par_1_4' title="bbox 214 1158 1274 1706">
     <span class='ocr_line' id='line_1_9' title="bbox 262 1158 1272 1266; baseline -0.005 -28"><span class='ocrx_word' id='word_1_46' title='bbox 262 1172 341 1238; x_wconf 88' lang='lat' dir='ltr'><strong>Huc</strong></span> <span class='ocrx_word' id='word_1_47' title='bbox 371 1169 429 1238; x_wconf 87' lang='lat' dir='ltr'><strong>isti</strong></span> <span class='ocrx_word' id='word_1_48' title='bbox 454 1168 647 1239; x_wconf 89' lang='lat' dir='ltr'><strong>decemviri</strong></span> <span class='ocrx_word' id='word_1_49' title='bbox 672 1192 787 1266; x_wconf 91' lang='lat' dir='ltr'><strong>quum</strong></span> <span class='ocrx_word' id='word_1_50' title='bbox 812 1191 1006 1238; x_wconf 91' lang='lat' dir='ltr'><strong>numerum</strong></span> <span class='ocrx_word' id='word_1_51' title='bbox 1033 1158 1272 1238; x_wconf 87' lang='lat' dir='ltr'><strong>colonorum⁸</strong></span> 
     </span>
     <span class='ocr_line' id='line_1_10' title="bbox 215 1271 1274 1374; baseline -0.004 -28"><span class='ocrx_word' id='word_1_52' title='bbox 215 1300 258 1346; x_wconf 84' lang='lat' dir='ltr'><strong>er</strong></span> <span class='ocrx_word' id='word_1_53' title='bbox 270 1274 349 1374; x_wconf 86' lang='lat' dir='ltr'><strong>lege</strong></span> <span class='ocrx_word' id='word_1_54' title='bbox 361 1276 458 1347; x_wconf 88' lang='lat' dir='ltr'><strong>Rulli</strong></span> <span class='ocrx_word' id='word_1_55' title='bbox 471 1275 704 1365; x_wconf 83' lang='lat' dir='ltr'><strong>deduxerint3</strong></span> <span class='ocrx_word' id='word_1_56' title='bbox 721 1292 867 1348; x_wconf 89' lang='lat' dir='ltr'><strong>centum</strong></span> <span class='ocrx_word' id='word_1_57' title='bbox 883 1276 1134 1364; x_wconf 65' lang='lat' dir='ltr'><strong>decurionem,</strong></span> <span class='ocrx_word' id='word_1_58' title='bbox 1149 1271 1274 1344; x_wconf 86' lang='lat' dir='ltr'><strong>decem</strong></span> 
     </span>
     <span class='ocr_line' id='line_1_11' title="bbox 215 1384 1274 1484; baseline -0.004 -28"><span class='ocrx_word' id='word_1_59' title='bbox 215 1409 386 1481; x_wconf 85' lang='lat' dir='ltr'><strong>augures,</strong></span> <span class='ocrx_word' id='word_1_60' title='bbox 412 1409 474 1458; x_wconf 87' lang='lat' dir='ltr'><strong>sex</strong></span> <span class='ocrx_word' id='word_1_61' title='bbox 499 1386 688 1484; x_wconf 85' lang='lat' dir='ltr'><strong>pontifices</strong></span> <span class='ocrx_word' id='word_1_62' title='bbox 714 1389 987 1460; x_wconf 87' lang='lat' dir='ltr'><strong>constituerint:</strong></span> <span class='ocrx_word' id='word_1_63' title='bbox 1013 1411 1106 1484; x_wconf 90' lang='lat' dir='ltr'><strong>quos</strong></span> <span class='ocrx_word' id='word_1_64' title='bbox 1129 1384 1274 1455; x_wconf 92' lang='lat' dir='ltr'><strong>illorum</strong></span> 
     </span>
     <span class='ocr_line' id='line_1_12' title="bbox 214 1489 1274 1595; baseline -0.005 -30"><span class='ocrx_word' id='word_1_65' title='bbox 214 1495 368 1586; x_wconf 87' lang='lat' dir='ltr'><strong>animos,</strong></span> <span class='ocrx_word' id='word_1_66' title='bbox 388 1519 481 1592; x_wconf 89' lang='lat' dir='ltr'><strong>quos</strong></span> <span class='ocrx_word' id='word_1_67' title='bbox 501 1499 672 1594; x_wconf 87' lang='lat' dir='ltr'><strong>impetus,</strong></span> <span class='ocrx_word' id='word_1_68' title='bbox 695 1523 805 1595; x_wconf 90' lang='lat' dir='ltr'><strong>quam</strong></span> <span class='ocrx_word' id='word_1_69' title='bbox 827 1496 995 1569; x_wconf 87' lang='lat' dir='ltr'><strong>ferociam</strong></span> <span class='ocrx_word' id='word_1_70' title='bbox 1014 1495 1092 1567; x_wconf 88' lang='lat' dir='ltr'><strong>fore</strong></span> <span class='ocrx_word' id='word_1_71' title='bbox 1113 1489 1274 1592; x_wconf 75' lang='lat' dir='ltr'><strong>putatis?</strong></span> 
     </span>
     <span class='ocr_line' id='line_1_13' title="bbox 214 1603 1273 1706; baseline -0.006 -31"><span class='ocrx_word' id='word_1_72' title='bbox 214 1610 365 1676; x_wconf 86' lang='lat' dir='ltr'><strong>Romam</strong></span> <span class='ocrx_word' id='word_1_73' title='bbox 388 1607 426 1676; x_wconf 92' lang='lat' dir='ltr'><strong>in</strong></span> <span class='ocrx_word' id='word_1_74' title='bbox 445 1604 630 1679; x_wconf 87' lang='lat' dir='ltr'><strong>montibus</strong></span> <span class='ocrx_word' id='word_1_75' title='bbox 654 1611 808 1706; x_wconf 85' lang='lat' dir='ltr'><strong>positam</strong></span> <span class='ocrx_word' id='word_1_76' title='bbox 830 1621 866 1681; x_wconf 85' lang='lat' dir='ltr'><strong>et</strong></span> <span class='ocrx_word' id='word_1_77' title='bbox 884 1603 1127 1691; x_wconf 87' lang='lat' dir='ltr'><strong>convallibus,</strong></span> <span class='ocrx_word' id='word_1_78' title='bbox 1151 1624 1273 1672; x_wconf 88' lang='lat' dir='ltr'><strong>coena-</strong></span> 
     </span>
    </p>

    <p class='ocr_par' dir='ltr' id='par_1_5' title="bbox 194 1711 1274 2368">
     <span class='ocr_line' id='line_1_14' title="bbox 194 1711 1272 1818; baseline -0.005 -32"><span class='ocrx_word' id='word_1_79' title='bbox 194 1715 303 1786; x_wconf 76' lang='lat' dir='ltr'><strong>‘culis</strong></span> <span class='ocrx_word' id='word_1_80' title='bbox 330 1714 508 1788; x_wconf 88' lang='lat' dir='ltr'><strong>sublatam</strong></span> <span class='ocrx_word' id='word_1_81' title='bbox 536 1731 644 1816; x_wconf 88' lang='lat' dir='ltr'><strong>atque</strong></span> <span class='ocrx_word' id='word_1_82' title='bbox 666 1742 895 1818; x_wconf 89' lang='lat' dir='ltr'><strong>suspensam,</strong></span> <span class='ocrx_word' id='word_1_83' title='bbox 923 1742 998 1789; x_wconf 91' lang='lat' dir='ltr'><strong>non</strong></span> <span class='ocrx_word' id='word_1_84' title='bbox 1019 1717 1166 1813; x_wconf 88' lang='lat' dir='ltr'><strong>optimis</strong></span> <span class='ocrx_word' id='word_1_85' title='bbox 1188 1711 1272 1796; x_wconf 85' lang='lat' dir='ltr'><strong>viis,</strong></span> 
     </span>
     <span class='ocr_line' id='line_1_15' title="bbox 214 1821 1273 1926; baseline -0.005 -32"><span class='ocrx_word' id='word_1_86' title='bbox 214 1825 472 1922; x_wconf 87' lang='lat' dir='ltr'><strong>angustissimis</strong></span> <span class='ocrx_word' id='word_1_87' title='bbox 484 1827 620 1898; x_wconf 88' lang='lat' dir='ltr'><strong>semitis</strong></span> <span class='ocrx_word' id='word_1_88' title='bbox 632 1838 676 1916; x_wconf 87' lang='lat'><strong>¹⁰,</strong></span> <span class='ocrx_word' id='word_1_89' title='bbox 692 1851 766 1926; x_wconf 88' lang='lat' dir='ltr'><strong>prae</strong></span> <span class='ocrx_word' id='word_1_90' title='bbox 779 1852 842 1899; x_wconf 91' lang='lat' dir='ltr'><strong>sua</strong></span> <span class='ocrx_word' id='word_1_91' title='bbox 856 1832 995 1926; x_wconf 85' lang='lat' dir='ltr'><strong>Capua,</strong></span> <span class='ocrx_word' id='word_1_92' title='bbox 1012 1824 1219 1924; x_wconf 87' lang='lat' dir='ltr'><strong>planissimo</strong></span> <span class='ocrx_word' id='word_1_93' title='bbox 1234 1821 1273 1890; x_wconf 92' lang='lat' dir='ltr'><strong>in</strong></span> 
     </span>
     <span class='ocr_line' id='line_1_16' title="bbox 213 1932 1272 2036; baseline -0.001 -33"><span class='ocrx_word' id='word_1_94' title='bbox 213 1932 296 2004; x_wconf 93' lang='lat' dir='ltr'><strong>loco</strong></span> <span class='ocrx_word' id='word_1_95' title='bbox 320 1935 511 2034; x_wconf 82' lang='lat' dir='ltr'><strong>explicata,</strong></span> <span class='ocrx_word' id='word_1_96' title='bbox 535 1961 577 2008; x_wconf 88' lang='lat' dir='ltr'><strong>ac</strong></span> <span class='ocrx_word' id='word_1_97' title='bbox 601 1962 673 2036; x_wconf 86' lang='lat' dir='ltr'><strong>prae</strong></span> <span class='ocrx_word' id='word_1_98' title='bbox 699 1939 768 2010; x_wconf 91' lang='lat' dir='ltr'><strong>illis</strong></span> <span class='ocrx_word' id='word_1_99' title='bbox 790 1939 924 2011; x_wconf 90' lang='lat' dir='ltr'><strong>semitis</strong></span> <span class='ocrx_word' id='word_1_100' title='bbox 944 1935 1147 2008; x_wconf 87' lang='lat' dir='ltr'><strong>irridebunt</strong></span> <span class='ocrx_word' id='word_1_101' title='bbox 1163 1947 1272 2030; x_wconf 90' lang='lat' dir='ltr'><strong>atque</strong></span> 
     </span>
     <span class='ocr_line' id='line_1_17' title="bbox 215 2044 1274 2145; baseline -0.001 -31"><span class='ocrx_word' id='word_1_102' title='bbox 215 2058 467 2134; x_wconf 80' lang='lat' dir='ltr'><strong>contemnent3</strong></span> <span class='ocrx_word' id='word_1_103' title='bbox 485 2071 591 2145; x_wconf 89' lang='lat' dir='ltr'><strong>agros</strong></span> <span class='ocrx_word' id='word_1_104' title='bbox 604 2072 711 2135; x_wconf 85' lang='lat' dir='ltr'><strong>vero,</strong></span> <span class='ocrx_word' id='word_1_105' title='bbox 727 2051 959 2135; x_wconf 84' lang='lat' dir='ltr'><strong>Vaticanum,</strong></span> <span class='ocrx_word' id='word_1_106' title='bbox 976 2061 1013 2118; x_wconf 90' lang='lat' dir='ltr'><strong>et</strong></span> <span class='ocrx_word' id='word_1_107' title='bbox 1030 2044 1219 2143; x_wconf 87' lang='lat' dir='ltr'><strong>Pupiniam</strong></span> <span class='ocrx_word' id='word_1_108' title='bbox 1230 2051 1274 2127; x_wconf 87' lang='lat'><strong>¹¹,</strong></span> 
     </span>
     <span class='ocr_line' id='line_1_18' title="bbox 215 2150 1272 2264; baseline -0.004 -40"><span class='ocrx_word' id='word_1_109' title='bbox 215 2177 299 2224; x_wconf 91' lang='lat' dir='ltr'><strong>cum</strong></span> <span class='ocrx_word' id='word_1_110' title='bbox 319 2157 392 2226; x_wconf 90' lang='lat' dir='ltr'><strong>suis</strong></span> <span class='ocrx_word' id='word_1_111' title='bbox 410 2157 582 2254; x_wconf 85' lang='lat' dir='ltr'><strong>opimis¹²</strong></span> <span class='ocrx_word' id='word_1_112' title='bbox 603 2173 712 2264; x_wconf 76' lang='lat' dir='ltr'><strong>atque</strong></span> <span class='ocrx_word' id='word_1_113' title='bbox 729 2157 903 2232; x_wconf 89' lang='lat' dir='ltr'><strong>uberibus</strong></span> <span class='ocrx_word' id='word_1_114' title='bbox 925 2157 1061 2256; x_wconf 89' lang='lat' dir='ltr'><strong>campis</strong></span> <span class='ocrx_word' id='word_1_115' title='bbox 1081 2150 1272 2226; x_wconf 87' lang='lat' dir='ltr'><strong>conferen-</strong></span> 
     </span>
     <span class='ocr_line' id='line_1_19' title="bbox 214 2263 1270 2368; baseline -0.005 -33"><span class='ocrx_word' id='word_1_116' title='bbox 214 2263 280 2336; x_wconf 90' lang='lat' dir='ltr'><strong>dos</strong></span> <span class='ocrx_word' id='word_1_117' title='bbox 299 2265 435 2337; x_wconf 86' lang='lat' dir='ltr'><strong>scilicet</strong></span> <span class='ocrx_word' id='word_1_118' title='bbox 456 2265 690 2366; x_wconf 80' lang='lat' dir='ltr'><strong>pnubnnt¹³.</strong></span> <span class='ocrx_word' id='word_1_119' title='bbox 710 2268 939 2368; x_wconf 88' lang='lat' dir='ltr'><strong>Oppidorurn</strong></span> <span class='ocrx_word' id='word_1_120' title='bbox 957 2283 1075 2340; x_wconf 86' lang='lat' dir='ltr'><strong>autem</strong></span> <span class='ocrx_word' id='word_1_121' title='bbox 1099 2263 1270 2336; x_wconf 88' lang='lat' dir='ltr'><strong>finitimo-</strong></span> 
     </span>
    </p>
   </div>
   <div class='ocr_carea' id='block_1_4' title="bbox 214 2373 1271 2479">
    <p class='ocr_par' dir='ltr' id='par_1_6' title="bbox 214 2373 1271 2479">
     <span class='ocr_line' id='line_1_20' title="bbox 214 2373 1271 2479; baseline 0.014 -37"><span class='ocrx_word' id='word_1_122' title='bbox 214 2397 296 2444; x_wconf 92' lang='lat' dir='ltr'><strong>rum</strong></span> <span class='ocrx_word' id='word_1_123' title='bbox 313 2373 411 2446; x_wconf 88' lang='lat' dir='ltr'><strong>illam</strong></span> <span class='ocrx_word' id='word_1_124' title='bbox 429 2379 570 2474; x_wconf 88' lang='lat' dir='ltr'><strong>copiam</strong></span> <span class='ocrx_word' id='word_1_125' title='bbox 584 2403 667 2450; x_wconf 91' lang='lat' dir='ltr'><strong>cum</strong></span> <span class='ocrx_word' id='word_1_126' title='bbox 681 2377 769 2468; x_wconf 85' lang='lat' dir='ltr'><strong>hac,</strong></span> <span class='ocrx_word' id='word_1_127' title='bbox 788 2405 853 2479; x_wconf 88' lang='lat' dir='ltr'><strong>per</strong></span> <span class='ocrx_word' id='word_1_128' title='bbox 865 2383 979 2450; x_wconf 89' lang='lat' dir='ltr'><strong>risum</strong></span> <span class='ocrx_word' id='word_1_129' title='bbox 992 2402 1033 2450; x_wconf 88' lang='lat' dir='ltr'><strong>ac</strong></span> <span class='ocrx_word' id='word_1_130' title='bbox 1048 2401 1114 2475; x_wconf 91' lang='lat' dir='ltr'><strong>per</strong></span> <span class='ocrx_word' id='word_1_131' title='bbox 1127 2375 1271 2470; x_wconf 66' lang='lat' dir='ltr'><strong>jocum,</strong></span> 
     </span>
    </p>
   </div>
   <div class='ocr_carea' id='block_1_5' title="bbox 214 2607 1347 4178">
    <p class='ocr_par' dir='ltr' id='par_1_7' title="bbox 214 2607 1347 4178">
     <span class='ocr_line' id='line_1_21' title="bbox 214 2607 1274 2676; baseline -0.001 -20"><span class='ocrx_word' id='word_1_132' title='bbox 214 2607 269 2667; x_wconf 90' lang='lat' dir='ltr'><strong>bor,</strong></span> <span class='ocrx_word' id='word_1_133' title='bbox 281 2617 399 2673; x_wconf 74' lang='lat' dir='ltr'><strong>terraique</strong></span> <span class='ocrx_word' id='word_1_134' title='bbox 414 2625 443 2658; x_wconf 87' lang='lat' dir='ltr'><strong>ao</strong></span> <span class='ocrx_word' id='word_1_135' title='bbox 457 2609 511 2658; x_wconf 81' lang='lat' dir='ltr'><strong>caeli</strong></span> <span class='ocrx_word' id='word_1_136' title='bbox 523 2610 638 2676; x_wconf 63' lang='lat' dir='ltr'><strong>rapuitaa</strong></span> <span class='ocrx_word' id='word_1_137' title='bbox 647 2611 721 2676; x_wconf 77' lang='lat' dir='ltr'><strong>ligu-</strong></span> <span class='ocrx_word' id='word_1_138' title='bbox 766 2611 803 2660; x_wconf 86' lang='lat' dir='ltr'><strong>tio</strong></span> <span class='ocrx_word' id='word_1_139' title='bbox 814 2611 929 2660; x_wconf 83' lang='lat' dir='ltr'><strong>militarra</strong></span> <span class='ocrx_word' id='word_1_140' title='bbox 942 2611 1061 2670; x_wconf 76' lang='lat' dir='ltr'><strong>colonias,</strong></span> <span class='ocrx_word' id='word_1_141' title='bbox 1076 2608 1134 2658; x_wconf 87' lang='lat' dir='ltr'><strong>inde</strong></span> <span class='ocrx_word' id='word_1_142' title='bbox 1146 2609 1223 2658; x_wconf 79' lang='lat' dir='ltr'><strong>factm</strong></span> <span class='ocrx_word' id='word_1_143' title='bbox 1238 2617 1274 2656; x_wconf 85' lang='lat' dir='ltr'><strong>eat</strong></span> 
     </span>
     <span class='ocr_line' id='line_1_22' title="bbox 215 2687 1273 2754; baseline -0.001 -19"><span class='ocrx_word' id='word_1_144' title='bbox 215 2704 268 2735; x_wconf 88' lang='lat' dir='ltr'><strong>rum</strong></span> <span class='ocrx_word' id='word_1_145' title='bbox 279 2703 358 2736; x_wconf 81' lang='lat' dir='ltr'><strong>mores</strong></span> <span class='ocrx_word' id='word_1_146' title='bbox 372 2689 493 2748; x_wconf 75' lang='lat' dir='ltr'><strong>efferavit,</strong></span> <span class='ocrx_word' id='word_1_147' title='bbox 511 2692 545 2737; x_wconf 83' lang='lat' dir='ltr'><strong>ric</strong></span> <span class='ocrx_word' id='word_1_148' title='bbox 556 2691 608 2754; x_wconf 85' lang='lat' dir='ltr'><strong>agri</strong></span> <span class='ocrx_word' id='word_1_149' title='bbox 624 2688 723 2738; x_wconf 81' lang='lat' dir='ltr'><strong>bonitas</strong></span> <span class='ocrx_word' id='word_1_150' title='bbox 766 2691 918 2741; x_wconf 81' lang='lat' dir='ltr'><strong>coloniarum</strong></span> <span class='ocrx_word' id='word_1_151' title='bbox 938 2703 1046 2749; x_wconf 74' lang='lat' dir='ltr'><strong>mortua,</strong></span> <span class='ocrx_word' id='word_1_152' title='bbox 1064 2689 1133 2754; x_wconf 87' lang='lat' dir='ltr'><strong>quod</strong></span> <span class='ocrx_word' id='word_1_153' title='bbox 1147 2687 1273 2738; x_wconf 80' lang='lat' dir='ltr'><strong>honestior</strong></span> 
     </span>
     <span class='ocr_line' id='line_1_23' title="bbox 215 2766 1274 2834; baseline -0.001 -20"><span class='ocrx_word' id='word_1_154' title='bbox 215 2777 240 2815; x_wconf 90' lang='lat' dir='ltr'><strong>et</strong></span> <span class='ocrx_word' id='word_1_155' title='bbox 248 2767 368 2816; x_wconf 80' lang='lat' dir='ltr'><strong>fructuum</strong></span> <span class='ocrx_word' id='word_1_156' title='bbox 374 2769 505 2817; x_wconf 87' lang='lat' dir='ltr'><strong>multitudo</strong></span> <span class='ocrx_word' id='word_1_157' title='bbox 512 2769 648 2833; x_wconf 82' lang='lat' dir='ltr'><strong>superbiam</strong></span> <span class='ocrx_word' id='word_1_158' title='bbox 655 2771 723 2834; x_wconf 66' lang='lat' dir='ltr'><strong>Cam:</strong></span> <span class='ocrx_word' id='word_1_159' title='bbox 766 2784 828 2820; x_wconf 83' lang='lat' dir='ltr'><strong>caret</strong></span> <span class='ocrx_word' id='word_1_160' title='bbox 841 2772 912 2821; x_wconf 88' lang='lat' dir='ltr'><strong>ordo.</strong></span> <span class='ocrx_word' id='word_1_161' title='bbox 929 2772 1051 2820; x_wconf 85' lang='lat' dir='ltr'><strong>Numerus</strong></span> <span class='ocrx_word' id='word_1_162' title='bbox 1064 2780 1145 2817; x_wconf 84' lang='lat' dir='ltr'><strong>antem</strong></span> <span class='ocrx_word' id='word_1_163' title='bbox 1157 2768 1198 2816; x_wconf 90' lang='lat' dir='ltr'><strong>hic</strong></span> <span class='ocrx_word' id='word_1_164' title='bbox 1215 2766 1274 2830; x_wconf 85' lang='lat' dir='ltr'><strong>legi-</strong></span> 
     </span>
     <span class='ocr_line' id='line_1_24' title="bbox 216 2846 1273 2914; baseline -0.003 -19"><span class='ocrx_word' id='word_1_165' title='bbox 216 2846 388 2910; x_wconf 82' lang='lat' dir='ltr'><strong>paniaaddidit</strong></span> <span class='ocrx_word' id='word_1_166' title='bbox 399 2861 479 2907; x_wconf 59' lang='lat' dir='ltr'><strong>:nanu</strong></span> <span class='ocrx_word' id='word_1_167' title='bbox 489 2859 517 2896; x_wconf 87' lang='lat' dir='ltr'><strong>ut</strong></span> <span class='ocrx_word' id='word_1_168' title='bbox 527 2849 657 2906; x_wconf 83' lang='lat' dir='ltr'><strong>aitPoeta‚</strong></span> <span class='ocrx_word' id='word_1_169' title='bbox 667 2849 723 2896; x_wconf 78' lang='lat' dir='ltr'><strong>«Sa-</strong></span> <span class='ocrx_word' id='word_1_170' title='bbox 767 2852 854 2908; x_wconf 83' lang='lat' dir='ltr'><strong>timna,</strong></span> <span class='ocrx_word' id='word_1_171' title='bbox 865 2851 925 2900; x_wconf 87' lang='lat' dir='ltr'><strong>etin</strong></span> <span class='ocrx_word' id='word_1_172' title='bbox 937 2851 1058 2914; x_wconf 85' lang='lat' dir='ltr'><strong>plerisque</strong></span> <span class='ocrx_word' id='word_1_173' title='bbox 1067 2847 1171 2896; x_wconf 83' lang='lat' dir='ltr'><strong>roloniia</strong></span> <span class='ocrx_word' id='word_1_174' title='bbox 1181 2861 1209 2894; x_wconf 86' lang='lat' dir='ltr'><strong>ac</strong></span> <span class='ocrx_word' id='word_1_175' title='bbox 1221 2861 1273 2892; x_wconf 89' lang='lat' dir='ltr'><strong>mo·</strong></span> 
     </span>
     <span class='ocr_line' id='line_1_25' title="bbox 215 2924 1094 2994; baseline 0.003 -22"><span class='ocrx_word' id='word_1_176' title='bbox 215 2924 305 2973; x_wconf 82' lang='lat' dir='ltr'><strong>arandae</strong></span> <span class='ocrx_word' id='word_1_177' title='bbox 315 2926 423 2974; x_wconf 80' lang='lat' dir='ltr'><strong>fortuma</strong></span> <span class='ocrx_word' id='word_1_178' title='bbox 437 2926 524 2975; x_wconf 87' lang='lat' dir='ltr'><strong>decent</strong></span> <span class='ocrx_word' id='word_1_179' title='bbox 532 2925 673 2991; x_wconf 69' lang='lat' dir='ltr'><strong>auperbiarn·</strong></span> <span class='ocrx_word' id='word_1_180' title='bbox 684 2925 723 2974; x_wconf 77' lang='lat' dir='ltr'><strong>Cf·</strong></span> <span class='ocrx_word' id='word_1_181' title='bbox 768 2932 816 2980; x_wconf 87' lang='lat' dir='ltr'><strong>nini</strong></span> <span class='ocrx_word' id='word_1_182' title='bbox 818 2930 866 2994; x_wconf 84' lang='lat' dir='ltr'><strong>piis</strong></span> <span class='ocrx_word' id='word_1_183' title='bbox 879 2931 982 2978; x_wconf 84' lang='lat' dir='ltr'><strong>usitatus</strong></span> <span class='ocrx_word' id='word_1_184' title='bbox 990 2928 1094 2976; x_wconf 86' lang='lat' dir='ltr'><strong>ridetur.</strong></span> 
     </span>
     <span class='ocr_line' id='line_1_26' title="bbox 215 3003 1275 3072; baseline -0.001 -21"><span class='ocrx_word' id='word_1_185' title='bbox 215 3003 272 3052; x_wconf 82' lang='lat' dir='ltr'><strong>Val.</strong></span> <span class='ocrx_word' id='word_1_186' title='bbox 280 3007 347 3053; x_wconf 81' lang='lat' dir='ltr'><strong>Max.</strong></span> <span class='ocrx_word' id='word_1_187' title='bbox 358 3008 409 3066; x_wconf 72' lang='lat' dir='ltr'><strong>lx,</strong></span> <span class='ocrx_word' id='word_1_188' title='bbox 424 3005 448 3054; x_wconf 81' lang='lat'><strong>5.</strong></span> <span class='ocrx_word' id='word_1_189' title='bbox 807 3023 846 3056; x_wconf 91' lang='grc' dir='ltr'><strong>ιο.</strong></span> <span class='ocrx_word' id='word_1_190' title='bbox 871 3005 1052 3072; x_wconf 72' lang='lat' dir='ltr'><strong>Angustbar‘mu</strong></span> <span class='ocrx_word' id='word_1_191' title='bbox 1074 3003 1171 3054; x_wconf 82' lang='lat' dir='ltr'><strong>semitr&#39;a.</strong></span> <span class='ocrx_word' id='word_1_192' title='bbox 1190 3003 1275 3066; x_wconf 68' lang='lat' dir='ltr'><strong>Qualia</strong></span> 
     </span>
     <span class='ocr_line' id='line_1_27' title="bbox 250 3082 1277 3147; baseline -0.001 -17"><span class='ocrx_word' id='word_1_193' title='bbox 250 3083 276 3130; x_wconf 86' lang='grc'><strong>6.</strong></span> <span class='ocrx_word' id='word_1_194' title='bbox 288 3082 393 3132; x_wconf 71' lang='lat' dir='ltr'><strong>Pronum</strong></span> <span class='ocrx_word' id='word_1_195' title='bbox 410 3083 455 3132; x_wconf 84' lang='lat' dir='ltr'><strong>illa</strong></span> <span class='ocrx_word' id='word_1_196' title='bbox 475 3095 536 3132; x_wconf 84' lang='lat' dir='ltr'><strong>nata</strong></span> <span class='ocrx_word' id='word_1_197' title='bbox 558 3092 632 3130; x_wconf 82' lang='lat' dir='ltr'><strong>sunt.-</strong></span> <span class='ocrx_word' id='word_1_198' title='bbox 652 3097 724 3130; x_wconf 85' lang='lat' dir='ltr'><strong>anu·</strong></span> <span class='ocrx_word' id='word_1_199' title='bbox 768 3089 844 3134; x_wconf 79' lang='lat' dir='ltr'><strong>Roma</strong></span> <span class='ocrx_word' id='word_1_200' title='bbox 866 3086 898 3134; x_wconf 88' lang='lat' dir='ltr'><strong>ad</strong></span> <span class='ocrx_word' id='word_1_201' title='bbox 917 3085 1152 3147; x_wconf 79' lang='lat' dir='ltr'><strong>incendiorumque</strong></span> <span class='ocrx_word' id='word_1_202' title='bbox 1172 3083 1277 3132; x_wconf 82' lang='lat' dir='ltr'><strong>Neronia</strong></span> 
     </span>
     <span class='ocr_line' id='line_1_28' title="bbox 214 3160 1258 3226; baseline 0.002 -18"><span class='ocrx_word' id='word_1_203' title='bbox 214 3160 315 3226; x_wconf 78' lang='lat' dir='ltr'><strong>gantia.</strong></span> <span class='ocrx_word' id='word_1_204' title='bbox 325 3162 430 3221; x_wconf 79' lang='lat' dir='ltr'><strong>Melius,</strong></span> <span class='ocrx_word' id='word_1_205' title='bbox 444 3161 504 3210; x_wconf 76' lang='lat' dir='ltr'><strong>«illa</strong></span> <span class='ocrx_word' id='word_1_206' title='bbox 516 3171 572 3208; x_wconf 90' lang='lat' dir='ltr'><strong>nata</strong></span> <span class='ocrx_word' id='word_1_207' title='bbox 585 3170 656 3208; x_wconf 79' lang='lat' dir='ltr'><strong>suut:</strong></span> <span class='ocrx_word' id='word_1_208' title='bbox 674 3160 727 3222; x_wconf 85' lang='lat' dir='ltr'><strong>prl-</strong></span> <span class='ocrx_word' id='word_1_209' title='bbox 770 3165 871 3222; x_wconf 82' lang='lat' dir='ltr'><strong>mansit,</strong></span> <span class='ocrx_word' id='word_1_210' title='bbox 886 3175 915 3212; x_wconf 88' lang='lat' dir='ltr'><strong>ut</strong></span> <span class='ocrx_word' id='word_1_211' title='bbox 923 3181 955 3212; x_wconf 84' lang='lat' dir='ltr'><strong>ex</strong></span> <span class='ocrx_word' id='word_1_212' title='bbox 965 3164 1051 3212; x_wconf 88' lang='lat' dir='ltr'><strong>Tacito</strong></span> <span class='ocrx_word' id='word_1_213' title='bbox 1059 3162 1143 3210; x_wconf 84' lang='lat' dir='ltr'><strong>videre</strong></span> <span class='ocrx_word' id='word_1_214' title='bbox 1155 3171 1191 3209; x_wconf 85' lang='lat' dir='ltr'><strong>eat</strong></span> <span class='ocrx_word' id='word_1_215' title='bbox 1200 3163 1258 3210; x_wconf 70' lang='lat' dir='ltr'><strong>KV.</strong></span> 
     </span>
     <span class='ocr_line' id='line_1_29' title="bbox 215 3237 1276 3306; baseline 0 -18"><span class='ocrx_word' id='word_1_216' title='bbox 215 3257 280 3290; x_wconf 82' lang='lat' dir='ltr'><strong>mum</strong></span> <span class='ocrx_word' id='word_1_217' title='bbox 296 3241 433 3304; x_wconf 79' lang='lat' dir='ltr'><strong>arrogantia</strong></span> <span class='ocrx_word' id='word_1_218' title='bbox 443 3263 464 3289; x_wconf 69' lang='grc' dir='ltr'><strong>ι.</strong></span> <span class='ocrx_word' id='word_1_219' title='bbox 484 3237 583 3290; x_wconf 84' lang='lat' dir='ltr'><strong>schiita.</strong></span> <span class='ocrx_word' id='word_1_220' title='bbox 594 3248 668 3286; x_wconf 76' lang='lat' dir='ltr'><strong>«nata</strong></span> <span class='ocrx_word' id='word_1_221' title='bbox 681 3237 728 3285; x_wconf 85' lang='lat' dir='ltr'><strong>fuit</strong></span> <span class='ocrx_word' id='word_1_222' title='bbox 809 3259 849 3292; x_wconf 89' lang='lat' dir='ltr'><strong>rr.</strong></span> <span class='ocrx_word' id='word_1_223' title='bbox 864 3243 1011 3292; x_wconf 79' lang='lat' dir='ltr'><strong>Vaticanum</strong></span> <span class='ocrx_word' id='word_1_224' title='bbox 1021 3254 1045 3291; x_wconf 89' lang='lat' dir='ltr'><strong>et</strong></span> <span class='ocrx_word' id='word_1_225' title='bbox 1057 3240 1196 3306; x_wconf 80' lang='lat' dir='ltr'><strong>Pupiniam.</strong></span> <span class='ocrx_word' id='word_1_226' title='bbox 1207 3241 1276 3289; x_wconf 87' lang='lat' dir='ltr'><strong>Vati·</strong></span> 
     </span>
     <span class='ocr_line' id='line_1_30' title="bbox 216 3316 1278 3385; baseline -0.002 -14"><span class='ocrx_word' id='word_1_227' title='bbox 216 3336 309 3385; x_wconf 79' lang='lat' dir='ltr'><strong>arrog.»</strong></span> <span class='ocrx_word' id='word_1_228' title='bbox 317 3316 406 3369; x_wconf 78' lang='lat' dir='ltr'><strong>Paullo</strong></span> <span class='ocrx_word' id='word_1_229' title='bbox 419 3321 481 3368; x_wconf 79' lang='lat' dir='ltr'><strong>lulrt</strong></span> <span class='ocrx_word' id='word_1_230' title='bbox 495 3319 551 3366; x_wconf 78' lang='lat'><strong>1000</strong></span> <span class='ocrx_word' id='word_1_231' title='bbox 564 3333 620 3382; x_wconf 62' lang='grc' dir='ltr'><strong>ΨΜ</strong></span> <span class='ocrx_word' id='word_1_232' title='bbox 628 3317 727 3366; x_wconf 63' lang='grc'>11110111·</span> <span class='ocrx_word' id='word_1_233' title='bbox 770 3338 845 3371; x_wconf 82' lang='lat' dir='ltr'><strong>canus</strong></span> <span class='ocrx_word' id='word_1_234' title='bbox 855 3322 926 3370; x_wconf 86' lang='lat' dir='ltr'><strong>collia</strong></span> <span class='ocrx_word' id='word_1_235' title='bbox 934 3323 1002 3383; x_wconf 80' lang='lat' dir='ltr'><strong>iuxta</strong></span> <span class='ocrx_word' id='word_1_236' title='bbox 1010 3324 1112 3370; x_wconf 84' lang='lat' dir='ltr'><strong>lloruarn</strong></span> <span class='ocrx_word' id='word_1_237' title='bbox 1124 3319 1185 3368; x_wconf 84' lang='lat' dir='ltr'><strong>altus</strong></span> <span class='ocrx_word' id='word_1_238' title='bbox 1192 3336 1278 3385; x_wconf 78' lang='lat' dir='ltr'><strong>agrum</strong></span> 
     </span>
     <span class='ocr_line' id='line_1_31' title="bbox 216 3385 1347 3465; baseline 0.001 -19"><span class='ocrx_word' id='word_1_239' title='bbox 216 3415 275 3463; x_wconf 88' lang='lat' dir='ltr'><strong>qua.</strong></span> <span class='ocrx_word' id='word_1_240' title='bbox 284 3401 309 3449; x_wconf 77' lang='lat' dir='ltr'><strong>J.</strong></span> <span class='ocrx_word' id='word_1_241' title='bbox 321 3401 355 3447; x_wconf 80' lang='lat' dir='ltr'><strong>V.</strong></span> <span class='ocrx_word' id='word_1_242' title='bbox 366 3401 393 3447; x_wconf 83' lang='lat' dir='ltr'><strong>L.</strong></span> <span class='ocrx_word' id='word_1_243' title='bbox 769 3401 856 3450; x_wconf 85' lang='lat' dir='ltr'><strong>habuit</strong></span> <span class='ocrx_word' id='word_1_244' title='bbox 867 3401 954 3450; x_wconf 82' lang='lat' dir='ltr'><strong>exilem</strong></span> <span class='ocrx_word' id='word_1_245' title='bbox 971 3417 999 3448; x_wconf 88' lang='lat' dir='ltr'><strong>ac</strong></span> <span class='ocrx_word' id='word_1_246' title='bbox 1010 3400 1194 3450; x_wconf 77' lang='lat' dir='ltr'><strong>sterilissimum.</strong></span> <span class='ocrx_word' id='word_1_247' title='bbox 1204 3385 1278 3465; x_wconf 75' lang='lat' dir='ltr'><strong>l’upi·¹</strong></span> <span class='ocrx_word' id='word_1_248' title='bbox 1344 3449 1347 3456; x_wconf 66' lang='grc'><em>,</em></span> 
     </span>
     <span class='ocr_line' id='line_1_32' title="bbox 254 3471 1278 3546; baseline 0.006 -24"><span class='ocrx_word' id='word_1_249' title='bbox 254 3496 277 3540; x_wconf 70' lang='lat'><strong>7.</strong></span> <span class='ocrx_word' id='word_1_250' title='bbox 299 3480 430 3544; x_wconf 79' lang='lat' dir='ltr'><strong>Voluptate</strong></span> <span class='ocrx_word' id='word_1_251' title='bbox 450 3475 519 3526; x_wconf 77' lang='lat' dir='ltr'><strong>vicit.</strong></span> <span class='ocrx_word' id='word_1_252' title='bbox 537 3477 575 3525; x_wconf 88' lang='lat' dir='ltr'><strong>De</strong></span> <span class='ocrx_word' id='word_1_253' title='bbox 595 3471 725 3541; x_wconf 67' lang='lat' dir='ltr'><strong>cinpani·</strong></span> <span class='ocrx_word' id='word_1_254' title='bbox 770 3481 811 3528; x_wconf 88' lang='lat' dir='ltr'><strong>nia</strong></span> <span class='ocrx_word' id='word_1_255' title='bbox 822 3492 902 3529; x_wconf 87' lang='lat' dir='ltr'><strong>autern</strong></span> <span class='ocrx_word' id='word_1_256' title='bbox 921 3482 967 3530; x_wconf 90' lang='lat' dir='ltr'><strong>aub</strong></span> <span class='ocrx_word' id='word_1_257' title='bbox 979 3482 1047 3530; x_wconf 89' lang='lat' dir='ltr'><strong>Urbe</strong></span> <span class='ocrx_word' id='word_1_258' title='bbox 1056 3483 1134 3546; x_wconf 84' lang='lat' dir='ltr'><strong>posita</strong></span> <span class='ocrx_word' id='word_1_259' title='bbox 1146 3481 1216 3529; x_wconf 82' lang='lat' dir='ltr'><strong>erilis</strong></span> <span class='ocrx_word' id='word_1_260' title='bbox 1227 3489 1278 3528; x_wconf 83' lang='lat' dir='ltr'><strong>erat</strong></span> 
     </span>
     <span class='ocr_line' id='line_1_33' title="bbox 216 3555 1276 3620; baseline -0.001 -13"><span class='ocrx_word' id='word_1_261' title='bbox 216 3557 358 3607; x_wconf 80' lang='lat' dir='ltr'><strong>llauuibrlis</strong></span> <span class='ocrx_word' id='word_1_262' title='bbox 368 3558 488 3618; x_wconf 85' lang='lat' dir='ltr'><strong>hibernia,</strong></span> <span class='ocrx_word' id='word_1_263' title='bbox 503 3555 592 3620; x_wconf 87' lang='lat' dir='ltr'><strong>quibua</strong></span> <span class='ocrx_word' id='word_1_264' title='bbox 606 3557 725 3606; x_wconf 82' lang='lat' dir='ltr'><strong>exercitur</strong></span> <span class='ocrx_word' id='word_1_265' title='bbox 768 3570 792 3607; x_wconf 89' lang='lat' dir='ltr'><strong>et</strong></span> <span class='ocrx_word' id='word_1_266' title='bbox 804 3561 898 3608; x_wconf 87' lang='lat' dir='ltr'><strong>areuoai</strong></span> <span class='ocrx_word' id='word_1_267' title='bbox 908 3561 965 3618; x_wconf 89' lang='lat' dir='ltr'><strong>aoli,</strong></span> <span class='ocrx_word' id='word_1_268' title='bbox 973 3573 1001 3610; x_wconf 87' lang='lat' dir='ltr'><strong>ut</strong></span> <span class='ocrx_word' id='word_1_269' title='bbox 1011 3571 1131 3610; x_wconf 78' lang='lat' dir='ltr'><strong>testantur</strong></span> <span class='ocrx_word' id='word_1_270' title='bbox 1140 3559 1195 3608; x_wconf 81' lang='lat' dir='ltr'><strong>Val.</strong></span> <span class='ocrx_word' id='word_1_271' title='bbox 1206 3561 1276 3608; x_wconf 73' lang='lat' dir='ltr'><strong>blas.</strong></span> 
     </span>
     <span class='ocr_line' id='line_1_34' title="bbox 216 3636 1278 3703; baseline 0.003 -20"><span class='ocrx_word' id='word_1_272' title='bbox 216 3636 269 3697; x_wconf 85' lang='lat' dir='ltr'><strong>ejua</strong></span> <span class='ocrx_word' id='word_1_273' title='bbox 278 3637 399 3701; x_wconf 80' lang='lat' dir='ltr'><strong>elanguit,</strong></span> <span class='ocrx_word' id='word_1_274' title='bbox 408 3639 484 3688; x_wconf 87' lang='lat' dir='ltr'><strong>multa</strong></span> <span class='ocrx_word' id='word_1_275' title='bbox 494 3637 588 3686; x_wconf 82' lang='lat' dir='ltr'><strong>dabunt</strong></span> <span class='ocrx_word' id='word_1_276' title='bbox 598 3639 651 3686; x_wconf 74' lang='lat' dir='ltr'><strong>nv.</strong></span> <span class='ocrx_word' id='word_1_277' title='bbox 660 3652 726 3702; x_wconf 80' lang='lat' dir='ltr'><strong>paea.</strong></span> <span class='ocrx_word' id='word_1_278' title='bbox 768 3649 792 3687; x_wconf 86' lang='lat' dir='ltr'><strong>ct</strong></span> <span class='ocrx_word' id='word_1_279' title='bbox 805 3637 953 3697; x_wconf 85' lang='lat' dir='ltr'><strong>Columella,</strong></span> <span class='ocrx_word' id='word_1_280' title='bbox 963 3641 1006 3703; x_wconf 89' lang='lat' dir='ltr'><strong>qui</strong></span> <span class='ocrx_word' id='word_1_281' title='bbox 1019 3643 1056 3689; x_wconf 84' lang='lat' dir='ltr'><strong>M.</strong></span> <span class='ocrx_word' id='word_1_282' title='bbox 1066 3639 1179 3688; x_wconf 73' lang='lat' dir='ltr'><strong>arritum</strong></span> <span class='ocrx_word' id='word_1_283' title='bbox 1196 3639 1278 3700; x_wconf 79' lang='lat' dir='ltr'><strong>Regu·</strong></span> 
     </span>
     <span class='ocr_line' id='line_1_35' title="bbox 217 3715 1278 3784; baseline 0 -22"><span class='ocrx_word' id='word_1_284' title='bbox 217 3724 243 3763; x_wconf 89' lang='lat' dir='ltr'><strong>et</strong></span> <span class='ocrx_word' id='word_1_285' title='bbox 256 3715 383 3764; x_wconf 86' lang='lat' dir='ltr'><strong>multialii.</strong></span> <span class='ocrx_word' id='word_1_286' title='bbox 767 3717 818 3766; x_wconf 88' lang='lat' dir='ltr'><strong>luru</strong></span> <span class='ocrx_word' id='word_1_287' title='bbox 831 3719 1008 3784; x_wconf 83' lang='lat' dir='ltr'><strong>dicuntagrum</strong></span> <span class='ocrx_word' id='word_1_288' title='bbox 1017 3719 1226 3782; x_wconf 80' lang='lat' dir='ltr'><strong>aeptemjugerum</strong></span> <span class='ocrx_word' id='word_1_289' title='bbox 1236 3715 1278 3762; x_wconf 91' lang='lat' dir='ltr'><strong>ha-</strong></span> 
     </span>
     <span class='ocr_line' id='line_1_36' title="bbox 253 3793 1277 3866; baseline -0.004 -23"><span class='ocrx_word' id='word_1_290' title='bbox 253 3795 278 3842; x_wconf 86' lang='lat'><strong>8.</strong></span> <span class='ocrx_word' id='word_1_291' title='bbox 298 3795 451 3844; x_wconf 68' lang='lat' dir='ltr'><strong>colonorum.</strong></span> <span class='ocrx_word' id='word_1_292' title='bbox 462 3795 626 3866; x_wconf 85' lang='lat' dir='ltr'><strong>¹Lauredanua</strong></span> <span class='ocrx_word' id='word_1_293' title='bbox 639 3813 652 3844; x_wconf 88' lang='lat' dir='ltr'><strong>a</strong></span> <span class='ocrx_word' id='word_1_294' title='bbox 664 3811 722 3844; x_wconf 90' lang='lat' dir='ltr'><strong>con·</strong></span> <span class='ocrx_word' id='word_1_295' title='bbox 767 3796 850 3846; x_wconf 85' lang='lat' dir='ltr'><strong>buiaae</strong></span> <span class='ocrx_word' id='word_1_296' title='bbox 862 3799 889 3845; x_wconf 85' lang='lat' dir='ltr'><strong>iu</strong></span> <span class='ocrx_word' id='word_1_297' title='bbox 895 3798 1011 3861; x_wconf 85' lang='lat' dir='ltr'><strong>Pupinia,</strong></span> <span class='ocrx_word' id='word_1_298' title='bbox 1019 3797 1087 3860; x_wconf 82' lang='lat' dir='ltr'><strong>quari</strong></span> <span class='ocrx_word' id='word_1_299' title='bbox 1095 3796 1121 3842; x_wconf 88' lang='lat' dir='ltr'><strong>in</strong></span> <span class='ocrx_word' id='word_1_300' title='bbox 1131 3793 1206 3842; x_wconf 82' lang='lat' dir='ltr'><strong>sterili</strong></span> <span class='ocrx_word' id='word_1_301' title='bbox 1215 3793 1277 3841; x_wconf 85' lang='lat' dir='ltr'><strong>eolo.</strong></span> 
     </span>
     <span class='ocr_line' id='line_1_37' title="bbox 216 3873 1251 3940; baseline -0.003 -17"><span class='ocrx_word' id='word_1_302' title='bbox 216 3875 325 3936; x_wconf 84' lang='lat' dir='ltr'><strong>iectura,</strong></span> <span class='ocrx_word' id='word_1_303' title='bbox 343 3892 404 3924; x_wconf 78' lang='lat' dir='ltr'><strong>«rao</strong></span> <span class='ocrx_word' id='word_1_304' title='bbox 417 3875 519 3924; x_wconf 80' lang='lat' dir='ltr'><strong>colon.-</strong></span> <span class='ocrx_word' id='word_1_305' title='bbox 532 3879 595 3926; x_wconf 71' lang='grc' dir='ltr'><strong>Η.</strong></span> <span class='ocrx_word' id='word_1_306' title='bbox 607 3879 634 3926; x_wconf 88' lang='lat' dir='ltr'><strong>L.</strong></span> <span class='ocrx_word' id='word_1_307' title='bbox 806 3891 845 3924; x_wconf 83' lang='lat' dir='ltr'><strong>ra.</strong></span> <span class='ocrx_word' id='word_1_308' title='bbox 861 3875 961 3940; x_wconf 84' lang='lat' dir='ltr'><strong>Opinu&#39;s.</strong></span> <span class='ocrx_word' id='word_1_309' title='bbox 977 3875 1017 3924; x_wconf 84' lang='lat' dir='ltr'><strong>al.</strong></span> <span class='ocrx_word' id='word_1_310' title='bbox 1029 3873 1135 3938; x_wconf 80' lang='lat' dir='ltr'><strong>optimis.</strong></span> <span class='ocrx_word' id='word_1_311' title='bbox 1145 3874 1170 3922; x_wconf 85' lang='lat' dir='ltr'><strong>J.</strong></span> <span class='ocrx_word' id='word_1_312' title='bbox 1182 3876 1215 3922; x_wconf 85' lang='lat' dir='ltr'><strong>V.</strong></span> <span class='ocrx_word' id='word_1_313' title='bbox 1223 3875 1251 3921; x_wconf 92' lang='lat' dir='ltr'><strong>L.</strong></span> 
     </span>
     <span class='ocr_line' id='line_1_38' title="bbox 253 3951 1279 4020; baseline -0.005 -17"><span class='ocrx_word' id='word_1_314' title='bbox 253 3969 279 4020; x_wconf 82' lang='lat'><strong>9.</strong></span> <span class='ocrx_word' id='word_1_315' title='bbox 298 3955 398 4003; x_wconf 79' lang='lat' dir='ltr'><strong>Centrum</strong></span> <span class='ocrx_word' id='word_1_316' title='bbox 414 3953 563 4004; x_wconf 74' lang='lat' dir='ltr'><strong>decuriones.</strong></span> <span class='ocrx_word' id='word_1_317' title='bbox 575 3955 724 4006; x_wconf 82' lang='lat' dir='ltr'><strong>Decurionea</strong></span> <span class='ocrx_word' id='word_1_318' title='bbox 806 3955 1194 4011; x_wconf 70' lang='lat' dir='ltr'><strong>13.1²antnm.1r0ntce‚urax</strong></span> <span class='ocrx_word' id='word_1_319' title='bbox 1204 3951 1279 4015; x_wconf 89' lang='lat' dir='ltr'><strong>parti·</strong></span> 
     </span>
     <span class='ocr_line' id='line_1_39' title="bbox 218 4029 1281 4098; baseline 0 -18"><span class='ocrx_word' id='word_1_320' title='bbox 218 4045 298 4092; x_wconf 87' lang='lat' dir='ltr'><strong>eraut‚</strong></span> <span class='ocrx_word' id='word_1_321' title='bbox 315 4034 358 4098; x_wconf 88' lang='lat' dir='ltr'><strong>qui</strong></span> <span class='ocrx_word' id='word_1_322' title='bbox 378 4034 461 4082; x_wconf 85' lang='lat' dir='ltr'><strong>decern</strong></span> <span class='ocrx_word' id='word_1_323' title='bbox 474 4033 595 4097; x_wconf 84' lang='lat' dir='ltr'><strong>equitibus</strong></span> <span class='ocrx_word' id='word_1_324' title='bbox 609 4036 634 4082; x_wconf 88' lang='lat' dir='ltr'><strong>in</strong></span> <span class='ocrx_word' id='word_1_325' title='bbox 648 4045 725 4084; x_wconf 86' lang='lat' dir='ltr'><strong>turma</strong></span> <span class='ocrx_word' id='word_1_326' title='bbox 771 4034 826 4084; x_wconf 88' lang='lat' dir='ltr'><strong>cula</strong></span> <span class='ocrx_word' id='word_1_327' title='bbox 842 4032 969 4080; x_wconf 73' lang='lat' dir='ltr'><strong>escilicetn</strong></span> <span class='ocrx_word' id='word_1_328' title='bbox 981 4031 1115 4094; x_wconf 83' lang='lat' dir='ltr'><strong>judicatur.</strong></span> <span class='ocrx_word' id='word_1_329' title='bbox 1128 4030 1193 4079; x_wconf 86' lang='lat' dir='ltr'><strong>Male</strong></span> <span class='ocrx_word' id='word_1_330' title='bbox 1206 4029 1281 4088; x_wconf 83' lang='lat' dir='ltr'><strong>olim,</strong></span> 
     </span>
     <span class='ocr_line' id='line_1_40' title="bbox 219 4111 954 4178; baseline -0.004 -16"><span class='ocrx_word' id='word_1_331' title='bbox 219 4122 351 4176; x_wconf 68' lang='lat' dir='ltr'><strong>praerant3</strong></span> <span class='ocrx_word' id='word_1_332' title='bbox 370 4124 394 4161; x_wconf 86' lang='lat' dir='ltr'><strong>et</strong></span> <span class='ocrx_word' id='word_1_333' title='bbox 411 4129 486 4178; x_wconf 80' lang='lat' dir='ltr'><strong>quum</strong></span> <span class='ocrx_word' id='word_1_334' title='bbox 500 4113 675 4162; x_wconf 86' lang='lat' dir='ltr'><strong>deducerentur</strong></span> <span class='ocrx_word' id='word_1_335' title='bbox 683 4114 729 4162; x_wconf 87' lang='lat' dir='ltr'><strong>ini·</strong></span> <span class='ocrx_word' id='word_1_336' title='bbox 773 4129 839 4162; x_wconf 71' lang='lat' dir='ltr'><strong>mon</strong></span> <span class='ocrx_word' id='word_1_337' title='bbox 851 4111 954 4176; x_wconf 76' lang='lat' dir='ltr'><strong>patah·</strong></span> 
     </span>
    </p>
   </div>
   <div class='ocr_carea' id='block_1_6' title="bbox 0 0 1517 4664">
    <p class='ocr_par' dir='ltr' id='par_1_8' title="bbox 0 0 1517 4664">
     <span class='ocr_line' id='line_1_41' title="bbox 0 0 1517 4664; baseline 0 0"><span class='ocrx_word' id='word_1_338' title='bbox 0 0 1517 4664; x_wconf 95' lang='lat' dir='ltr'><strong> </strong></span> 
     </span>
    </p>
   </div>
  </div>
 </body>
</html>
