2958 4670
289 360 356 434 532
614 355 663 422 M.
688 353 726 420 T.
754 352 1032 423 CICERONIS

288 487 464 557 exercitus
473 476 771 574 imperatorisque
781 470 1191 570 dicendum,plurimaet
1199 475 1361 544 maxima

288 594 408 696 praelia
421 609 704 662 commemorare
719 606 882 681 possem:
896 581 958 653 sed
973 607 1047 653 non
1063 581 1101 653 id
1111 583 1262 681 agimus.
1278 589 1360 653 Hoc

287 708 389 778 dico:
409 702 438 774 si
453 699 589 771 bellum
607 696 698 783 hoc,
723 696 753 764 si
776 692 837 764 hic
853 691 987 780 hostis,
1010 694 1039 762 si
1056 692 1116 763 ille
1138 717 1203 764 rex
1226 708 1358 764 conte-

286 812 466 888 mnendus
487 807 631 896 fuisset,
647 828 766 901 neque
775 818 874 874 tanta
892 818 1131 876 curasenatus
1148 803 1358 902 etpopuius

286 933 479 1001 romanus¹
512 915 779 1014 suscipiendum
809 927 991 1011 putasset,
1017 937 1137 1010 neque
1165 927 1219 984 tol
1236 938 1357 982 annos

286 1027 470 1138 gessisset,
492 1051 612 1126 neque
633 1039 730 1096 tanta
750 1025 862 1122 gloria
879 1028 919 1093 L.
941 1015 1102 1112 Luculli3
1124 1048 1244 1120 neque
1265 1047 1355 1094 vero

286 1153 363 1246 ejus
378 1145 464 1218 belli
480 1133 696 1213 conficiendi
715 1158 838 1205 curam
858 1147 959 1204 tanto
978 1132 1098 1204 studio
1120 1132 1278 1231 populus
1291 1157 1355 1202 ro-

284 1281 413 1331 manus
434 1254 478 1325 ad
497 1256 564 1323 Cn.
587 1246 798 1344 Pompeium
822 1243 1030 1316 detulisset:
1049 1243 1153 1339 cujus
1175 1267 1219 1314 ex
1235 1246 1355 1312 omni-

284 1371 354 1442 bus
377 1363 530 1466 pugnis,
555 1380 636 1454 quae
664 1368 749 1426 sunt
768 1354 1070 1441 innumerabiles,
1093 1353 1150 1425 vel
1179 1355 1354 1424 acerrima

284 1481 374 1554 mihi
401 1473 545 1546 videtur
575 1466 674 1554 illa²,
694 1489 775 1563 quae
796 1488 877 1534 cum
904 1487 990 1561 rege
1009 1468 1197 1536 commissa
1216 1479 1293 1552 est,
1317 1479 1355 1535 et

284 1609 424 1690 summu
442 1577 677 1654 contentione
693 1589 859 1672 pugnata.
878 1575 960 1662 Qua
977 1599 1022 1645 ex
1040 1599 1161 1673 pugna
1177 1599 1292 1673 quum
1315 1599 1356 1645 se

283 1702 343 1772 ille
362 1697 572 1794 eripuisset,
589 1701 626 1757 et
648 1691 845 1789 Bosporum
865 1682 1100 1781 confugisset,
1120 1709 1195 1782 quo
1213 1685 1354 1758 exerci-

275 1827 342 1882 tus
368 1806 466 1878 adire
496 1823 571 1871 non
599 1810 741 1895 posset:
762 1799 868 1865 etiam
891 1796 928 1864 in
958 1810 1117 1868 extrema
1142 1793 1290 1866 fortuna
1317 1811 1355 1866 et

282 1919 389 2018 fuga,
416 1935 552 1985 nomen
579 1922 699 1977 tamen
729 1906 878 1976 retinuit
907 1906 1045 2001 regium
1058 1901 1084 1974 ³.
1113 1909 1239 2002 Itaque
1273 1911 1354 2003 ipse

281 2029 497 2127 Pompeius,
519 2041 632 2116 regno
651 2038 837 2114 possesso,
861 2039 905 2084 ex
923 2014 1094 2085 omnibus
1107 2019 1180 2085 oris
1196 2039 1237 2086 ac
1252 2019 1353 2086 nolis

185 2175 193 2190 ·
283 2138 430 2214 sedibus
446 2134 551 2204 hoste
571 2126 698 2225 pulsu,
727 2139 846 2196 lamen
873 2139 1012 2196 tantum
1037 2127 1074 2194 in
1098 2129 1205 2195 unius
1229 2129 1354 2197 anima

209 2245 211 2250 ’
281 2251 422 2352 posuit,
442 2258 503 2331 ut,
521 2260 637 2337 quum
658 2237 799 2321 omnia,
819 2259 898 2330 quae
916 2234 976 2304 ilie
998 2249 1181 2322 tenuerat,
1195 2234 1354 2322 adierat,

281 2369 460 2458 sperarat,
477 2349 627 2421 victoria
645 2343 863 2442 possideret,
885 2359 1005 2416 tamen
1025 2369 1099 2415 non
1119 2359 1219 2428 ante,
1237 2371 1354 2441 quam

280 2471 384 2542 illum
401 2468 472 2534 vita
486 2457 658 2557 expulit⁴‚
677 2453 815 2525 bellum
830 2453 1033 2526 confectum
1047 2455 1224 2550 judicarit.
1240 2461 1356 2528 Hunc

281 2597 323 2654 tu
343 2579 505 2660 hostem,
526 2575 634 2654 Cato,
650 2567 869 2653 contemnis,
886 2588 1045 2660 quocum
1061 2589 1125 2664 per
1141 2580 1195 2637 tot
1211 2591 1354 2653 annos,

315 2824 386 2872 xvi.
404 2835 427 2867 1.
446 2821 548 2866 Senarus
567 2826 593 2862 et
603 2813 710 2878 populus
730 2825 791 2857 rom.
833 2809 903 2868 iussu
914 2809 1225 2872 cunr,atlm1uislruvcnt,et
1235 2813 1355 2873 Lucullo,

280 2907 370 2954 Orator
377 2901 419 2949 lric
429 2913 480 2946 nou
491 2892 723 2944 manturanum
733 2889 792 2940 belli
835 2889 878 2948 qui
892 2887 990 2936 taudem
1008 2905 1039 2936 ex
1057 2889 1122 2938 stro
1134 2901 1271 2954 acceperat.
1291 2895 1355 2941 Ter.

280 2985 354 3046 hnjus
367 2989 459 3044 partem
472 2973 584 3037 affingit,
598 2970 640 3020 red
655 2971 791 3018 uuiversum
835 2968 896 3014 tium
905 2967 1040 3016 membrum
1048 2967 1124 3032 legem
1135 2969 1261 3017 Manilium
1271 2971 1352 3036 signi-

280 3047 792 3127 amplcctitur,etexpouitqneruudmoduru
835 3043 906 3104 fleat,
921 3061 968 3112 qur
980 3046 1085 3096 triennio
1098 3057 1153 3096 unte
1165 3050 1275 3112 populus
1287 3069 1351 3102 rum.
1437 3073 1438 3098 t

280 3149 419 3204 susceptum
433 3145 575 3200 gestumque
587 3129 661 3178 fuerit
671 3143 715 3190 per
726 3127 791 3175 mul·
836 3137 923 3174 contra
937 3126 1085 3174 voluntatem
1101 3139 1210 3185 senatun,
1227 3129 1291 3178 illud
1306 3149 1351 3181 ne-

280 3233 319 3269 tos
340 3231 428 3271 annue,
452 3223 525 3276 utque
545 3211 577 3256 ila
597 3205 722 3255 concludit
741 3220 748 3254 :
769 3207 792 3255 si
835 3205 927 3268 gotium
938 3206 1260 3270 Pompeioderuundavent.

280 3295 369 3345 bellum
382 3293 443 3351 icc,
458 3301 505 3337 cto.
520 3287 558 3335 lix
571 3284 648 3332 trihus
661 3283 792 3344 membris,
873 3300 896 3332 n.
910 3285 1037 3332 Acerrinm
1051 3284 1113 3332 mili
1125 3285 1226 3334 videtur
1240 3290 1294 3337 illa.
1312 3293 1351 3339 De

280 3375 369 3441 quibus
387 3371 435 3419 hoc
452 3379 532 3417 totum
542 3375 638 3414 constat
649 3363 790 3427 ,primum
835 3363 881 3410 luc
888 3381 968 3428 pugna
978 3365 1033 3412 vide
1040 3366 1143 3424 Dionem
1150 3367 1216 3416 cm.
1224 3369 1350 3428 XXXVI,

279 3469 330 3520 quo
340 3451 370 3499 de
379 3447 486 3513 egimus:
496 3457 575 3509 neque
584 3452 731 3500 tautacnra,
743 3451 789 3491 etc.
837 3441 868 3490 32
879 3459 886 3500 3
898 3445 1038 3507 Appianum
1057 3444 1083 3491 iu
1099 3445 1211 3494 Mithrid.
1225 3448 1348 3498 Plutarch.

278 3549 332 3582 uon
342 3531 373 3578 nd
387 3525 513 3576 Lucullum
526 3521 641 3586 pertinet,
650 3520 694 3570 cccl
703 3519 734 3568 ud
748 3537 792 3568 uu·
836 3522 862 3568 iu
872 3521 999 3585 Pompeio.

278 3627 338 3661 num
354 3609 406 3662 664
419 3615 463 3653 aut
477 3601 529 3652 665
542 3601 653 3659 miertur,
667 3614 743 3664 quum
758 3615 790 3646 cx
870 3596 895 3647 3.
913 3598 1020 3648 Beeinnit
1034 3600 1135 3665 regium.
1154 3603 1215 3650 Vide
1228 3619 1276 3667 pro
1294 3606 1349 3669 lege

278 3689 361 3748 scio,
374 3696 463 3735 ulmos
476 3692 541 3736 erut,
556 3680 605 3729 lm
621 3680 667 3728 fuit
681 3679 720 3728 lex
733 3695 791 3726 een·
834 3675 921 3725 Muuil.
934 3693 988 3743 cup.
1003 3695 1027 3742 9.

277 3769 372 3821 curiatis
395 3763 500 3813 comitiis
519 3761 550 3809 de
569 3759 635 3808 bello
654 3757 791 3806 Mithridati
871 3765 895 3812 s.
913 3757 987 3804 Illum
1005 3758 1061 3807 nita
1081 3759 1181 3824 expulit,
1203 3762 1348 3810 lneoeffibffi

277 3845 417 3898 indicendo.
432 3842 554 3898 Alterum,
563 3853 641 3902 neque
650 3849 685 3884 tot
695 3853 786 3895 annos,
833 3833 916 3882 letitia
933 3835 1049 3884 affectum
1064 3840 1175 3903 Pompeii
1194 3841 1346 3902 exercitum,

277 3938 324 3975 etc.
339 3920 524 3987 comprehcndit
536 3935 574 3966 res
591 3927 669 3981 germ
681 3933 696 3964 ι
710 3916 788 3964 tribus
832 3915 943 3963 morian
961 3915 1027 3965 illius
1044 3927 1135 3975 morte,
1156 3918 1231 3966 trudit
1251 3921 1346 3968 Plutar—

276 4003 475 4069 imperatoribus,
493 3997 574 4058 Sulln,
593 3997 663 4057 cujus
681 3996 787 4059 primum
833 3993 908 4054 chus,
927 3993 959 4050 ὡς
980 3993 1002 4044 iv
1026 4000 1061 4062 τῷ
1079 3995 1172 4062 cuipter
1192 3993 1346 4064 Μιθριδάτου

273 4101 301 4132 cu
318 4083 365 4132 l'uit
379 4077 518 4146 provincia
528 4077 645 4132 Murena,
655 4075 698 4138 qui
713 4073 787 4121 snite
831 4070 918 4138 μυρίων
931 4073 1071 4128 stirmis-on
1084 4073 1212 4141 πολιμὶων.
