2912 4654
247 335 313 417 ida
564 333 613 401 Μ.
639 333 678 400 Τ.
705 331 988 402 CICERONIS

238 451 503 550 magistratibus
521 450 673 548 negligi,
693 451 739 523 ab
757 455 817 539 iis,
835 454 899 550 qui
913 449 1076 524 eamdem
1091 466 1312 550 potestatem

239 563 359 661 adepti
386 575 495 649 sunt,
528 562 765 648 commutari,
795 561 890 632 inter
921 559 1073 657 collegas
1105 559 1313 660 discrepare

235 673 410 744 videatis?

274 791 408 860 XLIV.
427 789 517 879 Quae
533 810 647 883 quum
663 788 711 858 ita
728 787 817 870 sint,
834 785 1038 872 rideamne,
1054 781 1144 880 quid
1160 783 1310 856 tandem

238 921 405 970 censores
427 897 473 968 de
492 896 554 967 illo
571 895 711 991 judicio
731 908 905 993 corrupto
924 893 1101 990 judicasse
1130 893 1308 965 dicantur.

237 1014 288 1080 Ac
309 1009 467 1106 primurn
493 1006 582 1076 illud
603 1020 802 1080 statuamus
824 1034 832 1078 ε
859 1019 1000 1092 utrum,
1025 1007 1125 1102 quia*
1138 1029 1310 1076 censores

235 1118 593 1216 subscripserint,ita
613 1118 677 1201 sit;
700 1141 763 1206 an,
778 1117 864 1214 quia
882 1118 930 1187 ita
944 1113 1066 1202 fuerit,
1085 1115 1138 1186 illi
1153 1113 1309 1186 subscri·

236 1233 385 1329 pserint.
417 1230 454 1298 Si
489 1229 590 1316 ideo,
623 1229 710 1325 quia
741 1226 1043 1324 subscripserint,
1067 1224 1185 1308 uidete
1216 1222 1309 1320 quid

233 1341 363 1438 agatis,
385 1363 431 1410 ne
457 1340 494 1408 in
515 1362 816 1436 unumquemque
846 1351 1011 1410 nostrum
1037 1333 1247 1408 censoribus
1265 1337 1308 1406 in

234 1465 420 1548 posterum
440 1461 655 1547 potestatem
678 1449 811 1546 regiam
832 1435 1064 1546 permittatis3
1079 1470 1126 1516 ne
1148 1442 1306 1516 subscri·

235 1561 312 1656 ptio
341 1561 504 1629 censoria
531 1581 606 1628 non
629 1561 748 1629 minus
777 1554 1168 1665 calamitatisxcivibun
1196 1578 1306 1651 quam

234 1668 294 1741 illa
310 1666 536 1738 acerbissima
555 1669 793 1765 proscriptio¹
820 1673 932 1766 possit
947 1665 1096 1752 afferre3
1115 1691 1162 1736 ne
1181 1690 1307 1737 censo·

171 1855 176 1864 ,
234 1780 331 1850 rium
344 1777 498 1875 stylum,
519 1778 622 1872 cujus
640 1802 851 1850 mucronem
869 1779 992 1850 multis
1009 1774 1177 1848 remediis
1190 1775 1304 1870 majo·

234 1912 293 1960 res
307 1891 421 1960 nostri
435 1887 670 1974 retuderunt,
680 1912 782 1985 reque
795 1887 945 1986 posthac
958 1901 1068 1984 atquc
1079 1885 1181 1957 illum
1195 1883 1305 1956 dicta·

234 2001 368 2069 torium
406 1995 564 2096 gladium
601 1999 907 2095 pertimescamus.
952 2001 1014 2070 Sin
1048 2013 1170 2070 autem
1204 1995 1305 2096 quod

233 2107 479 2206 subscriptum
492 2121 565 2194 est,
584 2109 669 2204 quia
685 2132 812 2180 verum
827 2123 901 2195 est,
922 2109 1058 2180 idcirco
1070 2133 1177 2206 grave
1194 2107 1305 2180 debet

232 2241 309 2290 esse
332 2247 340 2289 ε
362 2217 433 2289 hoc
452 2241 671 2315 quaeramus,
694 2243 820 2290 verum
846 2221 910 2307 sit,
934 2243 978 2290 an
1001 2215 1155 2306 falsum,
1184 2242 1303 2290 remo·

232 2344 384 2400 veantur
406 2330 635 2403 auctoritates
658 2331 849 2418 censorioe3
876 2330 1033 2411 tollatur,
1048 2328 1084 2400 id
1104 2353 1147 2400 ex
1173 2352 1304 2414 causa,

232 2437 333 2536 quod
344 2441 382 2509 in
396 2463 501 2509 causa
519 2464 595 2509 non
613 2456 676 2511 est.
695 2444 815 2526 Doce,
839 2465 950 2539 quam
964 2443 1153 2537 pecuniam
1168 2438 1303 2510 Cluen·

232 2549 303 2619 tius
324 2548 483 2638 dederit;
509 2548 606 2621 unde
633 2550 794 2637 dederit,
814 2549 1122 2648 quemadmodum
1144 2549 1303 2636 dederit;

231 2681 346 2729 unum
369 2656 527 2758 denique
550 2659 697 2758 aliquod
722 2685 742 2730 a
761 2661 932 2732 Cluentio
953 2659 1121 2759 profectae
1142 2663 1303 2759 pecuniae

231 2770 420 2864 vestigium
451 2769 612 2841 ostende.
647 2769 783 2842 Vince³
817 2769 972 2855 deinde,
1009 2772 1126 2842 virum
1163 2770 1302 2842 bonum

230 2875 339 2950 fuisse
356 2881 616 2980 Oppianicum,
636 2881 824 2952 hominem
844 2882 1045 2978 integrum3
1064 2880 1153 2951 nihil
1173 2881 1219 2952 de
1240 2881 1301 2951 illo

228 3013 403 3085 umquam
421 3013 523 3066 secus
539 3015 615 3062 esse
637 2991 900 3078 existimatum
930 2991 1020 3062 nihil
1037 2991 1195 3089 denique
1213 3017 1300 3091 prae·

226 3099 439 3193 judicatum.
458 3101 550 3170 Tum
572 3105 822 3172 auctoritatem
842 3126 1033 3172 censorum
1052 3103 1299 3201 amplexat043

229 3221 308 3277 tum
330 3207 477 3280 illorum
492 3209 668 3306 judicium
693 3237 777 3282 cum
795 3237 836 3283 re
854 3207 1115 3308 conjunctum⁵
1136 3237 1213 3284 esse
1236 3211 1299 3285 de·

227 3315 377 3388 sendito.
393 3323 490 3388 Dum
504 3316 611 3390 vero⁶
626 3346 710 3392 eum
725 3321 832 3394 fuisse
844 3325 1087 3422 Oppianicum
1102 3321 1298 3410 constabit,

229 3430 292 3528 qui
307 3425 446 3498 tabulas
460 3427 623 3526 publicas
635 3433 822 3530 municipii
836 3435 892 3503 sui
904 3436 1110 3534 corrupisse
1118 3432 1299 3530 judicatus

261 3598 352 3646 xntv.
370 3613 392 3647 r.
409 3597 572 3646 Acerbiasa'mu
581 3601 740 3666 proscriptio.
823 3603 848 3652 5.
863 3603 923 3651 Cum
935 3619 961 3652 m
974 3605 1139 3670 coap‘uncum.
1153 3605 1298 3654 Adcanmr

229 3680 363 3729 Dictatoris
374 3677 457 3728 Sullae.
784 3684 862 3748 ipsam
874 3686 1004 3748 pertineto.

265 3775 290 3808 a.
304 3758 443 3807 Censorium
454 3759 551 3820 mlum.
566 3760 623 3821 Qno
637 3759 667 3809 ad
681 3751 750 3809 scri-⁸
821 3763 845 3812 u.
855 3765 919 3811 Dum
928 3781 1013 3812 uero...
1025 3763 1187 3829 Oppianicum
1200 3777 1297 3814 consta·

229 3837 322 3887 benun
336 3849 405 3887 notua
417 3840 556 3888 utebantur.
786 3841 834 3900 bie,
853 3854 900 3892 etc.
918 3843 973 3890 Hoc
986 3845 1012 3890 ln
1025 3843 1082 3892 loco
1104 3844 1253 3892 viridissime
1270 3861 1298 3894 nc

266 3917 288 3964 Β.
313 3918 396 3966 Vince.
420 3918 527 3967 Ostende
551 3929 575 3967 et
595 3918 686 3969 obtine.
707 3949 740 3959 -
785 3921 865 3968 obiter
885 3923 966 3969 omnia
989 3923 1120 3988 Oppianici
1143 3923 1252 3986 scelera,
1272 3923 1297 3969 in

230 3997 309 4044 Seous.
322 3997 387 4046 Male
400 3997 431 4046 de
444 4015 473 4046 eo
486 3999 658 4050 existimatum.
784 4015 858 4048 unum
869 4001 944 4049 veluti
955 4002 1042 4050 laenam
1051 4002 1152 4066 colligit,
1161 4019 1219 4068 qna
1227 4001 1297 4051 turbs

264 4083 287 4131 t.
301 4074 365 4134 Alii,
377 4078 541 4141 amplexator.
555 4079 579 4127 J.
590 4080 621 4126 V.
633 4083 662 4127 L.
783 4079 858 4141 magis
869 4079 977 4140 valeant,
989 4091 1017 4130 ut
1029 4081 1063 4129 ait
1077 4081 1254 4144 Quintilianus.
