2958 4670
243 365 327 462 ‘a7u
575 365 624 432 tu
650 366 689 431 r.
715 362 997 433 otonnouts

256 487 457 585 custodiant
468 487 681 556 nominatim
694 483 767 554 dati
781 498 869 554 sunt
878 480 907 567 ³,
918 483 995 553 sine
1009 479 1081 552 ulla
1094 481 1324 554 dubitatione

256 597 397 670 anobis
414 595 575 668 damnati
596 594 699 666 esaei
715 594 913 666 videantur.

302 706 373 782 sed
390 731 460 805 ogo
481 707 620 776 institui
642 702 776 776 referre
796 704 840 775 ad
866 727 946 794 vos,
971 719 1090 802 patres
1107 704 1323 801 conscripti,

256 833 439 916 tamquam
454 818 652 912 integrum,
669 829 706 886 et
720 815 765 886 de
781 813 896 902 sacto,
914 813 1003 911 quid
1017 812 1205 909 judicetis,
1222 827 1258 884 et
1274 812 1323 884 de

256 954 386 1028 poeua,
408 925 498 1024 quid
521 927 704 997 censeatis.
724 926 789 996 llla
802 923 1012 1024 praedicam,
1036 938 1217 1022 quaesunt
1232 947 1321 996 con·

255 1041 353 1113 stalis.
372 1043 449 1136 Ego
469 1059 638 1134 magnum
664 1037 701 1105 in
719 1034 905 1133 republica
925 1037 1056 1105 versari
1078 1031 1260 1122 furorem,
1286 1049 1322 1104 ct

257 1175 351 1224 nova
377 1147 542 1248 quaedam
571 1148 711 1218 misceri
735 1160 773 1215 ct
795 1146 969 1216 concitari
996 1146 1088 1216 mala
1105 1145 1320 1242 jampridem

256 1259 421 1334 videbam
435 1287 444 1330 ι
459 1259 521 1330 sed
536 1258 631 1330 hanc
645 1270 797 1342 tautam,
809 1271 883 1327 tam
899 1255 1086 1328 exitiosam
1101 1255 1226 1328 haberi
1237 1279 1322 1327 con·

253 1372 508 1468 jurationema
527 1366 680 1454 civibus,
701 1389 902 1463 numquam
922 1368 1057 1464 putavi.
1073 1368 1194 1453 Nunc,
1214 1364 1321 1462 quid-

256 1481 347 1580 quid
375 1497 448 1566 est,
472 1499 705 1578 quocumque
732 1489 857 1548 vostrae
888 1472 956 1548 se⁵
984 1491 1124 1548 mentes
1147 1476 1322 1546 inclinant

256 1609 366 1690 atque
388 1592 591 1673 sententia,
610 1582 868 1659 statuendum⁶
881 1585 984 1658 vobis
1000 1600 1083 1659 ante
1096 1601 1241 1659 noctem
1257 1601 1320 1657 est.

256 1707 443 1795 Quantum
465 1698 606 1772 facinus
630 1697 676 1769 ad
697 1709 786 1768 vos⁷
807 1695 966 1770 delatum
989 1701 1050 1786 sit,
1072 1694 1212 1768 videtis.
1232 1699 1324 1768 Huic

257 1815 286 1885 si
301 1835 436 1911 paucos
449 1811 582 1908 putatis
596 1807 724 1880 affines
742 1831 837 1894 esse,
851 1807 1084 1878 vehementer
1098 1807 1233 1878 erratis.
1256 1811 1323 1876 La-

257 1929 329 1995 tius
345 1923 519 2022 opinione
542 1919 811 1990 disseminatum
833 1931 886 1988 est
905 1915 976 1986 hoc
992 1917 1145 2004 malum;
1169 1917 1325 1986 manavit

257 2059 333 2106 non
371 2033 489 2104 solum
517 2055 584 2128 per
611 2029 772 2122 Italiam,
802 2029 930 2096 ‘verum
965 2030 1074 2097 etiam
1104 2025 1326 2098 transcendit

256 2145 383 2243 Alpes,
414 2157 453 2214 et
484 2139 639 2212 obscure
666 2161 832 2236 serpens,
862 2133 993 2210 multas
1019 2138 1092 2232 jam
1121 2139 1326 2237 provincias

218 2258 221 2274 '
256 2253 457 2352 occupavit.
497 2249 540 2322 Id
571 2250 729 2348 opprimi
763 2246 1002 2320 sustentando
1035 2269 1076 2320 ac
1110 2248 1326 2346 prolatando

257 2366 360 2438 nullo
377 2377 483 2463 pacto
501 2374 631 2460 potest.
652 2359 892 2456 Quacumque
906 2361 1049 2430 ratione
1071 2355 1209 2456 placet,
1232 2358 1326 2428 cele·

257 2480 345 2566 riter
364 2474 467 2546 vobis
484 2469 743 2544 vindicandum
762 2467 827 2540 e'st.

294 2693 317 2740 3.
338 2687 490 2736 Namnatius
511 2687 569 2734 dari
585 2697 651 2733 mne.
670 2683 770 2733 Scilicet
849 2681 873 2731 5.
888 2683 991 2732 Addunt
1001 2701 1026 2734 te
1039 2687 1121 2734 GM.
1137 2684 1327 2734 humentes.

257 2771 374 2820 Lentulus
386 2771 413 2817 P.
423 2767 527 2816 Lentulo
535 2765 672 2832 Spintheri,
682 2763 769 2814 Cethe·
814 2765 909 2812 Emest.
923 2761 1011 2811 deinde
1022 2763 1107 2820 mallet
1116 2763 1247 2825 inclinate,
1258 2763 1327 2828 qnod

258 2865 303 2916 gan
313 2849 344 2913 Q.
358 2847 492 2898 Cornificio
504 2847 629 2907 ,Statilins
636 2845 663 2894 C.
671 2841 770 2903 Caesari,
813 2839 887 2889 babet
901 2841 957 2889 eod.
969 2841 1056 2891 Duitb.
1067 2843 1093 2892 J.
1104 2845 1135 2890 V.
1146 2845 1173 2891 L.

257 2929 376 2980 Gabinius
386 2927 659 2990 mera-ommatius
668 2925 715 2972 Cu.
723 2925 769 2972 're-
850 2923 876 2968 6.
890 2923 1050 2970 Samaritana
1062 2921 1134 2970 autb
1154 2933 1215 2971 eata
1233 2933 1326 2972 nactam

259 3012 349 3060 tentio.
365 3009 445 3076 Ceteri
458 3007 610 3072 aufugerant.
814 3001 921 3050 ruffum
933 3002 988 3066 qula
1000 3003 1136 3068 pericnlum
1144 3013 1327 3062 emt,nenoetu

294 3101 319 3148 4.
332 3083 452 3136 Dumnaci
464 3073 525 3134 esse
540 3086 634 3134 Notum
656 3092 691 3128 est
705 3081 769 3128 euim
815 3079 902 3145 aliquia
924 3079 1042 3128 tumultus
1060 3083 1214 3140 excitaretur,
1237 3095 1264 3130 ut
1282 3098 1327 3146 per

258 3165 384 3234 opinionis
397 3183 426 3214 ac
448 3163 574 3214 sententiat
589 3155 771 3210 mutatione
816 3159 865 3208 vim
885 3161 1038 3224 eriperentur
1050 3159 1068 3207 ii
1082 3161 1125 3224 qni
1145 3162 1170 3209 in
1189 3161 1326 3210 custodiam

257 3265 309 3296 erae
316 3245 424 3312 judicia.
435 3245 527 3292 Verum
545 3242 659 3288 nuntiata
670 3237 770 3304 quidem
815 3239 866 3289 dati
885 3249 971 3298 erantt
993 3250 1045 3290 tum
1059 3241 1116 3304 quia
1138 3251 1247 3290 renatum
1270 3251 1327 3290 ante

257 3327 289 3375 ad
296 3339 393 3389 poenam
402 3321 534 3383 conjuratis
544 3319 700 3383 infligendam
711 3334 770 3382 prte-
814 3330 913 3366 noctem
927 3319 1018 3367 dimitti
1028 3320 1248 3384 oportebatVarro
1261 3320 1325 3367 enim

254 3404 356 3466 indicia.
368 3404 471 3449 Senatus
487 3399 639 3461 judicaverat
657 3398 771 3458 coujura-
814 3398 880 3462 apud
887 3397 991 3446 Gellium
1005 3397 1326 3456 docet‚senatuaconmltnm

257 3485 349 3534 tionem
361 3479 490 3528 maximam
499 3479 586 3526 laetam
597 3493 660 3539 esse,
670 3477 770 3540 ejusque
814 3487 870 3524 ante
890 3487 1016 3535 exortum,
1029 3489 1072 3525 ant
1085 3489 1143 3541 post
1160 3491 1273 3525 occasum
1287 3493 1326 3524 so·

257 3561 431 3616 relcoatictoa
442 3555 771 3628 bominercustodiadevin·
814 3556 862 3604 lem
887 3555 995 3616 iactum,
1024 3563 1102 3603 ratum
1125 3571 1174 3604 non
1195 3555 1276 3605 fuisse.
1295 3555 1326 3604 Et
1419 3547 1425 3558 ⁸

257 3653 312 3694 ctos
324 3653 404 3706 prenae
416 3648 590 3697 reservaverat,
600 3653 654 3700 qaue
665 3651 712 3684 nna
727 3635 770 3684 de·
814 3636 1000 3695 conjuratorum
1022 3635 1130 3698 proximi
1152 3637 1177 3682 iu
1201 3637 1255 3710 l'qro
1278 3635 1327 3683 ire·

256 3721 377 3771 cernenda
391 3717 504 3768 recubat.
513 3745 546 3754 -
560 3719 697 3780 Tamquam
709 3717 770 3763 inte·
814 3725 915 3778 quentes
937 3714 1052 3773 stabant,
1074 3705 1204 3764 tumultum
1224 3716 1327 3782 aliquem

256 3813 336 3866 gnata.
345 3802 479 3864 Tamquam
488 3797 599 3846 nondum
607 3795 769 3860 cognoscatis,
814 3795 943 3852 tentaturi,
955 3811 1031 3858 qutun
1043 3811 1086 3844 eoa
1094 3797 1181 3845 Cicero
1191 3811 1241 3845 nno
1250 3795 1327 3843 aerbo

260 3880 370 3929 nondum
382 3880 415 3928 ad
435 3895 480 3926 voa
500 3877 630 3925 retulerim.
646 3875 725 3920 -Et
739 3873 770 3920 de
814 3873 1068 3937 proatmvittvixere.

253 3957 335 4023 samo.
349 3957 377 4006 ld
387 3969 438 4021 ert,
451 3957 481 4007 (le
490 3969 520 4005 eo
533 3953 602 4020 qnod
614 3952 768 4003 commissum
852 3969 877 4011 q.
891 3953 967 3999 Recte
979 3954 1014 4000 sic
1027 3953 1110 4004 (ἴτων.
1128 3970 1143 4001 e
1158 3953 1232 4004 codd.
1248 3955 1328 4012 Olim,

261 4051 313 4085 erse
326 4043 421 4085 matut
438 4037 469 4084 ab
487 4036 518 4083 iia
531 4033 574 4100 qui
591 4034 618 4080 ln
634 4029 771 4080 curtadiam
816 4047 876 4088 taos,
889 4031 970 4080 minua
978 4041 1050 4097 apte,
1061 4033 1176 4097 qnoniam
1186 4033 1274 4082 Cicero
1285 4031 1329 4079 ‹ie-

262 4115 312 4164 dati
325 4127 391 4164 sunt.
815 4111 905 4158 tulerat
915 4110 946 4159 ad
956 4121 1072 4160 renatum.
1086 4113 1110 4160 J.
1119 4113 1151 4161 V.
1165 4115 1193 4162 L.
