3018 4664
456 373 511 442 tn
536 375 577 442 1..
603 375 908 464 statumini,
933 380 1006 447 111.
1176 333 1258 466 ’ἀει

201 499 280 568 tatis
307 496 413 583 viris,
437 499 527 592 qui,
553 493 674 568 audita
701 519 760 584 re,
782 496 991 596 frequentes
1012 499 1059 570 ad
1078 525 1137 572 mc
1158 527 1264 578 mane

199 621 467 694 convenerant,
484 607 604 678 literas
620 631 640 678 a
660 632 718 679 me
737 609 838 704 prius
852 610 1000 707 aperiri,
1022 635 1132 708 quam
1149 613 1195 684 ad
1212 639 1264 688 se·

199 735 324 792 natum
349 717 526 806 delerri⁶,
557 720 734 820 placeret,
754 745 822 808 ne,
845 724 874 794 si
902 723 993 795 nihil
1021 740 1113 797 esset
1136 728 1262 800 iuven-

200 847 300 916 tum,
326 846 502 903 temerea
527 856 583 902 me
609 847 730 905 tantus
748 835 927 905 tumultus
952 834 1107 929 injectus
1133 841 1264 912 civitati

200 943 404 1015 videretur:
424 945 552 1040 negavi
570 967 627 1014 me
650 967 727 1016 esse
748 940 951 1032 facturum,
971 959 1013 1016 ut
1037 944 1082 1016 de
1103 948 1264 1043 periculo

199 1051 347 1150 publico
375 1077 452 1124 non
482 1052 528 1124 ad
553 1053 745 1124 consilium
770 1051 956 1152 publicum
983 1077 1061 1126 rem
1089 1057 1264 1155 integram

199 1160 390 1234 deferrem.
414 1164 575 1250 Etenim,
594 1164 773 1253 Quirites,
796 1165 825 1234 si
844 1189 907 1253 ea,
922 1189 1004 1261 quae
1024 1180 1126 1236 erant
1143 1167 1189 1238 ad
1207 1195 1265 1240 me

199 1270 335 1360 delata,
349 1285 493 1369 reperta
507 1297 583 1344 non
598 1287 717 1344 essent
733 1301 741 1342 t
759 1287 879 1344 tamen
895 1297 962 1370 ego
976 1299 1051 1345 non
1066 1271 1267 1352 arbitrabar

200 1384 235 1452 in
263 1387 368 1454 tantis
392 1373 602 1482 reipublicae
622 1382 789 1480 periculis
810 1382 900 1453 mihi
920 1407 997 1456 esse
1019 1387 1168 1457 nimiam
1191 1387 1268 1460 dili·

200 1496 360 1590 gentiam
377 1492 711 1590 pertimescendam.
732 1496 905 1564 Senatum
927 1490 1158 1592 frequentem
1172 1497 1268 1570 cele·

200 1604 299 1690 riter,
328 1617 369 1674 ut
396 1603 557 1691 vidistis,
586 1606 720 1701 coegit
748 1605 867 1700 Atque
890 1606 1027 1675 interea
1049 1607 1190 1695 statim,
1208 1609 1269 1681 ad·

201 1715 343 1804 monitu
356 1712 610 1811 Allobrogum,
626 1717 665 1784 C.
681 1713 897 1812 Sulpicium,
910 1730 1120 1813 praetorem,
1136 1717 1265 1790 fortem

200 1827 342 1912 virum,
357 1827 458 1912 misi,
473 1825 538 1921 qui
552 1849 597 1894 ex
614 1821 753 1895 aedihus
774 1823 945 1922 Cethegi,
958 1827 987 1897 si
1003 1826 1094 1924 quid
1111 1826 1267 1902 telorum

201 1947 314 2022 esset,
337 1931 493 2006 efferret.
512 1937 564 2004 Ex
585 1932 720 2031 quibus
739 1933 799 2006 ille
815 1937 1013 2006 maximum
1035 1937 1187 2008 sicarum
1202 1963 1270 2009 uu·

201 2070 342 2117 merum
361 2061 398 2118 et
413 2043 616 2143 gladiorum
635 2044 774 2117 extulit.

248 2160 307 2226 IV.
326 2154 514 2226 Introduxi
532 2155 761 2226 Vulturcium
777 2155 854 2225 sine
869 2152 981 2226 Gallis
992 2164 1016 2240 ¹3
1030 2151 1138 2226 fidem
1154 2157 1187 2226 ei
1199 2183 1268 2257 pu·

202 2265 351 2352 blicam,
372 2264 475 2359 jussu
498 2280 663 2350 senatus,
682 2265 810 2353 ‹tedi²;
837 2263 1003 2335 hortatus
1026 2288 1126 2354 sum,
1146 2281 1266 2354 ntea,

201 2401 283 2473 quae
308 2376 435 2474 sciret,
461 2378 539 2446 sine
563 2373 687 2447 metu³
715 2373 900 2446 indicaret.
927 2379 1021 2444 Tum
1046 2374 1127 2462 illc,
1150 2399 1267 2474 quum

200 2489 260 2557 vix
278 2511 316 2558 se
335 2511 380 2557 ex
401 2507 534 2582 magno
554 2487 684 2558 timore
707 2495 900 2556 recreasset
908 2480 936 2572 4,
959 2482 1069 2556 dixit:
1086 2511 1107 2556 a
1124 2489 1161 2556 P.
1177 2491 1267 2559 Len·

202 2597 280 2670 tulo
306 2621 343 2668 se
366 2593 501 2666 habere
528 2595 573 2666 ed
602 2596 791 2667 Catilinam
815 2593 1043 2667 mandatust
1068 2596 1208 2686 literas,
1227 2615 1269 2672 ut

201 2731 388 2783 servorum
403 2703 595 2805 praesidio⁵
615 2719 790 2792 uteretur,
808 2719 844 2777 et
865 2704 908 2775 ad
924 2703 1053 2775 urbem
1067 2725 1178 2802 quam
1192 2709 1266 2805 pri·
1284 2690 1290 2701 ’

203 2846 302 2893 mum
325 2844 410 2890 cum
432 2821 591 2890 exercitu
609 2815 812 2900 accederet;
833 2813 870 2885 id
890 2827 1009 2885 autem
1033 2839 1078 2886 eo
1096 2815 1267 2906 consilio,

202 2947 261 3017 nt,
284 2953 398 3028 quum
427 2924 556 2999 urbem
587 2924 760 2997 omnihus¹
788 2949 843 2995 ex.
861 2919 1059 3022 partibns⁶,
1090 2923 1267 3020 quemad·

236 3159 262 3206 6.
281 3154 324 3206 At.
340 3175 352 3196 ι
363 3151 446 3202 referri
455 3173 476 3212 ι,
492 3151 547 3210 vel,
570 3163 599 3199 nt
611 3151 709 3200 Inllcm.
790 3151 968 3208 s.1lscrsasset.
978 3149 1034 3198 Scss
1044 3149 1189 3215 collegisset.
1203 3153 1264 3205 ΑΜ.

202 3247 259 3302 post
271 3236 374 3291 multos,
385 3255 398 3274 κ
407 3231 520 3280 referrem
532 3254 554 3280 υ.
567 3233 584 3280 J
587 3265 595 3281 .
607 3234 639 3279 V.
651 3233 680 3280 1..
753 3231 823 3280 Cvmt.
836 3230 901 3280 ottv.
910 3229 1044 3294 receps'ssst.
1056 3233 1119 3282 Π.
1130 3233 1158 3280 L.

238 3330 261 3376 ⁷·
274 3314 356 3380 coegi.
369 3311 484 3360 [nedem
493 3311 648 3361 Concordia.
792 3308 1264 3374 cenommanncsuttnmtm,

236 3397 281 3444 IV.
293 3411 315 3442 1.
325 3393 382 3440 Sine
393 3391 479 3441 Gallis.
492 3393 527 3440 Ut
534 3391 635 3454 singulis
646 3405 711 3438 secr-
754 3399 782 3438 nt
795 3399 874 3438 narrat
888 3387 1029 3450 Sallustius,
1040 3389 1138 3438 servitis
1151 3391 1264 3456 repudi..
1280 3425 1288 3444 ,

200 3492 255 3524 suin
263 3473 418 3537 interrogetis
425 3481 614 3536 cognosceretur
621 3468 711 3534 ecquid
754 3467 809 3528 hst;
821 3467 847 3516 tt
857 3468 962 3516 lentulo
972 3467 1122 3532 displicebst.

201 3549 285 3604 cornill
293 3551 664 3602 indiciaintcrscooncincrcnt.
790 3549 815 3596 6.
828 3547 944 3596 Omnibus
955 3545 1116 3612 expertibus.
1127 3547 1264 3598 Duodecim

237 3649 262 3680 a.
275 3633 360 3680 Fidem
369 3631 391 3680 ci
398 3630 534 3696 publicam.
545 3663 552 3676 .
563 3629 641 3679 ,dealt
654 3633 710 3680 Hoc
755 3627 902 3692 opportunis
917 3626 984 3674 urhis
996 3625 1057 3674 locis
1069 3625 1208 3674 incendium
1222 3643 1264 3676 cs·

201 3723 252 3768 cst,
270 3711 371 3783 promisi
383 3712 405 3758 ei
418 3710 516 3758 nominc
532 3709 618 3773 populi
630 3709 710 3772 impu·
754 3707 830 3755 citare
842 3706 1032 3763 constituerant,
1044 3715 1071 3752 nt
1082 3704 1210 3754 Sallustius
1222 3723 1265 3755 sn·

202 3793 302 3840 uitatem
315 3801 340 3838 ct
352 3789 461 3838 salntem.
475 3815 510 3826 -
521 3791 593 3836 Iussu
605 3799 711 3836 screatus.
755 3797 809 3834 ctor
828 3795 876 3844 cst;
895 3797 927 3832 st·
938 3795 1050 3842 centum,
1069 3784 1089 3830 si
1109 3783 1263 3834 Plutarchum

203 3872 265 3920 Nam
277 3867 338 3917 lldcs
353 3865 450 3932 publica
463 3884 477 3914 s
489 3865 558 3916 nullo
570 3868 712 3931 magistratu
755 3863 993 3930 seqmrc.1)cdcrsnt
999 3863 1199 3926 ctismncgotinm
1205 3879 1267 3912 non·

202 3951 254 3998 sinc
266 3947 475 3997 senatusconsulto
485 3947 596 4011 promitti
606 3957 710 4010 poterat.
754 3945 828 3992 nullis
850 3941 1041 3991 obsidendum
1062 3939 1263 4004 sqnaetluctnnsn,

241 4031 264 4076 3.
276 4029 316 4078 Sic
330 4028 452 4076 Graeriaui
465 4038 489 4075 ct
502 4027 562 4090 rogii
576 4026 650 4075 codd.
668 4025 710 4074 Al.
755 4035 780 4070 ct
788 4019 1026 4080 interficiendorum,
1037 4020 1059 4067 si
1068 4019 1124 4083 qui,
1137 4031 1164 4068 ut
1176 4019 1219 4084 tit,
1232 4023 1264 4071 sd

204 4109 296 4157 timore.
313 4111 337 4158 J.
346 4109 379 4157 V.
392 4111 418 4156 t..
755 4099 930 4165 exstinguenda
939 4099 1051 4148 incendis
1062 4101 1247 4150 concurrissent.

1021 4226 1024 4234 ·
1087 4210 1144 4280 29.
