3018 4664
261 353 332 424 280
582 355 632 422 M.
658 356 703 422 T.
724 347 1006 424 CICERONIS

303 479 432 549 XVIII.
451 473 698 562 Intellexistis',
715 493 808 574 quot
825 501 882 549 res
897 491 932 548 et
945 488 1098 573 quantas
1112 473 1328 566 decemviri,

255 587 344 686 legis
364 580 565 687 permissu,
588 587 771 659 vendituri
797 591 879 658 sint.
907 592 989 660 Non
1011 599 1066 657 est
1083 588 1177 657 satis.
1199 589 1327 676 Quum

255 723 333 770 sese
361 701 564 787 sociorum,
597 723 713 795 quum
745 713 947 768 exterarum
976 699 1182 783 nationum,
1210 719 1327 792 quum

254 833 383 904 regum
405 809 578 904 sanguine
594 804 607 851 ¹‘
625 795 829 906 implerint3
852 807 1014 878 incidant
1041 831 1171 877 nervos
1197 804 1326 904 populi

254 921 424 1008 romani²,
440 917 635 989 adhibeant
649 943 776 988 marrus
790 917 1022 1014 vectigalibus
1033 919 1178 1001 vestris,
1192 917 1326 984 irrum-

151 1028 157 1044 '
256 1043 345 1126 pant
368 1031 405 1099 in
429 1025 632 1099 aerarium3.
659 1030 831 1126 Sequitur
849 1032 947 1100 enim
965 1040 1095 1124 caput,
1114 1050 1190 1123 quo
1208 1027 1325 1123 capite

235 1165 330 1234 ,uon
358 1141 534 1238 permittit
558 1139 744 1236 quideml,
767 1144 796 1210 si
822 1137 915 1211 forte
938 1138 1031 1210 desit
1051 1139 1224 1236 pecunia,
1244 1161 1326 1233 quae

253 1245 378 1319 tanta⁵
395 1275 439 1320 ex
460 1249 710 1346 superioribus
735 1251 848 1347 recipi
872 1264 1012 1347 potest,
1039 1263 1080 1319 ut
1104 1247 1228 1318 deesse
1247 1271 1326 1317 non
1356 1340 1362 1350 ι

253 1357 402 1446 debeat,
419 1359 481 1430 sed
500 1358 627 1456 plane,
642 1361 745 1455 quasi
758 1384 800 1430 ea
818 1385 874 1430 res
888 1359 993 1430 vohis
1005 1358 1110 1429 saluti
1124 1355 1247 1428 sutura
1260 1358 1324 1444 sit,

252 1468 301 1539 ita
316 1473 412 1564 cogit
425 1484 534 1564 atque
549 1471 723 1566 imperat,
743 1484 784 1539 ut
801 1469 994 1541 decemviri
1009 1482 1127 1540 vestra
1139 1467 1325 1564 vectigalia

250 1576 413 1647 vendant
429 1580 655 1647 nominatim.
677 1581 795 1668 Quam
814 1593 854 1650 tu
875 1577 962 1649 mihi
981 1603 1025 1649 ex
1044 1577 1172 1650 ordine
1188 1574 1325 1649 recita⁶

250 1685 297 1757 de
316 1687 404 1782 legis
423 1691 559 1785 scripto
578 1689 705 1784 populi
724 1693 865 1760 romani
881 1690 1111 1760 auctionem:
1126 1711 1237 1785 quarn
1250 1711 1324 1758 rne-

187 1843 189 1846 -
250 1796 398 1867 hercule
420 1821 487 1893 ego
510 1799 669 1894 praeconi
687 1797 774 1869 huic
795 1801 864 1896 ipsi
882 1799 1082 1870 luctuosam
1101 1814 1138 1870 et
1156 1796 1323 1869 acerbam

251 1907 545 2006 praedicationem
562 1907 722 1980 futuram
738 1925 840 2006 puto.
856 1914 1003 1981 Anemo,

299 2022 348 2087 Ut
373 2021 413 2088 in
440 2018 514 2088 suis
539 2018 669 2106 rebus,
696 2023 745 2089 ita
766 2021 802 2088 in
828 2017 1016 2115 republica
1041 2016 1247 2088 luxuriosus
1267 2029 1325 2086 est

251 2151 387 2226 nepos,
406 2129 470 2226 qui
486 2131 587 2226 prius
601 2130 707 2200 silvas
721 2129 852 2202 vendat
862 2140 888 2214 ⁷,
908 2153 1017 2225 quam
1037 2131 1168 2199 vineas.
1182 2125 1323 2198 Italiam

248 2241 506 2336 percensuisti3
535 2263 645 2338 perge
670 2244 709 2310 in
736 2240 900 2310 Siciliam.
928 2243 1120 2309 Aucrrorus
1147 2262 1235 2308 raas
1257 2261 1324 2322 rr,

250 2371 397 2432 Qumis)
416 2354 583 2420 Srcrnrau
599 2375 784 2421 esurium.
799 2347 896 2421 Nihil
915 2363 968 2418 est
984 2349 1022 2418 in
1039 2347 1107 2418 hac
1122 2347 1324 2445 provincia,

247 2459 350 2555 'quod
370 2474 434 2530 aut
452 2461 488 2530 in
503 2460 669 2558 oppidis,
688 2474 750 2531 aut
768 2461 806 2528 in
825 2460 917 2554 agris
936 2458 1090 2553 majores
1104 2459 1220 2528 nostri
1234 2481 1321 2553 pro-

249 2572 370 2665 prium
402 2569 509 2640 nobis
541 2572 782 2668 reliquerint,
824 2569 914 2664 quin
951 2567 988 2638 id
1027 2570 1152 2638 venire
1180 2564 1320 2660 jubeat.

193 2731 195 2738 .
248 2677 357 2766 Quod
379 2694 522 2776 partum
545 2683 682 2752 recenti
710 2674 883 2750 victoria8
905 2678 1060 2774 majores
1079 2675 1183 2748 vobis
1203 2678 1242 2747 in
1262 2701 1322 2748 so·

251 2931 255 2948 ,
281 2892 376 2942 xv111.
400 2909 423 2942 1.
441 2892 572 2958 Sanguine.
593 2897 712 2941 Fortunas
730 2903 756 2940 et
836 2890 861 2937 6.
879 2889 971 2938 Recita.
990 2891 1114 2940 Conversa
1125 2891 1175 2953 jam
1192 2908 1206 2940 a
1222 2892 1321 2956 populo

244 2971 309 3020 bona
323 2972 446 3020 sociorum
459 2973 558 3020 nomIne
571 2971 618 3020 hoc
631 2971 755 3019 Invidioro
799 2968 830 3015 td
845 2985 982 3032 praeconem
998 2972 1123 3030 oratione,
1138 2971 1187 3036 ipsi
1206 2971 1320 3020 acerbam

244 3051 754 3118 appellaturapudTacitumHistJan,
798 3047 861 3096 hene
887 3047 1009 3096 bonorum
1041 3049 1235 3114 publicationem
1264 3051 1319 3099 l'ore

242 3153 255 3173 ι
267 3133 447 3194 provinciarum
473 3133 589 3197 sanguine
616 3133 754 3197 provineIar
797 3126 943 3193 profitetur,
960 3130 1000 3176 cui
1014 3139 1095 3177 tamen
1111 3131 1320 3193 quaestuosissima

244 3209 310 3256 vinci
320 3231 341 3257 ι,
798 3207 910 3255 recitatio
926 3206 978 3254 haeo
995 3209 1026 3255 eit
1043 3209 1133 3256 futura.
1149 3211 1246 3257 Rursus
1259 3210 1319 3258 inde

278 3304 302 3335 a.
318 3289 408 3336 Nereos
418 3289 507 3354 populi
519 3307 580 3338 rom.
594 3291 644 3355 Qui
652 3291 755 3354 vectiga-
798 3285 921 3334 auditores
931 3283 1072 3350 alloquitur,
1083 3297 1153 3334 aucta
1163 3290 1189 3335 ln
1201 3289 1318 3336 tribunos

240 3365 483 3419 libuscoutInentur.
797 3367 870 3429 hujus
894 3367 929 3414 rei
956 3367 1066 3427 Invitlia,
1090 3385 1146 3431 quae
1172 3363 1316 3431 praeeodem

249 3461 252 3468 ⁴
276 3443 301 3494 3.
321 3448 463 3510 Irmmpant
481 3447 507 3494 in
526 3447 650 3496 ceratitim.
670 3449 752 3510 Quum
797 3448 894 3511 ipsum,
907 3445 1203 3526 vilissimum'hominem,
1217 3449 1317 3497 ritmo·

205 3574 213 3584 ,
238 3524 366 3588 vectigalia
386 3525 553 3584 exhauserim,
571 3525 673 3588 perinde
691 3525 752 3588 erit,
787 3537 859 3574 turn.
869 3526 986 3586 Quamvis
997 3527 1061 3573 enim
1071 3526 1156 3574 scribe
1168 3539 1222 3574 ecta
1233 3526 1317 3591 legere

240 3605 269 3650 ac
289 3605 308 3651 ei
331 3603 424 3668 impetu
443 3605 522 3663 iacto,
545 3605 653 3650 serarium
672 3602 753 3666 ipsum
796 3601 982 3659 solerent,ideo
991 3621 1103 3667 praecone
1115 3606 1194 3653 utitur
1207 3605 1317 3666 Cicero,

240 3683 409 3746 perfregerint.
443 3687 446 3696 '
796 3698 847 3747 qno
857 3683 942 3742 majori
952 3699 1022 3730 sensu
1036 3685 1157 3747 populum
1166 3684 1286 3750 impellet.

275 3769 299 3816 t.
319 3763 375 3809 Non
390 3760 516 3825 permittit.
527 3761 608 3808 Graev.
627 3779 639 3801 α
648 3773 679 3806 ne
693 3775 751 3824 per·
832 3777 856 3821 7.
866 3761 908 3808 Sil.
920 3762 1021 3811 vendat.
1031 3765 1183 3827 Inermquae
1197 3763 1227 3812 de
1244 3765 1315 3814 Itali·

238 3841 313 3888 mittit
323 3840 422 3904 quidem
431 3863 452 3890 a.
462 3842 489 3888 J.
499 3842 531 3888 V.
545 3841 574 3888 L.
796 3839 944 3887 recitabatur
956 3841 1109 3900 auctionem,
1123 3843 1213 3890 Rullus
1227 3859 1240 3890 a
1254 3859 1314 3891 veo·

244 3935 246 3943 ·
276 3920 299 3968 5.
314 3921 373 3981 Quoe
385 3931 463 3968 trata.
475 3919 551 3979 Cujus
564 3929 613 3966 tem
622 3919 751 3966 immanem
796 3917 874 3967 dende
885 3919 946 3967 silva
957 3919 1052 3967 Scantia
1064 3921 1245 3984 suspirabatur.

239 3999 286 4045 rim
295 3997 408 4062 colligere
418 3999 521 4055 debent,
531 4008 560 4045 nt
569 3998 751 4061 deesse,qutm-
831 3999 855 4046 8.
878 3997 976 4044 Recenti
995 3997 1110 4047 victoria.
1130 4001 1166 4049 Μ.
1189 4001 1309 4064 Aquillii,

236 4075 361 4126 rismodis
370 4077 484 4126 omnibus
496 4087 594 4136 vexate,
603 4091 655 4125 non
660 4077 748 4141 ponit.
793 4077 836 4140 qui
848 4075 934 4126 servile
946 4076 1037 4125 bellum
1052 4079 1198 4129 coniecerat.
1211 4081 1308 4128 Recens
