2986 4670
232 314 301 390 252
554 319 603 389 M.
631 319 669 388 T.
696 315 985 387 CICERONIS

230 455 304 512 tam
328 439 521 538 populare,
541 463 652 539 quam
679 437 873 512 libertast?
891 462 1003 539 quam
1022 461 1097 508 non
1118 437 1240 510 solum
1258 439 1307 510 ab

229 549 464 641 hominibus,
479 553 726 624 verumetiam
740 577 761 623 a
777 550 904 623 bestiis
919 545 1086 648 expeti⁵‚
1105 563 1216 645 atque
1227 573 1309 618 om·

229 660 341 734 nibus
363 660 473 734 rebus
500 665 673 762 anteponi
702 661 841 734 ridetis.
875 659 975 752 Quid
1005 675 1078 732 tam
1106 658 1307 758 populare,

231 797 342 871 quam
362 773 503 846 otium?
518 773 620 872 quod
644 775 694 845 ita
716 772 918 867 jucundum
942 785 1017 858 est,
1034 785 1077 842 ut
1098 785 1138 842 et
1155 794 1242 857 vos,
1268 772 1308 841 et

230 883 385 978 majores
402 887 511 956 vestri
523 939 534 972 ‚
547 899 583 956 et
595 882 813 956 fortissimus
826 885 983 980 quisque
994 883 1050 953 vir
1062 883 1241 953 maximos
1252 879 1306 952 la·

229 989 340 1064 hores
352 993 603 1093 suscipiendos
622 1007 799 1092 putet‚ut
808 991 1005 1090 aliquando
1026 996 1063 1062 in
1086 994 1164 1062 otio
1190 992 1309 1090 possit

233 1125 330 1192 esse,
344 1105 586 1202 praesertimin
607 1101 784 1203 imperio⁶
806 1128 849 1175 ac
866 1103 1062 1202 dignitate:
1084 1103 1151 1201 qui
1167 1101 1307 1174 idcireo

233 1213 342 1284 etiam
359 1213 558 1310 majoribus
576 1215 711 1286 uostris
732 1215 951 1313 praeeipuam
968 1212 1113 1286 laudem
1135 1214 1306 1310 gratiam·

233 1347 308 1421 que
337 1323 538 1417 debemus,
556 1323 659 1424 quod
684 1348 813 1398 eorum
845 1322 971 1396 labore
995 1337 1051 1397 est
1083 1321 1239 1412 facttum,
1264 1337 1308 1394 ut

232 1431 408 1532 impuue⁷
433 1437 472 1507 in
495 1436 570 1508 otio
593 1458 671 1508 esse
693 1459 891 1534 possemus.
918 1438 1040 1526 Quare
1062 1434 1128 1530 qui
1154 1454 1305 1532 possum

232 1567 309 1614 uon
332 1569 408 1618 esse
431 1545 635 1644 popularis,
659 1571 776 1644 quum
796 1545 937 1618 videam
955 1544 1033 1616 haec
1052 1545 1194 1631 omnia,
1213 1546 1306 1634 Qui·

232 1654 336 1745 rites,
354 1680 481 1754 pacem
500 1650 704 1728 externam⁸
719 1711 730 1746 ,
747 1655 950 1730 libertatem
964 1655 1148 1754 propriam
1163 1654 1307 1750 generis

232 1789 277 1838 no
292 1768 451 1840 nominis
464 1769 585 1858 vestri,
594 1769 710 1840 otium
727 1766 985 1855 domesticum,
995 1765 1155 1863 denique
1165 1765 1306 1856 omnia,

232 1899 316 1972 quae
334 1871 438 1948 vobis
460 1901 541 1950 cara
561 1892 670 1976 atque
686 1877 806 1977 ampla
821 1892 927 1967 sunt,
946 1880 985 1948 in
1005 1874 1137 1949 fidem⁹
1156 1890 1193 1947 et
1213 1901 1307 1973 quo·

234 1983 317 2057 dam
332 1987 443 2060 modo
456 1989 495 2060 in
511 1990 752 2086 patrocinium
765 1992 837 2060 mei
850 1987 1060 2060 consulatus
1069 1985 1308 2059 essecoltatar

233 2099 362 2194 Neque
380 2099 497 2186 enim,
512 2099 689 2190 Quirites,
711 2098 801 2171 illud
814 2097 919 2171 vobis
933 2096 1136 2195 jucundum
1158 2111 1221 2168 aut
1238 2123 1307 2196 po-

232 2207 360 2306 pulare
374 2205 483 2282 debet
495 2210 626 2299 videri,
642 2210 784 2309 largitio
797 2197 916 2308 aliqua
932 2208 1307 2309 promulgata10,quae

234 2317 354 2392 verbis
381 2322 554 2393 ostentari
582 2335 722 2420 potest,
747 2347 787 2393 re
806 2346 891 2394 vera
910 2320 1011 2410 fieri,
1035 2321 1104 2392 nisi
1128 2319 1306 2392 exhausto

235 2433 380 2521 aerario,
396 2431 498 2504 nullo
512 2446 620 2531 pacto
635 2446 767 2532 potest.
784 2435 914 2530 Neque
932 2456 1020 2504 vero
1035 2429 1096 2504 illa
1115 2428 1307 2529 popularia

272 2651 296 2702 t·
312 2647 391 2710 Quam
408 2649 514 2700 libertas.
535 2649 639 2721 suhjioit
651 2650 715 2699 irruo
732 2665 746 2698 e
790 2660 913 2715 umquem
926 2647 1040 2698 dientem
1047 2645 1205 2706 hieiudireu
1215 2661 1307 2710 quun·

235 2722 468 2793 Rullo'impugneri.
791 2746 840 2795 que
861 2729 1013 2794 precipuum
1038 2727 1138 2793 petroni
1161 2741 1251 2774 mnnue
1274 2725 1308 2774 eit

273 2805 300 2854 5.
313 2805 399 2855 Bestiie
408 2807 498 2874 expeti.
515 2811 578 2872 Quae
591 2809 657 2858 enirn
669 2819 748 2874 repta
792 2809 905 2857 dientem
929 2807 1011 2856 modu
1030 2807 1144 2856 omnibns
1163 2804 1196 2853 eb
1216 2805 1306 2867 iniuria

237 2882 341 2934 eumin
348 2887 416 2936 omni
425 2902 473 2953 ope
481 2889 594 2938 nituntur
603 2888 749 2952 dirumpere,
792 2887 929 2948 vindieere,
940 2883 1061 2950 signifiat
1073 2901 1100 2934 ee
1119 2883 1238 2933 oreditern
1257 2883 1308 2932 eibi

238 2979 349 3030 eupeqne
358 2965 464 3016 interfici
472 2985 545 3032 quern
554 2967 642 3016 sarire
648 2967 750 3016 indunt.
793 2966 918 3032 publicem
930 2975 1021 3014 witern
1034 2965 1103 3014 omni
1114 2979 1163 3028 ope
1176 2963 1309 3014 defendere

273 3045 337 3094 ule
348 3045 458 3112 imperio.
466 3049 653 3111 Utraqneretue
660 3049 748 3096 Ἴωσι.
793 3062 822 3095 ιο
832 3046 906 3095 tueri.

239 3127 330 3176 omittit
340 3128 378 3178 in.
833 3141 873 3174 ro.
901 3121 1011 3191 largitio
1031 3123 1118 3189 alique
1134 3123 1309 3190 promulgata.

275 3222 301 3267 7.
316 3210 427 3273 Impune.
445 3211 506 3258 Tene
518 3209 569 3258 lete
580 3210 645 3259 enirn
655 3207 751 3258 rornnni
795 3207 877 3270 Quum
888 3204 984 3270 populo
994 3202 1101 3252 oetendit
1110 3203 1136 3250 in
1146 3218 1197 3268 qno
1211 3213 1310 3252 metet

239 3286 346 3335 nominis
366 3299 483 3338 terrorem
503 3289 595 3350 tulere,
618 3300 648 3338 ut
669 3287 751 3337 nullut
794 3301 880 3335 verum
899 3283 989 3350 populi
1007 3281 1135 3344 studium,
1154 3281 1264 3346 quidque
1277 3283 1310 3330 eit

239 3363 346 3427 populun
363 3368 396 3416 eit
417 3369 460 3432 qui
478 3367 567 3418 rudent
587 3384 673 3434 penem
688 3366 751 3416 hano
795 3382 852 3416 rere
863 3363 997 3430 populare,
1006 3362 1029 3412 ei
1037 3360 1158 3430 quidquid
1167 3361 1256 3410 uultur
1264 3376 1311 3426 pe·

239 3455 349 3493 uoetrem
361 3447 434 3496 nrmie
449 3448 554 3498 turbere.
795 3447 900 3508 reverit,
911 3445 1033 3510 explieat
1047 3441 1079 3490 eb
1093 3457 1172 3505 eoque
1184 3441 1263 3506 petit,
1277 3457 1309 3490 en

275 3519 301 3572 8.
314 3527 402 3575 Pacem
415 3538 553 3577 externam.
568 3529 630 3578 Cum
645 3526 752 3575 untioni-
795 3525 926 3592 populere·
944 3524 994 3574 eint
1006 3522 1232 3570 rerunevereiouee
1245 3521 1310 3570 redi·

238 3599 285 3652 bue
296 3606 392 3655 ceteris.
409 3609 478 3658 Hune
498 3609 567 3656 brevi
588 3607 639 3656 otio
652 3608 750 3671 privato
796 3605 931 3668 tionesque,
938 3619 994 3667 quse
1005 3599 1069 3650 nihil
1078 3599 1174 3666 populo
1186 3599 1234 3648 nisi
1244 3617 1308 3649 nore

238 3685 353 3748 opponit.
366 3689 428 3750 Qun
439 3687 521 3736 omnin
533 3686 623 3736 letor-ee
640 3684 678 3732 illi
688 3684 749 3748 legi·
792 3684 854 3732 ml·
868 3685 1011 3746 ruinamque
1028 3681 1092 3729 forte
1103 3680 1237 3728 minutor.
1256 3683 1311 3729 lite

236 3776 309 3812 nore
322 3768 460 3832 opprimere
473 3776 585 3830 renunt,
597 3764 748 3814 deoernriroe
791 3762 874 3812 viride
885 3762 1042 3828 popularium
1050 3776 1131 3809 reruni
1142 3759 1312 3823 irnegiuerne·

236 3844 422 3907 constituendo,
435 3845 608 3910 quieurumnnr
619 3841 749 3910 imperinm
792 3844 885 3894 ximurn
906 3841 931 3889 in
950 3841 1074 3891 tribunum
1094 3839 1179 3888 odium
1198 3837 1310 3900 condet,

236 3920 264 3970 in
277 3924 388 3974 sonuum
400 3935 426 3974 et
438 3925 520 3974 somn
534 3925 560 3974 in
572 3924 652 3990 oepitn
665 3933 749 3974 noetn
793 3939 868 3988 quum
874 3921 982 3970 ostendit
991 3919 1134 3983 omuinquoe
1143 3928 1213 3982 aget,
1221 3917 1312 3965 iieeeee

235 3997 351 4053 hiant.
793 4002 895 4051 omnino
906 4001 1022 4059 adverse,
1038 4013 1094 4063 que
1107 3995 1195 4062 pupuli
1208 3995 1314 4044 felicite-

270 4083 338 4147 9.1n
351 4081 433 4140 fidem.
448 4085 635 4151 Rempublioem
649 4099 746 4134 omnem
792 4093 841 4130 teru
855 4081 951 4147 possint
964 4093 1111 4144 competere.
