<?xml version="1.0" encoding="UTF-8"?>
<!DOCTYPE html PUBLIC "-//W3C//DTD XHTML 1.0 Transitional//EN"
    "http://www.w3.org/TR/xhtml1/DTD/xhtml1-transitional.dtd">
<html xmlns="http://www.w3.org/1999/xhtml" xml:lang="en" lang="en">
 <head>
  <title>
</title>
<meta http-equiv="Content-Type" content="text/html;charset=utf-8" />
  <meta name='ocr-system' content='tesseract 3.04.00' />
  <meta name='ocr-capabilities' content='ocr_page ocr_carea ocr_par ocr_line ocrx_word'/>
</head>
<body>
  <div class='ocr_page' id='page_1' title='image "./mtciceronisquae00lemagoog_0233.png"; bbox 0 0 2986 4670; ppageno 0'>
   <div class='ocr_carea' id='block_1_1' title="bbox 260 355 1000 442">
    <p class='ocr_par' dir='ltr' id='par_1_1' title="bbox 260 355 1000 442">
     <span class='ocr_line' id='line_1_1' title="bbox 260 355 1000 442; baseline -0.007 -14"><span class='ocrx_word' id='word_1_1' title='bbox 260 361 328 442; x_wconf 71' lang='lat' dir='ltr'>aad</span> <span class='ocrx_word' id='word_1_2' title='bbox 569 357 616 426; x_wconf 89' lang='grc' dir='ltr'>Μ.</span> <span class='ocrx_word' id='word_1_3' title='bbox 643 359 681 424; x_wconf 88' lang='grc' dir='ltr'>Τ.</span> <span class='ocrx_word' id='word_1_4' title='bbox 709 355 1000 426; x_wconf 86' lang='lat' dir='ltr'>CICERONIS</span> 
     </span>
    </p>
   </div>
   <div class='ocr_carea' id='block_1_2' title="bbox 254 471 1326 2334">
    <p class='ocr_par' dir='ltr' id='par_1_2' title="bbox 254 471 1326 2334">
     <span class='ocr_line' id='line_1_2' title="bbox 256 471 1325 572; baseline -0.007 -20"><span class='ocrx_word' id='word_1_5' title='bbox 256 484 349 552; x_wconf 90' lang='lat' dir='ltr'>Nam</span> <span class='ocrx_word' id='word_1_6' title='bbox 369 476 598 563; x_wconf 90' lang='lat' dir='ltr'>decemviris,</span> <span class='ocrx_word' id='word_1_7' title='bbox 619 473 753 572; x_wconf 90' lang='lat' dir='ltr'>quibus</span> <span class='ocrx_word' id='word_1_8' title='bbox 773 477 811 545; x_wconf 94' lang='lat' dir='ltr'>in</span> <span class='ocrx_word' id='word_1_9' title='bbox 829 474 917 545; x_wconf 89' lang='lat' dir='ltr'>locis</span> <span class='ocrx_word' id='word_1_10' title='bbox 938 475 1024 572; x_wconf 89' lang='lat' dir='ltr'>ipsis</span> <span class='ocrx_word' id='word_1_11' title='bbox 1045 471 1220 556; x_wconf 87' lang='lat' dir='ltr'>videatur,</span> <span class='ocrx_word' id='word_1_12' title='bbox 1238 499 1325 546; x_wconf 89' lang='lat' dir='ltr'>ven·</span> 
     </span>
     <span class='ocr_line' id='line_1_3' title="bbox 258 583 1324 684; baseline -0.006 -24"><span class='ocrx_word' id='word_1_13' title='bbox 258 587 367 660; x_wconf 78' lang='lat' dir='ltr'>(leudi</span> <span class='ocrx_word' id='word_1_14' title='bbox 386 600 543 684; x_wconf 89' lang='lat' dir='ltr'>potestas</span> <span class='ocrx_word' id='word_1_15' title='bbox 561 585 638 683; x_wconf 85' lang='lat' dir='ltr'>lege</span> <span class='ocrx_word' id='word_1_16' title='bbox 656 585 886 683; x_wconf 80' lang='lat' dir='ltr'>permittitur.</span> <span class='ocrx_word' id='word_1_17' title='bbox 904 583 1122 656; x_wconf 87' lang='lat' dir='ltr'>Censoribus</span> <span class='ocrx_word' id='word_1_18' title='bbox 1139 585 1324 679; x_wconf 85' lang='lat' dir='ltr'>vectigalia</span> 
     </span>
     <span class='ocr_line' id='line_1_4' title="bbox 255 694 1322 793; baseline -0.005 -24"><span class='ocrx_word' id='word_1_19' title='bbox 255 699 413 784; x_wconf 75' lang='lat' dir='ltr'>locare²‚</span> <span class='ocrx_word' id='word_1_20' title='bbox 436 697 504 767; x_wconf 89' lang='lat' dir='ltr'>nisi</span> <span class='ocrx_word' id='word_1_21' title='bbox 529 698 566 766; x_wconf 93' lang='lat' dir='ltr'>in</span> <span class='ocrx_word' id='word_1_22' title='bbox 592 709 790 792; x_wconf 91' lang='lat' dir='ltr'>conspectu</span> <span class='ocrx_word' id='word_1_23' title='bbox 809 694 937 793; x_wconf 92' lang='lat' dir='ltr'>populi</span> <span class='ocrx_word' id='word_1_24' title='bbox 959 695 1099 764; x_wconf 92' lang='lat' dir='ltr'>romani</span> <span class='ocrx_word' id='word_1_25' title='bbox 1122 718 1197 764; x_wconf 93' lang='lat' dir='ltr'>non</span> <span class='ocrx_word' id='word_1_26' title='bbox 1220 694 1322 764; x_wconf 89' lang='lat' dir='ltr'>licet:</span> 
     </span>
     <span class='ocr_line' id='line_1_5' title="bbox 255 803 1324 881; baseline -0.006 -1"><span class='ocrx_word' id='word_1_27' title='bbox 255 807 475 881; x_wconf 89' lang='lat' dir='ltr'>hisvendere</span> <span class='ocrx_word' id='word_1_28' title='bbox 494 807 550 878; x_wconf 89' lang='lat' dir='ltr'>vel</span> <span class='ocrx_word' id='word_1_29' title='bbox 569 811 606 876; x_wconf 94' lang='lat' dir='ltr'>in</span> <span class='ocrx_word' id='word_1_30' title='bbox 627 804 761 876; x_wconf 86' lang='lat' dir='ltr'><strong>ultimis</strong></span> <span class='ocrx_word' id='word_1_31' title='bbox 781 809 884 876; x_wconf 90' lang='lat' dir='ltr'>terris</span> <span class='ocrx_word' id='word_1_32' title='bbox 902 803 1045 876; x_wconf 82' lang='lat' dir='ltr'><strong>licebit?</strong></span> <span class='ocrx_word' id='word_1_33' title='bbox 1063 808 1107 876; x_wconf 79' lang='lat' dir='ltr'>At</span> <span class='ocrx_word' id='word_1_34' title='bbox 1125 803 1196 874; x_wconf 93' lang='lat' dir='ltr'>hoc</span> <span class='ocrx_word' id='word_1_35' title='bbox 1216 805 1324 874; x_wconf 84' lang='lat' dir='ltr'>etiam</span> 
     </span>
     <span class='ocr_line' id='line_1_6' title="bbox 256 898 1324 1016; baseline -0.007 -26"><span class='ocrx_word' id='word_1_36' title='bbox 256 917 466 1016; x_wconf 85' lang='lat' dir='ltr'>nequissimi</span> <span class='ocrx_word' id='word_1_37' title='bbox 480 916 665 1002; x_wconf 92' lang='lat' dir='ltr'>homines,</span> <span class='ocrx_word' id='word_1_38' title='bbox 679 915 903 1010; x_wconf 87' lang='lat' dir='ltr'>consumptis</span> <span class='ocrx_word' id='word_1_39' title='bbox 917 898 1159 1011; x_wconf 76' lang='lat' dir='ltr'>patrimoniis,</span> <span class='ocrx_word' id='word_1_40' title='bbox 1175 912 1324 997; x_wconf 86' lang='lat' dir='ltr'>faciunt,</span> 
     </span>
     <span class='ocr_line' id='line_1_7' title="bbox 254 1020 1326 1122; baseline -0.006 -23"><span class='ocrx_word' id='word_1_41' title='bbox 254 1029 352 1100; x_wconf 91' lang='lat' dir='ltr'>utin</span> <span class='ocrx_word' id='word_1_42' title='bbox 371 1028 469 1098; x_wconf 89' lang='lat' dir='ltr'>atriis</span> <span class='ocrx_word' id='word_1_43' title='bbox 490 1020 741 1096; x_wconf 80' lang='lat' dir='ltr'>auctionariis³</span> <span class='ocrx_word' id='word_1_44' title='bbox 765 1026 905 1122; x_wconf 90' lang='lat' dir='ltr'>potius,</span> <span class='ocrx_word' id='word_1_45' title='bbox 923 1049 1033 1120; x_wconf 89' lang='lat' dir='ltr'>quam</span> <span class='ocrx_word' id='word_1_46' title='bbox 1053 1029 1092 1094; x_wconf 90' lang='lat' dir='ltr'>in</span> <span class='ocrx_word' id='word_1_47' title='bbox 1110 1024 1242 1108; x_wconf 80' lang='lat' dir='ltr'>triviis,</span> <span class='ocrx_word' id='word_1_48' title='bbox 1262 1037 1326 1094; x_wconf 88' lang='lat' dir='ltr'>aut</span> 
     </span>
     <span class='ocr_line' id='line_1_8' title="bbox 255 1132 1325 1234; baseline -0.004 -26"><span class='ocrx_word' id='word_1_49' title='bbox 255 1140 293 1208; x_wconf 90' lang='lat' dir='ltr'>in</span> <span class='ocrx_word' id='word_1_50' title='bbox 316 1138 482 1234; x_wconf 92' lang='lat' dir='ltr'>compitis</span> <span class='ocrx_word' id='word_1_51' title='bbox 501 1133 779 1207; x_wconf 87' lang='lat' dir='ltr'>auctionentur:</span> <span class='ocrx_word' id='word_1_52' title='bbox 803 1133 861 1204; x_wconf 87' lang='lat' dir='ltr'>hic</span> <span class='ocrx_word' id='word_1_53' title='bbox 881 1137 1057 1232; x_wconf 87' lang='lat' dir='ltr'>permittit</span> <span class='ocrx_word' id='word_1_54' title='bbox 1081 1159 1145 1205; x_wconf 91' lang='lat' dir='ltr'>sua</span> <span class='ocrx_word' id='word_1_55' title='bbox 1163 1133 1241 1231; x_wconf 84' lang='lat' dir='ltr'>lege</span> <span class='ocrx_word' id='word_1_56' title='bbox 1260 1132 1325 1204; x_wconf 90' lang='lat' dir='ltr'>de-</span> 
     </span>
     <span class='ocr_line' id='line_1_9' title="bbox 257 1242 1325 1340; baseline -0.003 -23"><span class='ocrx_word' id='word_1_57' title='bbox 257 1247 438 1332; x_wconf 88' lang='lat' dir='ltr'>cemviris,</span> <span class='ocrx_word' id='word_1_58' title='bbox 460 1259 517 1333; x_wconf 92' lang='lat' dir='ltr'>ut,</span> <span class='ocrx_word' id='word_1_59' title='bbox 538 1245 576 1314; x_wconf 92' lang='lat' dir='ltr'>in</span> <span class='ocrx_word' id='word_1_60' title='bbox 603 1242 738 1340; x_wconf 91' lang='lat' dir='ltr'>quibus</span> <span class='ocrx_word' id='word_1_61' title='bbox 757 1242 988 1314; x_wconf 90' lang='lat' dir='ltr'>commodum</span> <span class='ocrx_word' id='word_1_62' title='bbox 1013 1248 1059 1314; x_wconf 92' lang='lat' dir='ltr'>sit</span> <span class='ocrx_word' id='word_1_63' title='bbox 1082 1243 1259 1330; x_wconf 89' lang='lat' dir='ltr'>tenebris,</span> <span class='ocrx_word' id='word_1_64' title='bbox 1283 1257 1325 1314; x_wconf 92' lang='lat' dir='ltr'>nt</span> 
     </span>
     <span class='ocr_line' id='line_1_10' title="bbox 256 1350 1326 1452; baseline -0.001 -26"><span class='ocrx_word' id='word_1_65' title='bbox 256 1358 292 1426; x_wconf 93' lang='lat' dir='ltr'>in</span> <span class='ocrx_word' id='word_1_66' title='bbox 313 1379 386 1452; x_wconf 86' lang='lat' dir='ltr'>qua</span> <span class='ocrx_word' id='word_1_67' title='bbox 404 1354 517 1425; x_wconf 91' lang='lat' dir='ltr'>velint</span> <span class='ocrx_word' id='word_1_68' title='bbox 535 1351 748 1440; x_wconf 85' lang='lat' dir='ltr'>solitudine,</span> <span class='ocrx_word' id='word_1_69' title='bbox 765 1350 863 1422; x_wconf 92' lang='lat' dir='ltr'>bona</span> <span class='ocrx_word' id='word_1_70' title='bbox 881 1353 1008 1452; x_wconf 91' lang='lat' dir='ltr'>populi</span> <span class='ocrx_word' id='word_1_71' title='bbox 1026 1356 1167 1424; x_wconf 89' lang='lat' dir='ltr'>romani</span> <span class='ocrx_word' id='word_1_72' title='bbox 1186 1358 1326 1451; x_wconf 89' lang='lat' dir='ltr'>possint</span> 
     </span>
     <span class='ocr_line' id='line_1_11' title="bbox 257 1461 1324 1561; baseline -0.002 -23"><span class='ocrx_word' id='word_1_73' title='bbox 257 1465 462 1538; x_wconf 87' lang='lat' dir='ltr'>divendere.</span> <span class='ocrx_word' id='word_1_74' title='bbox 490 1470 567 1535; x_wconf 79' lang='lat' dir='ltr'>lam</span> <span class='ocrx_word' id='word_1_75' title='bbox 594 1464 677 1534; x_wconf 76' lang='lat' dir='ltr'>illa‘*</span> <span class='ocrx_word' id='word_1_76' title='bbox 700 1461 870 1534; x_wconf 85' lang='lat' dir='ltr'>omnibus</span> <span class='ocrx_word' id='word_1_77' title='bbox 888 1465 926 1532; x_wconf 91' lang='lat' dir='ltr'>in</span> <span class='ocrx_word' id='word_1_78' title='bbox 951 1465 1164 1561; x_wconf 91' lang='lat' dir='ltr'>provinciis,</span> <span class='ocrx_word' id='word_1_79' title='bbox 1183 1467 1324 1561; x_wconf 85' lang='lat' dir='ltr'>regnis,</span> 
     </span>
     <span class='ocr_line' id='line_1_12' title="bbox 255 1571 1324 1674; baseline 0 -26"><span class='ocrx_word' id='word_1_80' title='bbox 255 1577 379 1649; x_wconf 91' lang='lat' dir='ltr'>liberis</span> <span class='ocrx_word' id='word_1_81' title='bbox 412 1575 556 1674; x_wconf 90' lang='lat' dir='ltr'>populis</span> <span class='ocrx_word' id='word_1_82' title='bbox 593 1599 702 1672; x_wconf 84' lang='lat' dir='ltr'>quam</span> <span class='ocrx_word' id='word_1_83' title='bbox 740 1572 893 1662; x_wconf 86' lang='lat' dir='ltr'>acerba,</span> <span class='ocrx_word' id='word_1_84' title='bbox 927 1598 1037 1671; x_wconf 85' lang='lat' dir='ltr'>quam</span> <span class='ocrx_word' id='word_1_85' title='bbox 1067 1571 1324 1662; x_wconf 84' lang='lat' dir='ltr'>formidolosa,</span> 
     </span>
     <span class='ocr_line' id='line_1_13' title="bbox 257 1682 1324 1785; baseline -0.001 -27"><span class='ocrx_word' id='word_1_86' title='bbox 257 1711 365 1785; x_wconf 89' lang='lat' dir='ltr'>quam</span> <span class='ocrx_word' id='word_1_87' title='bbox 389 1698 592 1784; x_wconf 85' lang='lat' dir='ltr'>quaestuosa</span> <span class='ocrx_word' id='word_1_88' title='bbox 611 1685 838 1755; x_wconf 85' lang='lat' dir='ltr'>concursatio</span> <span class='ocrx_word' id='word_1_89' title='bbox 861 1683 1107 1756; x_wconf 86' lang='lat' dir='ltr'>decemviralis</span> <span class='ocrx_word' id='word_1_90' title='bbox 1124 1682 1245 1757; x_wconf 85' lang='lat' dir='ltr'>futura</span> <span class='ocrx_word' id='word_1_91' title='bbox 1263 1688 1324 1774; x_wconf 88' lang='lat' dir='ltr'>sit,</span> 
     </span>
     <span class='ocr_line' id='line_1_14' title="bbox 256 1791 1323 1894; baseline -0.002 -26"><span class='ocrx_word' id='word_1_92' title='bbox 256 1822 333 1869; x_wconf 92' lang='lat' dir='ltr'>non</span> <span class='ocrx_word' id='word_1_93' title='bbox 350 1797 505 1867; x_wconf 79' lang='lat' dir='ltr'>videtis?</span> <span class='ocrx_word' id='word_1_94' title='bbox 522 1795 770 1866; x_wconf 81' lang='lat' dir='ltr'>Hereditatum</span> <span class='ocrx_word' id='word_1_95' title='bbox 792 1791 1070 1865; x_wconf 86' lang='lat' dir='ltr'>obeundarum⁵</span> <span class='ocrx_word' id='word_1_96' title='bbox 1094 1821 1227 1892; x_wconf 81' lang='lat' dir='ltr'>causa,¹</span> <span class='ocrx_word' id='word_1_97' title='bbox 1240 1798 1323 1894; x_wconf 90' lang='lat' dir='ltr'>qui-</span> 
     </span>
     <span class='ocr_line' id='line_1_15' title="bbox 255 1904 1323 2004; baseline -0.004 -24"><span class='ocrx_word' id='word_1_98' title='bbox 255 1908 327 1980; x_wconf 90' lang='lat' dir='ltr'>bus</span> <span class='ocrx_word' id='word_1_99' title='bbox 346 1929 410 1978; x_wconf 85' lang='lat' dir='ltr'>vos</span> <span class='ocrx_word' id='word_1_100' title='bbox 435 1905 633 2002; x_wconf 85' lang='lat' dir='ltr'>legationes</span> <span class='ocrx_word' id='word_1_101' title='bbox 657 1904 821 1992; x_wconf 88' lang='lat' dir='ltr'>dedistis,</span> <span class='ocrx_word' id='word_1_102' title='bbox 842 1905 906 2002; x_wconf 89' lang='lat' dir='ltr'>qui</span> <span class='ocrx_word' id='word_1_103' title='bbox 930 1920 966 1976; x_wconf 92' lang='lat' dir='ltr'>et</span> <span class='ocrx_word' id='word_1_104' title='bbox 986 1905 1132 2004; x_wconf 90' lang='lat' dir='ltr'>privati,</span> <span class='ocrx_word' id='word_1_105' title='bbox 1150 1923 1187 1978; x_wconf 85' lang='lat' dir='ltr'>et</span> <span class='ocrx_word' id='word_1_106' title='bbox 1204 1912 1323 2004; x_wconf 91' lang='lat' dir='ltr'>priva·</span> 
     </span>
     <span class='ocr_line' id='line_1_16' title="bbox 255 2015 1323 2113; baseline -0.003 -24"><span class='ocrx_word' id='word_1_107' title='bbox 255 2033 335 2090; x_wconf 91' lang='lat' dir='ltr'>tum</span> <span class='ocrx_word' id='word_1_108' title='bbox 366 2015 412 2088; x_wconf 88' lang='lat' dir='ltr'>ad</span> <span class='ocrx_word' id='word_1_109' title='bbox 446 2017 630 2110; x_wconf 87' lang='lat' dir='ltr'>negotium</span> <span class='ocrx_word' id='word_1_110' title='bbox 660 2015 846 2102; x_wconf 87' lang='lat' dir='ltr'>exierunt,</span> <span class='ocrx_word' id='word_1_111' title='bbox 877 2037 953 2086; x_wconf 91' lang='lat' dir='ltr'>non</span> <span class='ocrx_word' id='word_1_112' title='bbox 979 2017 1143 2086; x_wconf 85' lang='lat' dir='ltr'>maximis</span> <span class='ocrx_word' id='word_1_113' title='bbox 1170 2015 1323 2113; x_wconf 90' lang='lat' dir='ltr'>opibus,</span> 
     </span>
     <span class='ocr_line' id='line_1_17' title="bbox 256 2122 1323 2224; baseline -0.002 -26"><span class='ocrx_word' id='word_1_114' title='bbox 256 2151 376 2224; x_wconf 91' lang='lat' dir='ltr'>neque</span> <span class='ocrx_word' id='word_1_115' title='bbox 393 2150 532 2198; x_wconf 89' lang='lat' dir='ltr'>summa</span> <span class='ocrx_word' id='word_1_116' title='bbox 553 2127 764 2197; x_wconf 89' lang='lat' dir='ltr'>auctoritate</span> <span class='ocrx_word' id='word_1_117' title='bbox 783 2122 936 2223; x_wconf 73' lang='lat' dir='ltr'>praediti,</span> <span class='ocrx_word' id='word_1_118' title='bbox 946 2139 1066 2196; x_wconf 84' lang='lat' dir='ltr'>tamen</span> <span class='ocrx_word' id='word_1_119' title='bbox 1085 2124 1215 2196; x_wconf 90' lang='lat' dir='ltr'>auditis</span> <span class='ocrx_word' id='word_1_120' title='bbox 1236 2150 1323 2222; x_wconf 92' lang='lat' dir='ltr'>pro·</span> 
     </span>
     <span class='ocr_line' id='line_1_18' title="bbox 256 2231 1323 2334; baseline -0.005 -25"><span class='ocrx_word' id='word_1_121' title='bbox 256 2236 370 2324; x_wconf 84' lang='lat' dir='ltr'>fectu,</span> <span class='ocrx_word' id='word_1_122' title='bbox 390 2260 499 2334; x_wconf 91' lang='lat' dir='ltr'>quam</span> <span class='ocrx_word' id='word_1_123' title='bbox 515 2260 640 2333; x_wconf 79' lang='lat' dir='ltr'>graves</span> <span class='ocrx_word' id='word_1_124' title='bbox 655 2259 781 2306; x_wconf 90' lang='lat' dir='ltr'>eorum</span> <span class='ocrx_word' id='word_1_125' title='bbox 797 2231 972 2305; x_wconf 88' lang='lat' dir='ltr'>adventus</span> <span class='ocrx_word' id='word_1_126' title='bbox 986 2235 1090 2305; x_wconf 89' lang='lat' dir='ltr'>sociis</span> <span class='ocrx_word' id='word_1_127' title='bbox 1106 2235 1230 2305; x_wconf 89' lang='lat' dir='ltr'>vestris</span> <span class='ocrx_word' id='word_1_128' title='bbox 1246 2257 1323 2305; x_wconf 89' lang='lat' dir='ltr'>esse</span> 
     </span>
    </p>
   </div>
   <div class='ocr_carea' id='block_1_3' title="bbox 257 2343 1323 2443">
    <p class='ocr_par' dir='ltr' id='par_1_3' title="bbox 257 2343 1323 2443">
     <span class='ocr_line' id='line_1_19' title="bbox 257 2343 1323 2443; baseline -0.005 -23"><span class='ocrx_word' id='word_1_129' title='bbox 257 2349 405 2420; x_wconf 88' lang='lat' dir='ltr'>soleant.</span> <span class='ocrx_word' id='word_1_130' title='bbox 416 2344 665 2436; x_wconf 89' lang='lat' dir='ltr'>Quamobrem</span> <span class='ocrx_word' id='word_1_131' title='bbox 681 2344 771 2443; x_wconf 90' lang='lat' dir='ltr'>quid</span> <span class='ocrx_word' id='word_1_132' title='bbox 787 2345 922 2443; x_wconf 80' lang='lat' dir='ltr'>putatis</span> <span class='ocrx_word' id='word_1_133' title='bbox 936 2343 1145 2443; x_wconf 87' lang='lat' dir='ltr'>impendere</span> <span class='ocrx_word' id='word_1_134' title='bbox 1161 2343 1229 2417; x_wconf 87' lang='lat' dir='ltr'>hac</span> <span class='ocrx_word' id='word_1_135' title='bbox 1244 2344 1323 2442; x_wconf 87' lang='lat' dir='ltr'>lege</span> 
     </span>
    </p>
   </div>
   <div class='ocr_carea' id='block_1_4' title="bbox 256 2538 1357 4190">
    <p class='ocr_par' dir='ltr' id='par_1_4' title="bbox 256 2538 1357 4190">
     <span class='ocr_line' id='line_1_20' title="bbox 257 2538 1322 2606; baseline 0 -15"><span class='ocrx_word' id='word_1_136' title='bbox 257 2554 309 2591; x_wconf 87' lang='lat' dir='ltr'>tum</span> <span class='ocrx_word' id='word_1_137' title='bbox 322 2541 425 2598; x_wconf 83' lang='lat' dir='ltr'>habere,</span> <span class='ocrx_word' id='word_1_138' title='bbox 438 2557 464 2588; x_wconf 81' lang='lat' dir='ltr'>se</span> <span class='ocrx_word' id='word_1_139' title='bbox 485 2539 648 2589; x_wconf 88' lang='lat' dir='ltr'>decemvirum</span> <span class='ocrx_word' id='word_1_140' title='bbox 668 2556 766 2600; x_wconf 86' lang='lat' dir='ltr'>creare;</span> <span class='ocrx_word' id='word_1_141' title='bbox 811 2549 872 2596; x_wconf 79' lang='lat' dir='ltr'>stas,</span> <span class='ocrx_word' id='word_1_142' title='bbox 886 2538 1000 2587; x_wconf 81' lang='lat' dir='ltr'>omnibus</span> <span class='ocrx_word' id='word_1_143' title='bbox 1017 2539 1114 2604; x_wconf 79' lang='lat' dir='ltr'>populis</span> <span class='ocrx_word' id='word_1_144' title='bbox 1125 2540 1250 2602; x_wconf 84' lang='lat' dir='ltr'>luctuosa,</span> <span class='ocrx_word' id='word_1_145' title='bbox 1262 2543 1322 2606; x_wconf 78' lang='lat' dir='ltr'>ipsis</span> 
     </span>
     <span class='ocr_line' id='line_1_21' title="bbox 256 2618 1322 2684; baseline -0.002 -13"><span class='ocrx_word' id='word_1_146' title='bbox 256 2633 281 2671; x_wconf 90' lang='lat' dir='ltr'>et</span> <span class='ocrx_word' id='word_1_147' title='bbox 294 2621 352 2669; x_wconf 90' lang='lat' dir='ltr'>inde</span> <span class='ocrx_word' id='word_1_148' title='bbox 372 2621 519 2668; x_wconf 80' lang='lat' dir='ltr'>demonstrat</span> <span class='ocrx_word' id='word_1_149' title='bbox 538 2632 620 2669; x_wconf 84' lang='lat' dir='ltr'>orator</span> <span class='ocrx_word' id='word_1_150' title='bbox 641 2620 766 2668; x_wconf 83' lang='lat' dir='ltr'>tribunum</span> <span class='ocrx_word' id='word_1_151' title='bbox 811 2618 979 2666; x_wconf 81' lang='lat' dir='ltr'>tautummodo</span> <span class='ocrx_word' id='word_1_152' title='bbox 993 2620 1075 2684; x_wconf 84' lang='lat' dir='ltr'>opima</span> <span class='ocrx_word' id='word_1_153' title='bbox 1097 2621 1151 2668; x_wconf 88' lang='lat' dir='ltr'>erit.</span> <span class='ocrx_word' id='word_1_154' title='bbox 1169 2623 1198 2668; x_wconf 84' lang='lat' dir='ltr'>Et</span> <span class='ocrx_word' id='word_1_155' title='bbox 1214 2623 1287 2669; x_wconf 77' lang='lat' dir='ltr'>sociis</span> <span class='ocrx_word' id='word_1_156' title='bbox 1298 2632 1322 2671; x_wconf 88' lang='lat' dir='ltr'>et</span> 
     </span>
     <span class='ocr_line' id='line_1_22' title="bbox 256 2698 1321 2762; baseline 0.001 -14"><span class='ocrx_word' id='word_1_157' title='bbox 256 2699 350 2750; x_wconf 79' lang='lat' dir='ltr'>noned</span> <span class='ocrx_word' id='word_1_158' title='bbox 362 2699 449 2762; x_wconf 86' lang='lat' dir='ltr'>populi</span> <span class='ocrx_word' id='word_1_159' title='bbox 464 2699 572 2759; x_wconf 86' lang='lat' dir='ltr'>romani,</span> <span class='ocrx_word' id='word_1_160' title='bbox 591 2699 633 2746; x_wconf 83' lang='lat' dir='ltr'>sed</span> <span class='ocrx_word' id='word_1_161' title='bbox 652 2699 684 2748; x_wconf 78' lang='lat' dir='ltr'>ad</span> <span class='ocrx_word' id='word_1_162' title='bbox 699 2714 766 2746; x_wconf 79' lang='lat' dir='ltr'>suam</span> <span class='ocrx_word' id='word_1_163' title='bbox 810 2698 944 2762; x_wconf 85' lang='lat' dir='ltr'>provinciis</span> <span class='ocrx_word' id='word_1_164' title='bbox 955 2707 980 2745; x_wconf 87' lang='lat' dir='ltr'>et</span> <span class='ocrx_word' id='word_1_165' title='bbox 991 2698 1074 2745; x_wconf 87' lang='lat' dir='ltr'>liberis</span> <span class='ocrx_word' id='word_1_166' title='bbox 1092 2699 1191 2762; x_wconf 81' lang='lat' dir='ltr'>populis</span> <span class='ocrx_word' id='word_1_167' title='bbox 1203 2699 1251 2748; x_wconf 87' lang='lat' dir='ltr'>hoe</span> <span class='ocrx_word' id='word_1_168' title='bbox 1270 2717 1321 2749; x_wconf 88' lang='lat' dir='ltr'>uon</span> 
     </span>
     <span class='ocr_line' id='line_1_23' title="bbox 257 2776 1322 2845; baseline 0 -17"><span class='ocrx_word' id='word_1_169' title='bbox 257 2780 384 2828; x_wconf 70' lang='lat' dir='ltr'>utilitetem</span> <span class='ocrx_word' id='word_1_170' title='bbox 399 2776 475 2840; x_wconf 82' lang='lat' dir='ltr'>legem</span> <span class='ocrx_word' id='word_1_171' title='bbox 485 2793 641 2842; x_wconf 65' lang='lat' dir='ltr'>preparasse.</span> <span class='ocrx_word' id='word_1_172' title='bbox 811 2776 965 2826; x_wconf 86' lang='lat' dir='ltr'>tolerandum</span> <span class='ocrx_word' id='word_1_173' title='bbox 977 2777 1029 2824; x_wconf 88' lang='lat' dir='ltr'>sore</span> <span class='ocrx_word' id='word_1_174' title='bbox 1041 2777 1153 2828; x_wconf 84' lang='lat' dir='ltr'>indicat:</span> <span class='ocrx_word' id='word_1_175' title='bbox 1170 2781 1256 2828; x_wconf 81' lang='lat' dir='ltr'>acerba</span> <span class='ocrx_word' id='word_1_176' title='bbox 1273 2781 1322 2845; x_wconf 85' lang='lat' dir='ltr'>pri·</span> 
     </span>
     <span class='ocr_line' id='line_1_24' title="bbox 293 2856 1322 2925; baseline 0.001 -19"><span class='ocrx_word' id='word_1_177' title='bbox 293 2875 319 2907; x_wconf 80' lang='lat' dir='ltr'>a.</span> <span class='ocrx_word' id='word_1_178' title='bbox 343 2856 480 2921; x_wconf 61' lang='lat' dir='ltr'>Vectigalia</span> <span class='ocrx_word' id='word_1_179' title='bbox 498 2857 589 2907; x_wconf 77' lang='lat' dir='ltr'>locare.</span> <span class='ocrx_word' id='word_1_180' title='bbox 604 2859 683 2921; x_wconf 85' lang='lat' dir='ltr'>Quam</span> <span class='ocrx_word' id='word_1_181' title='bbox 700 2857 766 2917; x_wconf 82' lang='lat' dir='ltr'>inju·</span> <span class='ocrx_word' id='word_1_182' title='bbox 810 2871 877 2903; x_wconf 86' lang='lat' dir='ltr'>mum</span> <span class='ocrx_word' id='word_1_183' title='bbox 896 2871 981 2904; x_wconf 87' lang='lat' dir='ltr'>eorum</span> <span class='ocrx_word' id='word_1_184' title='bbox 1001 2857 1045 2904; x_wconf 86' lang='lat' dir='ltr'>erit</span> <span class='ocrx_word' id='word_1_185' title='bbox 1064 2859 1229 2919; x_wconf 71' lang='lat' dir='ltr'>concursatio,</span> <span class='ocrx_word' id='word_1_186' title='bbox 1252 2859 1322 2925; x_wconf 87' lang='lat' dir='ltr'>quod</span> 
     </span>
     <span class='ocr_line' id='line_1_25' title="bbox 257 2935 1322 3000; baseline 0 -12"><span class='ocrx_word' id='word_1_187' title='bbox 257 2951 321 2988; x_wconf 88' lang='lat' dir='ltr'>stum</span> <span class='ocrx_word' id='word_1_188' title='bbox 334 2948 359 2985; x_wconf 87' lang='lat' dir='ltr'>et</span> <span class='ocrx_word' id='word_1_189' title='bbox 372 2935 500 3000; x_wconf 79' lang='lat' dir='ltr'>indignum</span> <span class='ocrx_word' id='word_1_190' title='bbox 511 2935 676 2984; x_wconf 86' lang='lat' dir='ltr'>illudsitinde</span> <span class='ocrx_word' id='word_1_191' title='bbox 688 2946 765 2999; x_wconf 80' lang='lat' dir='ltr'>patet,</span> <span class='ocrx_word' id='word_1_192' title='bbox 809 2935 917 2983; x_wconf 84' lang='lat' dir='ltr'>vendent</span> <span class='ocrx_word' id='word_1_193' title='bbox 935 2951 962 2982; x_wconf 84' lang='lat' dir='ltr'>ea</span> <span class='ocrx_word' id='word_1_194' title='bbox 976 2950 1030 2999; x_wconf 74' lang='lat' dir='ltr'>quae</span> <span class='ocrx_word' id='word_1_195' title='bbox 1050 2952 1200 2999; x_wconf 75' lang='lat' dir='ltr'>possessores</span> <span class='ocrx_word' id='word_1_196' title='bbox 1219 2941 1322 2988; x_wconf 84' lang='lat' dir='ltr'>retinere</span> 
     </span>
     <span class='ocr_line' id='line_1_26' title="bbox 256 3013 1323 3083; baseline 0 -17"><span class='ocrx_word' id='word_1_197' title='bbox 256 3016 324 3083; x_wconf 88' lang='lat' dir='ltr'>qnod</span> <span class='ocrx_word' id='word_1_198' title='bbox 337 3031 369 3065; x_wconf 84' lang='lat' dir='ltr'>ne</span> <span class='ocrx_word' id='word_1_199' title='bbox 379 3031 491 3063; x_wconf 81' lang='lat' dir='ltr'>censores</span> <span class='ocrx_word' id='word_1_200' title='bbox 500 3015 598 3079; x_wconf 86' lang='lat' dir='ltr'>quidem</span> <span class='ocrx_word' id='word_1_201' title='bbox 608 3014 689 3063; x_wconf 81' lang='lat' dir='ltr'>locare</span> <span class='ocrx_word' id='word_1_202' title='bbox 697 3014 767 3077; x_wconf 88' lang='lat' dir='ltr'>qnid·</span> <span class='ocrx_word' id='word_1_203' title='bbox 810 3014 914 3074; x_wconf 75' lang='lat' dir='ltr'>vellaut3</span> <span class='ocrx_word' id='word_1_204' title='bbox 928 3013 1015 3062; x_wconf 77' lang='lat' dir='ltr'>deinde</span> <span class='ocrx_word' id='word_1_205' title='bbox 1034 3015 1205 3077; x_wconf 80' lang='lat' dir='ltr'>formidolosa,</span> <span class='ocrx_word' id='word_1_206' title='bbox 1221 3029 1323 3082; x_wconf 84' lang='lat' dir='ltr'>propter</span> 
     </span>
     <span class='ocr_line' id='line_1_27' title="bbox 257 3091 1321 3162; baseline 0.001 -18"><span class='ocrx_word' id='word_1_207' title='bbox 257 3111 343 3162; x_wconf 78' lang='lat' dir='ltr'>qnam,</span> <span class='ocrx_word' id='word_1_208' title='bbox 354 3095 401 3142; x_wconf 78' lang='lat' dir='ltr'>nisi</span> <span class='ocrx_word' id='word_1_209' title='bbox 410 3103 466 3142; x_wconf 86' lang='lat' dir='ltr'>ante</span> <span class='ocrx_word' id='word_1_210' title='bbox 475 3092 559 3141; x_wconf 80' lang='lat' dir='ltr'>oeulos</span> <span class='ocrx_word' id='word_1_211' title='bbox 568 3091 654 3157; x_wconf 89' lang='lat' dir='ltr'>populi</span> <span class='ocrx_word' id='word_1_212' title='bbox 663 3093 765 3154; x_wconf 85' lang='lat' dir='ltr'>romani,</span> <span class='ocrx_word' id='word_1_213' title='bbox 809 3093 874 3141; x_wconf 86' lang='lat' dir='ltr'>illnn</span> <span class='ocrx_word' id='word_1_214' title='bbox 886 3095 1018 3157; x_wconf 87' lang='lat' dir='ltr'>potentiam</span> <span class='ocrx_word' id='word_1_215' title='bbox 1029 3112 1077 3158; x_wconf 87' lang='lat' dir='ltr'>qua</span> <span class='ocrx_word' id='word_1_216' title='bbox 1086 3097 1321 3147; x_wconf 83' lang='lat' dir='ltr'>omniaantevertere</span> 
     </span>
     <span class='ocr_line' id='line_1_28' title="bbox 257 3171 1322 3241; baseline 0.006 -20"><span class='ocrx_word' id='word_1_217' title='bbox 257 3184 377 3241; x_wconf 75' lang='lat' dir='ltr'>possunt,</span> <span class='ocrx_word' id='word_1_218' title='bbox 391 3173 450 3221; x_wconf 84' lang='lat' dir='ltr'>dum</span> <span class='ocrx_word' id='word_1_219' title='bbox 463 3171 501 3220; x_wconf 92' lang='lat' dir='ltr'>illi</span> <span class='ocrx_word' id='word_1_220' title='bbox 514 3171 595 3219; x_wconf 82' lang='lat' dir='ltr'>omnia</span> <span class='ocrx_word' id='word_1_221' title='bbox 609 3188 659 3236; x_wconf 83' lang='lat' dir='ltr'>quo</span> <span class='ocrx_word' id='word_1_222' title='bbox 670 3171 764 3236; x_wconf 86' lang='lat' dir='ltr'>pretio,</span> <span class='ocrx_word' id='word_1_223' title='bbox 809 3174 1204 3241; x_wconf 72' lang='lat' dir='ltr'>etoceuparelicebi15quoestn0ea</span> <span class='ocrx_word' id='word_1_224' title='bbox 1214 3178 1322 3239; x_wconf 86' lang='lat' dir='ltr'>demum,</span> 
     </span>
     <span class='ocr_line' id='line_1_29' title="bbox 258 3251 1320 3320; baseline 0.007 -21"><span class='ocrx_word' id='word_1_225' title='bbox 258 3271 306 3320; x_wconf 77' lang='lat' dir='ltr'>qm</span> <span class='ocrx_word' id='word_1_226' title='bbox 328 3252 378 3310; x_wconf 89' lang='lat' dir='ltr'>die,</span> <span class='ocrx_word' id='word_1_227' title='bbox 400 3267 452 3315; x_wconf 89' lang='lat' dir='ltr'>qno</span> <span class='ocrx_word' id='word_1_228' title='bbox 471 3251 530 3299; x_wconf 87' lang='lat' dir='ltr'>loco</span> <span class='ocrx_word' id='word_1_229' title='bbox 549 3251 664 3314; x_wconf 82' lang='lat' dir='ltr'>libuerit,</span> <span class='ocrx_word' id='word_1_230' title='bbox 684 3251 765 3300; x_wconf 77' lang='lat' dir='ltr'>omnia</span> <span class='ocrx_word' id='word_1_231' title='bbox 809 3255 891 3319; x_wconf 86' lang='lat' dir='ltr'>quod,</span> <span class='ocrx_word' id='word_1_232' title='bbox 911 3266 1013 3320; x_wconf 87' lang='lat' dir='ltr'>propter</span> <span class='ocrx_word' id='word_1_233' title='bbox 1034 3273 1151 3306; x_wconf 73' lang='lat' dir='ltr'>summam</span> <span class='ocrx_word' id='word_1_234' title='bbox 1174 3258 1320 3316; x_wconf 72' lang='lat' dir='ltr'>avaritiam,</span> 
     </span>
     <span class='ocr_line' id='line_1_30' title="bbox 257 3332 1321 3401; baseline 0 -17"><span class='ocrx_word' id='word_1_235' title='bbox 257 3332 371 3384; x_wconf 84' lang='lat' dir='ltr'>vendent·</span> <span class='ocrx_word' id='word_1_236' title='bbox 809 3333 956 3398; x_wconf 85' lang='lat' dir='ltr'>populorum</span> <span class='ocrx_word' id='word_1_237' title='bbox 978 3350 1038 3401; x_wconf 79' lang='lat' dir='ltr'>opes</span> <span class='ocrx_word' id='word_1_238' title='bbox 1057 3336 1218 3400; x_wconf 76' lang='lat' dir='ltr'>exhaurient,</span> <span class='ocrx_word' id='word_1_239' title='bbox 1233 3349 1263 3385; x_wconf 87' lang='lat' dir='ltr'>nt</span> <span class='ocrx_word' id='word_1_240' title='bbox 1283 3353 1321 3386; x_wconf 77' lang='lat' dir='ltr'>eas</span> 
     </span>
     <span class='ocr_line' id='line_1_31' title="bbox 292 3408 1004 3478; baseline 0.003 -18"><span class='ocrx_word' id='word_1_241' title='bbox 292 3413 317 3460; x_wconf 77' lang='lat'>3.</span> <span class='ocrx_word' id='word_1_242' title='bbox 336 3409 412 3458; x_wconf 77' lang='lat' dir='ltr'>Atriis</span> <span class='ocrx_word' id='word_1_243' title='bbox 423 3408 589 3457; x_wconf 75' lang='lat' dir='ltr'>auctionariis.</span> <span class='ocrx_word' id='word_1_244' title='bbox 610 3409 652 3458; x_wconf 79' lang='lat' dir='ltr'>nn</span> <span class='ocrx_word' id='word_1_245' title='bbox 671 3411 696 3458; x_wconf 87' lang='lat' dir='ltr'>in</span> <span class='ocrx_word' id='word_1_246' title='bbox 710 3411 765 3458; x_wconf 81' lang='lat' dir='ltr'>soro</span> <span class='ocrx_word' id='word_1_247' title='bbox 810 3415 857 3462; x_wconf 80' lang='lat' dir='ltr'>sibi</span> <span class='ocrx_word' id='word_1_248' title='bbox 872 3415 1004 3478; x_wconf 70' lang='lat' dir='ltr'>applicent.</span> 
     </span>
     <span class='ocr_line' id='line_1_32' title="bbox 258 3487 1322 3555; baseline 0.004 -15"><span class='ocrx_word' id='word_1_249' title='bbox 258 3503 327 3540; x_wconf 88' lang='lat' dir='ltr'>ernnt</span> <span class='ocrx_word' id='word_1_250' title='bbox 339 3489 434 3555; x_wconf 83' lang='lat' dir='ltr'>posita,</span> <span class='ocrx_word' id='word_1_251' title='bbox 448 3498 471 3535; x_wconf 86' lang='lat' dir='ltr'>et</span> <span class='ocrx_word' id='word_1_252' title='bbox 481 3487 536 3536; x_wconf 88' lang='lat' dir='ltr'>ideo</span> <span class='ocrx_word' id='word_1_253' title='bbox 545 3490 623 3537; x_wconf 88' lang='lat' dir='ltr'>multo</span> <span class='ocrx_word' id='word_1_254' title='bbox 634 3491 709 3554; x_wconf 76' lang='lat' dir='ltr'>magis</span> <span class='ocrx_word' id='word_1_255' title='bbox 720 3504 765 3554; x_wconf 88' lang='lat' dir='ltr'>po·</span> <span class='ocrx_word' id='word_1_256' title='bbox 846 3491 870 3542; x_wconf 86' lang='lat'>5.</span> <span class='ocrx_word' id='word_1_257' title='bbox 893 3494 1059 3542; x_wconf 81' lang='lat' dir='ltr'>Hereditatum</span> <span class='ocrx_word' id='word_1_258' title='bbox 1079 3496 1254 3544; x_wconf 79' lang='lat' dir='ltr'>obeundarum.</span> <span class='ocrx_word' id='word_1_259' title='bbox 1277 3497 1322 3544; x_wconf 81' lang='lat' dir='ltr'>Per</span> 
     </span>
     <span class='ocr_line' id='line_1_33' title="bbox 257 3569 1320 3640; baseline 0.003 -20"><span class='ocrx_word' id='word_1_260' title='bbox 257 3571 317 3637; x_wconf 89' lang='lat' dir='ltr'>pulo</span> <span class='ocrx_word' id='word_1_261' title='bbox 325 3570 495 3631; x_wconf 60' lang='lat' dir='ltr'>numnquam</span> <span class='ocrx_word' id='word_1_262' title='bbox 503 3575 587 3616; x_wconf 79' lang='lat' dir='ltr'>eeterae</span> <span class='ocrx_word' id='word_1_263' title='bbox 595 3569 669 3616; x_wconf 80' lang='lat' dir='ltr'>Urbis</span> <span class='ocrx_word' id='word_1_264' title='bbox 678 3578 765 3633; x_wconf 81' lang='lat' dir='ltr'>partes.</span> <span class='ocrx_word' id='word_1_265' title='bbox 810 3571 965 3620; x_wconf 81' lang='lat' dir='ltr'>collationem</span> <span class='ocrx_word' id='word_1_266' title='bbox 989 3573 1054 3621; x_wconf 83' lang='lat' dir='ltr'>illam</span> <span class='ocrx_word' id='word_1_267' title='bbox 1078 3573 1227 3622; x_wconf 79' lang='lat' dir='ltr'>demonstret</span> <span class='ocrx_word' id='word_1_268' title='bbox 1249 3591 1320 3640; x_wconf 79' lang='lat' dir='ltr'>quani</span> 
     </span>
     <span class='ocr_line' id='line_1_34' title="bbox 257 3645 1321 3719; baseline 0.005 -20"><span class='ocrx_word' id='word_1_269' title='bbox 257 3652 331 3700; x_wconf 86' lang='lat' dir='ltr'>Nunc</span> <span class='ocrx_word' id='word_1_270' title='bbox 342 3659 421 3696; x_wconf 78' lang='lat' dir='ltr'>autem</span> <span class='ocrx_word' id='word_1_271' title='bbox 443 3645 479 3694; x_wconf 91' lang='lat' dir='ltr'>illi</span> <span class='ocrx_word' id='word_1_272' title='bbox 492 3646 642 3710; x_wconf 82' lang='lat' dir='ltr'>publicarum</span> <span class='ocrx_word' id='word_1_273' title='bbox 657 3647 766 3694; x_wconf 79' lang='lat' dir='ltr'>sortuua-</span> <span class='ocrx_word' id='word_1_274' title='bbox 810 3651 889 3714; x_wconf 73' lang='lat' dir='ltr'>gravis</span> <span class='ocrx_word' id='word_1_275' title='bbox 903 3663 927 3699; x_wconf 92' lang='lat' dir='ltr'>et</span> <span class='ocrx_word' id='word_1_276' title='bbox 941 3652 1092 3702; x_wconf 75' lang='lat' dir='ltr'>intoleranda</span> <span class='ocrx_word' id='word_1_277' title='bbox 1107 3655 1206 3719; x_wconf 79' lang='lat' dir='ltr'>populis</span> <span class='ocrx_word' id='word_1_278' title='bbox 1220 3657 1266 3704; x_wconf 87' lang='lat' dir='ltr'>erit</span> <span class='ocrx_word' id='word_1_279' title='bbox 1280 3655 1321 3704; x_wconf 78' lang='lat' dir='ltr'>illa</span> 
     </span>
     <span class='ocr_line' id='line_1_35' title="bbox 257 3726 1321 3796; baseline 0.002 -17"><span class='ocrx_word' id='word_1_280' title='bbox 257 3747 311 3780; x_wconf 84' lang='lat' dir='ltr'>rum</span> <span class='ocrx_word' id='word_1_281' title='bbox 330 3727 470 3786; x_wconf 86' lang='lat' dir='ltr'>helluones,</span> <span class='ocrx_word' id='word_1_282' title='bbox 491 3742 522 3774; x_wconf 89' lang='lat' dir='ltr'>ne</span> <span class='ocrx_word' id='word_1_283' title='bbox 539 3726 566 3773; x_wconf 90' lang='lat' dir='ltr'>id</span> <span class='ocrx_word' id='word_1_284' title='bbox 587 3726 685 3791; x_wconf 88' lang='lat' dir='ltr'>quidem</span> <span class='ocrx_word' id='word_1_285' title='bbox 698 3727 767 3789; x_wconf 88' lang='lat' dir='ltr'>qnod</span> <span class='ocrx_word' id='word_1_286' title='bbox 809 3728 864 3789; x_wconf 85' lang='lat' dir='ltr'>lex,</span> <span class='ocrx_word' id='word_1_287' title='bbox 884 3744 931 3793; x_wconf 85' lang='lat' dir='ltr'>qna</span> <span class='ocrx_word' id='word_1_288' title='bbox 950 3741 1003 3780; x_wconf 88' lang='lat' dir='ltr'>toto</span> <span class='ocrx_word' id='word_1_289' title='bbox 1017 3731 1077 3779; x_wconf 88' lang='lat' dir='ltr'>orbe</span> <span class='ocrx_word' id='word_1_290' title='bbox 1088 3735 1230 3796; x_wconf 85' lang='lat' dir='ltr'>nequissimi</span> <span class='ocrx_word' id='word_1_291' title='bbox 1242 3735 1321 3784; x_wconf 88' lang='lat' dir='ltr'>homi·</span> 
     </span>
     <span class='ocr_line' id='line_1_36' title="bbox 257 3806 1321 3879; baseline 0.007 -23"><span class='ocrx_word' id='word_1_292' title='bbox 257 3808 398 3875; x_wconf 76' lang='lat' dir='ltr'>nequissimi</span> <span class='ocrx_word' id='word_1_293' title='bbox 407 3806 517 3854; x_wconf 80' lang='lat' dir='ltr'>homines</span> <span class='ocrx_word' id='word_1_294' title='bbox 526 3817 615 3869; x_wconf 79' lang='lat' dir='ltr'>agunt,</span> <span class='ocrx_word' id='word_1_295' title='bbox 625 3806 766 3863; x_wconf 80' lang='lat' dir='ltr'>observant,</span> <span class='ocrx_word' id='word_1_296' title='bbox 810 3823 853 3854; x_wconf 80' lang='lat' dir='ltr'>nes</span> <span class='ocrx_word' id='word_1_297' title='bbox 865 3824 909 3873; x_wconf 89' lang='lat' dir='ltr'>per</span> <span class='ocrx_word' id='word_1_298' title='bbox 918 3812 1026 3858; x_wconf 86' lang='lat' dir='ltr'>omnium</span> <span class='ocrx_word' id='word_1_299' title='bbox 1036 3814 1144 3874; x_wconf 83' lang='lat' dir='ltr'>gentium</span> <span class='ocrx_word' id='word_1_300' title='bbox 1159 3829 1234 3878; x_wconf 85' lang='lat' dir='ltr'>opes,</span> <span class='ocrx_word' id='word_1_301' title='bbox 1242 3825 1267 3862; x_wconf 90' lang='lat' dir='ltr'>et</span> <span class='ocrx_word' id='word_1_302' title='bbox 1276 3831 1321 3879; x_wconf 92' lang='lat' dir='ltr'>po-</span> 
     </span>
     <span class='ocr_line' id='line_1_37' title="bbox 258 3877 1357 3958; baseline 0.005 -22"><span class='ocrx_word' id='word_1_303' title='bbox 258 3887 489 3954; x_wconf 78' lang='lat' dir='ltr'>populiqueromani</span> <span class='ocrx_word' id='word_1_304' title='bbox 497 3885 669 3950; x_wconf 79' lang='lat' dir='ltr'>patrimonium</span> <span class='ocrx_word' id='word_1_305' title='bbox 677 3893 766 3948; x_wconf 78' lang='lat' dir='ltr'>etopes</span> <span class='ocrx_word' id='word_1_306' title='bbox 810 3887 923 3951; x_wconf 87' lang='lat' dir='ltr'>pulorum</span> <span class='ocrx_word' id='word_1_307' title='bbox 946 3891 1092 3952; x_wconf 78' lang='lat' dir='ltr'>patrimonia</span> <span class='ocrx_word' id='word_1_308' title='bbox 1112 3895 1219 3952; x_wconf 85' lang='lat' dir='ltr'>irruent,</span> <span class='ocrx_word' id='word_1_309' title='bbox 1241 3897 1321 3958; x_wconf 89' lang='lat' dir='ltr'>reipu-</span> <span class='ocrx_word' id='word_1_310' title='bbox 1354 3877 1357 3883; x_wconf 28' lang='grc' dir='ltr'>Ι</span> 
     </span>
     <span class='ocr_line' id='line_1_38' title="bbox 256 3963 1320 4033; baseline 0.004 -17"><span class='ocrx_word' id='word_1_311' title='bbox 256 3986 301 4033; x_wconf 87' lang='lat' dir='ltr'>per</span> <span class='ocrx_word' id='word_1_312' title='bbox 311 3967 420 4016; x_wconf 80' lang='lat' dir='ltr'>tenebras</span> <span class='ocrx_word' id='word_1_313' title='bbox 435 3965 572 4028; x_wconf 85' lang='lat' dir='ltr'>disperdere</span> <span class='ocrx_word' id='word_1_314' title='bbox 586 3963 765 4028; x_wconf 79' lang='lat' dir='ltr'>aggrediuntur.</span> <span class='ocrx_word' id='word_1_315' title='bbox 810 3965 881 4015; x_wconf 80' lang='lat' dir='ltr'>blicse</span> <span class='ocrx_word' id='word_1_316' title='bbox 896 3969 1005 4017; x_wconf 85' lang='lat' dir='ltr'>fortunas</span> <span class='ocrx_word' id='word_1_317' title='bbox 1025 3973 1141 4020; x_wconf 81' lang='lat' dir='ltr'>vastaturi</span> <span class='ocrx_word' id='word_1_318' title='bbox 1167 3972 1320 4022; x_wconf 73' lang='lat' dir='ltr'>exhaustori-</span> 
     </span>
     <span class='ocr_line' id='line_1_39' title="bbox 294 4043 1319 4111; baseline 0.008 -18"><span class='ocrx_word' id='word_1_319' title='bbox 294 4055 319 4102; x_wconf 75' lang='lat'>4.</span> <span class='ocrx_word' id='word_1_320' title='bbox 338 4049 396 4094; x_wconf 80' lang='lat' dir='ltr'>lam</span> <span class='ocrx_word' id='word_1_321' title='bbox 413 4043 466 4092; x_wconf 84' lang='lat' dir='ltr'>illa.</span> <span class='ocrx_word' id='word_1_322' title='bbox 488 4047 547 4092; x_wconf 83' lang='lat' dir='ltr'>Haee</span> <span class='ocrx_word' id='word_1_323' title='bbox 566 4059 636 4102; x_wconf 83' lang='lat' dir='ltr'>vero,</span> <span class='ocrx_word' id='word_1_324' title='bbox 650 4054 765 4106; x_wconf 84' lang='lat' dir='ltr'>quantam</span> <span class='ocrx_word' id='word_1_325' title='bbox 809 4061 876 4110; x_wconf 85' lang='lat' dir='ltr'>que,</span> <span class='ocrx_word' id='word_1_326' title='bbox 891 4057 1019 4111; x_wconf 79' lang='lat' dir='ltr'>postquam</span> <span class='ocrx_word' id='word_1_327' title='bbox 1037 4065 1092 4097; x_wconf 80' lang='lat' dir='ltr'>suas</span> <span class='ocrx_word' id='word_1_328' title='bbox 1101 4051 1150 4111; x_wconf 75' lang='lat' dir='ltr'>jam</span> <span class='ocrx_word' id='word_1_329' title='bbox 1167 4051 1264 4101; x_wconf 81' lang='lat' dir='ltr'>luxuria</span> <span class='ocrx_word' id='word_1_330' title='bbox 1276 4051 1319 4101; x_wconf 87' lang='lat' dir='ltr'>de·</span> 
     </span>
     <span class='ocr_line' id='line_1_40' title="bbox 256 4123 943 4190; baseline 0 -16"><span class='ocrx_word' id='word_1_331' title='bbox 256 4136 406 4186; x_wconf 77' lang='lat' dir='ltr'>statuerant,</span> <span class='ocrx_word' id='word_1_332' title='bbox 417 4123 559 4173; x_wconf 82' lang='lat' dir='ltr'>decemviris</span> <span class='ocrx_word' id='word_1_333' title='bbox 569 4138 682 4172; x_wconf 80' lang='lat' dir='ltr'>concessa</span> <span class='ocrx_word' id='word_1_334' title='bbox 693 4133 766 4188; x_wconf 84' lang='lat' dir='ltr'>pote·</span> <span class='ocrx_word' id='word_1_335' title='bbox 811 4124 943 4190; x_wconf 75' lang='lat' dir='ltr'>glutierint.</span> 
     </span>
    </p>
   </div>
   <div class='ocr_carea' id='block_1_5' title="bbox 0 0 1498 4670">
    <p class='ocr_par' dir='ltr' id='par_1_5' title="bbox 0 0 1498 4670">
     <span class='ocr_line' id='line_1_41' title="bbox 0 0 1498 4670; baseline 0 0"><span class='ocrx_word' id='word_1_336' title='bbox 0 0 1498 4670; x_wconf 95' lang='lat' dir='ltr'> </span> 
     </span>
    </p>
   </div>
  </div>
 </body>
</html>
