3018 4664
261 333 330 406 288
579 336 628 403 Μ.
655 337 692 402 T.
720 334 1003 404 CICERONIS

259 479 410 530 currum
434 481 479 527 ux
498 479 642 544 rumor,
661 481 706 526 ux
727 480 922 544 moronus,
945 480 990 525 rx
1009 445 1215 526 corouimo
1229 463 1257 540 7,
1277 477 1328 525 en

256 593 496 657 Quosouuouu
513 594 707 658 reuvmur,
733 595 851 653 mzour
874 593 1045 640 cucurum
1063 591 1126 638 rsr
1150 591 1187 638 m
1205 591 1328 638 rumu-

256 707 349 770 ouu,
375 707 492 766 ueour
511 706 547 752 ur
566 705 795 752 uouuururo
814 703 1076 767 commumoni,
1100 677 1138 748 id
1164 675 1328 775 profiteri

258 791 356 891 apud
368 791 608 880 decemviros,
628 789 723 860 etad
738 814 800 860 eos
814 787 950 860 referre
961 785 1077 884 jubet.
1094 784 1196 862 Ηοε8
1211 789 1328 884 capite

258 905 365 974 ctiam
385 902 622 998 quaestionem
642 900 687 972 de
706 899 910 971 clarissimis
923 900 1026 986 viris,
1046 900 1111 995 qui
1129 899 1257 997 populi
1271 921 1329 968 ro-

258 1014 355 1084 mani
369 1010 462 1082 bella
480 1025 688 1108 gesserunt,
706 1009 960 1106 judiciumque
979 1008 1025 1080 de
1045 1011 1209 1106 pecuniis
1222 1032 1327 1105 repe·

258 1120 397 1208 tundis,
408 1120 454 1190 ad
467 1119 690 1190 decemviros
703 1119 941 1216 translatum⁹
956 1119 1094 1191 videtis.
1110 1125 1246 1189 Horum
1262 1119 1331 1190 erit

258 1230 421 1330 [nulium
436 1216 485 1328 ιδ]
501 1230 695 1325 judicium,
711 1245 853 1327 quantae
868 1229 1045 1326 cujusque
1060 1227 1239 1299 manubiae
1254 1225 1330 1300 fue-

258 1344 351 1429 rint,
369 1339 458 1438 quid
475 1339 647 1429 relatum,
665 1341 755 1436 quid
768 1339 956 1411 residuum
969 1342 1025 1412 sit.
1038 1345 1081 1410 In
1096 1349 1123 1384 ¹¹
1143 1353 1330 1437 posterum

235 1447 344 1524 'vero
366 1449 424 1522 lex
446 1450 521 1522 haec
540 1450 822 1549 imperatoribus
838 1453 965 1522 vestris
988 1451 1242 1534 constituitur,
1267 1464 1330 1537 ut,

259 1564 482 1660 quicumque
498 1560 543 1632 de
563 1563 749 1658 provincia
763 1560 975 1650 decesserit‚·
991 1562 1090 1660 apud
1104 1561 1250 1633 eosdem
1268 1558 1332 1632 de·

260 1672 452 1753 camuros,
465 1685 645 1767 quantum
659 1668 791 1742 habeat
801 1671 928 1768 praedae
940 1725 950 1758 ‚
964 1669 1217 1743 manubiarum
1229 1724 1239 1758 ,
1252 1670 1331 1740 auri

260 1780 460 1866 coronarii,
488 1778 713 1877 profiteatur.
745 1782 811 1852 Hic
833 1795 954 1853 tamen
973 1783 1029 1852 vir
1049 1785 1209 1878 optimus
1228 1802 1332 1865 eum,

259 1915 371 1989 quem
386 1903 501 1976 amat,
519 1891 671 1988 excipit,
692 1897 759 1998 Cu.
779 1894 1005 1991 Pompeium.
1026 1891 1133 1962 Unde
1146 1894 1213 1963 iste
1228 1913 1332 1962 amor

261 2017 333 2072 tam
353 2001 571 2098 improvisus
597 2025 638 2072 ac
659 2015 733 2072 tam
758 2004 995 2100 repentinus?
1019 2003 1092 2094 Qui
1111 2002 1252 2072 honore
1273 1998 1334 2072 de-

260 2114 475 2185 cemviratus
496 2109 743 2182 excluditur1²
762 2137 878 2211 prope
897 2113 1132 2198 nominatim3
1153 2111 1256 2204 cujus
1273 2109 1333 2205 ju·

258 2222 412 2310 dicium,
442 2221 638 2318 legumque
661 2220 778 2309 datio,
806 2237 996 2320 captorum
1022 2244 1193 2319 agrorum
1218 2221 1332 2317 ipsius

259 2338 392 2404 virtute
413 2333 571 2438 cognitio
596 2333 754 2419 tollitur;
783 2334 886 2428 cujus
917 2359 992 2405 nou
1027 2334 1067 2403 in
1091 2332 1333 2430 provinciam,

261 2442 325 2516 sed
342 2443 379 2512 in
392 2443 470 2539 ipsa
488 2457 602 2514 castra
618 2441 814 2514 decemviri
827 2467 911 2515 cum
926 2444 1096 2542 imperio,
1113 2439 1257 2512 infinita
1271 2465 1333 2538 pe-

262 2639 319 2687 dere
325 2635 503 2684 solebentllor.
512 2637 592 2685 Curru,
602 2638 653 2695 111,
663 2652 704 2696 oo,
716 2645 775 2693 114.
818 2647 883 2694 tum,
897 2646 944 2685 etc.
956 2658 967 2679 ι
980 2635 1078 2686 Schiitz.
1098 2637 1199 2685 omittit.
1218 2636 1334 2686 Defendit

298 2733 322 2780 7.
337 2718 379 2763 Ex
391 2714 534 2764 coronario.
553 2715 593 2763 Ad
607 2725 774 2764 ornamentum
818 2717 847 2766 B.
869 2717 961 2765 Weisk.
987 2733 1123 2781 pronomen
1143 2715 1278 2765 «horum»
1302 2717 1334 2764 ad

261 2795 380 2861 triumphi
394 2811 408 2843 a
420 2794 612 2859 provincialibus
626 2811 710 2843 eurum
724 2795 775 2843 exi-
818 2796 884 2844 cives
902 2812 964 2844 rom.
982 2786 1099 2856 reserent}
1119 2811 1181 2859 quos
1199 2807 1270 2860 geetu
1289 2796 1334 2845 de·

262 2878 375 2944 gebatur,
392 2889 442 2937 quo
459 2875 558 2920 nomine
573 2889 684 2937 maguum
699 2875 775 2922 vina
819 2887 953 2924 monstrare
965 2885 1046 2940 potest
1060 2887 1153 2934 orator,
1170 2887 1195 2924 et
1212 2874 1333 2940 significet

262 2955 361 3024 populis
372 2953 512 3014 extorqueri
525 2952 576 3000 Dio
587 2952 699 3002 declaret.
713 2953 775 3001 Inde
816 2953 928 3014 iudicum
945 2953 1032 3018 populi
1045 2969 1107 3002 rom.
1117 2956 1218 3004 nomine
1234 2967 1333 3004 muten-

264 3047 343 3086 eutem
364 3033 386 3080 ei
410 3042 509 3079 venerat
531 3045 638 3090 nomen,
659 3033 727 3094 quod
749 3031 786 3097 iu·
820 3033 878 3080 tim
887 3033 1018 3081 ferentinus
1028 3033 1121 3082 nullam
1129 3036 1178 3095 jam
1188 3036 1240 3091 sore
1249 3045 1335 3083 aucto-

265 3113 392 3177 triumpho
401 3109 483 3158 muitte
492 3125 570 3158 eurem
579 3126 678 3158 corouae
688 3111 777 3159 deferri
820 3112 932 3171 ritatem,
950 3112 1044 3160 nullum
1060 3112 1183 3172 judicium
1201 3115 1229 3161 in
1246 3113 1334 3163 uiibue

264 3194 379 3244 colerent.
819 3191 927 3255 publicis
940 3193 1027 3240 munio.
1045 3191 1132 3256 Neque
1144 3193 1334 3258 improbendum

282 3269 325 3318 '8.
348 3271 400 3316 Hoc
416 3266 505 3331 capite.
524 3266 590 3314 Illud
607 3267 774 3330 euperioubue
817 3269 923 3317 videtur.

264 3352 334 3402 anuis
347 3350 398 3408 jam
415 3355 548 3404 tentatum,
564 3347 653 3409 quietio
669 3345 775 3410 publice
857 3364 899 3396 rr.
925 3351 956 3395 In
977 3358 1111 3412 posteriore.
1133 3351 1194 3398 Haeo
1216 3351 1260 3398 lex
1283 3367 1335 3398 uon

264 3447 337 3481 emm
349 3429 426 3476 fuerat
437 3425 562 3482 ominum
576 3435 602 3472 et
610 3426 734 3490 praecipue
743 3424 776 3472 ed
820 3437 915 3474 tentum,
927 3429 954 3474 in
972 3443 1015 3475 eoo
1035 3429 1209 3490 constituitur,
1226 3431 1270 3493 qui
1283 3447 1334 3479 rem

266 3507 406 3563 Cornelium
423 3505 537 3552 Faustum
553 3501 680 3551 dictatoris
698 3501 777 3552 filium
819 3515 876 3552 ente
895 3517 1034 3569 gesserunt,
1054 3523 1138 3555 verum
1157 3510 1230 3558 etiem
1247 3510 1274 3557 in
1293 3525 1335 3558 ece

266 3585 417 3656 pertinebat,
431 3582 474 3644 qni
492 3597 520 3629 ca
535 3583 646 3644 pecunie
664 3582 689 3628 vi
704 3598 777 3645 quem
821 3584 866 3646 qui
879 3584 928 3631 hoo
943 3595 996 3632 toto
1010 3585 1206 3649 quinquiennio‚
1224 3605 1275 3652 quo
1292 3589 1336 3638 de·

266 3679 334 3734 peter
350 3663 482 3719 habuerat,
496 3671 619 3722 tamquam
635 3661 735 3725 propriu
753 3672 778 3709 et
821 3663 921 3710 oemviri
943 3673 1028 3719 eruut,
1047 3681 1086 3712 ree
1108 3667 1241 3729 genuerint,
1260 3679 1285 3717 et
1305 3667 1336 3716 de

266 3750 360 3814 prinu
372 3751 423 3791 emt
436 3737 534 3788 abusus.
820 3742 948 3804 provincie
961 3741 1115 3794 decesserint.

302 3843 328 3890 9.
346 3819 506 3872 Translatum.
520 3820 658 3881 Apraetore
671 3830 777 3883 etepo·
860 3835 901 3868 m.
926 3820 1082 3872 Excludieru.
1103 3825 1167 3886 Quia
1191 3837 1336 3888 petentem

219 3927 222 3934 ¹
266 3892 688 3970 puioediegeoilloedecemviroe.
820 3897 1022 3963 profiterijubet.
1038 3903 1169 3966 Pompeiae
1182 3920 1260 3966 quum
1272 3905 1338 3954 eheit

306 3999 347 4030 ro.
366 3983 446 4028 Loco·
460 3988 570 4027 ventur.
590 3977 640 4025 Alii
660 3999 673 4020 α
684 3991 750 4024 nuuc
763 3997 776 4018 a
820 3976 1061 4044 longinime‚prope
1071 3981 1218 4031 nominatim
1235 3983 1337 4034 excludi

267 4059 366 4124 legum
385 4057 439 4114 alii,
458 4079 470 4098 ι
481 4055 555 4115 tund,
569 4055 689 4117 liberum,
710 4055 777 4103 eolu-
820 4054 925 4104 videtur.
