3018 4664
405 390 597 461 ORATIO
622 391 720 460 PRO
745 392 783 458 C.
810 391 1042 460 RABIRIO.
1182 385 1255 460 361·

192 535 307 610 quum
327 509 394 582 iste
414 535 541 583 omnes
556 527 594 582 et
611 513 868 610 suppliciorum
890 528 927 584 et
943 511 1137 588 verborum
1153 535 1253 584 acer-

191 620 343 710 bitates,
359 645 435 692 non
450 646 495 693 ex
508 625 680 694 memoria
693 637 811 694 vestra
823 647 864 694 ac
877 638 1021 721 patrum
1034 637 1251 710 vestrorum,

192 730 255 802 sed
269 755 313 802 ex
326 729 535 802 annalium⁶
550 733 813 819 monumentis,
834 748 942 830 atque
955 756 1000 803 ex
1012 755 1138 829 regum
1152 755 1254 802 com-

190 842 375 914 mentariis
401 843 666 942 conquisierit:
698 866 766 940 ego
791 841 960 914 omnibus
985 843 1074 914 meis
1101 841 1252 940 opibus,

192 950 365 1022 omnibus
387 953 563 1042 consiliis,
581 951 752 1024 omnibus
772 951 876 1024 dictis
896 968 1005 1049 atque
1024 951 1125 1024 factis
1146 975 1254 1050 repu-

191 1061 332 1157 gnarim
351 1075 387 1132 et
405 1062 598 1135 restiterim
615 1060 835 1136 crudelitati!
856 1063 933 1134 Nisi
952 1061 1046 1134 sorte
1062 1061 1157 1132 hanc
1172 1086 1256 1132 con·

194 1169 394 1242 ditionem⁷
413 1171 517 1244 vobis
535 1197 612 1245 esse
629 1173 758 1261 vultis,
779 1197 888 1270 quam
908 1174 1018 1262 servi,
1034 1173 1064 1244 si
1083 1171 1257 1244 libertatis

192 1305 294 1380 spem
321 1283 543 1380 propositam
573 1308 648 1354 non
678 1281 877 1369 haberent,
905 1281 999 1354 ferre
1022 1281 1123 1353 nullo
1144 1279 1256 1350 modo

119 1451 122 1456 .
193 1406 353 1489 possent.
387 1393 519 1464 Misera
547 1407 602 1464 est
630 1395 828 1490 ignominia
846 1393 1068 1489 judiciorum
1090 1391 1259 1489 publico·

193 1524 299 1588 rum,
324 1503 453 1572 misera
474 1502 639 1574 multatio
657 1502 860 1591 bonorum,
882 1506 1054 1576 miserum
1074 1502 1259 1587 exsilium3

193 1607 258 1680 sed
282 1623 403 1680 tamen
431 1612 468 1680 in
491 1613 592 1682 omni
610 1612 809 1684 calamitate
832 1618 1009 1684 retinetur
1030 1610 1176 1709 aliquod
1195 1635 1257 1681 ve·

195 1719 340 1815 stigium
356 1717 541 1792 libertatis.
560 1725 660 1794 Mors
683 1721 840 1821 denique
862 1725 892 1794 si
914 1725 1142 1821 proponitur,
1158 1722 1197 1790 in
1216 1719 1258 1789 li·

194 1824 335 1898 bertate
356 1827 597 1916 moriamur⁸3
619 1831 777 1904 carnifex
800 1857 903 1920 vero,
927 1848 964 1904 ct
981 1830 1182 1904 obductio⁹
1203 1853 1259 1900 ca·

196 1937 304 2035 pitis,
331 1951 368 2008 et
396 1962 530 2010 nomen
564 1942 684 2037 ipsum
716 1943 853 2029 crucis,
885 1941 979 2014 absit
1006 1965 1082 2012 non
1108 1939 1258 2010 modoa

196 2071 349 2146 corpore
361 2057 393 2092 ¹⁰
419 2051 552 2120 civium
578 2075 833 2142 romanorum,
858 2052 1051 2124 sedetiam
1079 2076 1098 2121 a
1126 2050 1258 2146 cogita-

194 2155 315 2244 tione,
334 2157 468 2242 oculis,
494 2158 651 2231 auribus.
671 2165 805 2236 Harum
823 2164 920 2234 enim
937 2164 1102 2234 omnium
1115 2167 1256 2247 rerum,

196 2289 271 2336 non
297 2266 414 2337 solum
437 2283 586 2341 eventus
605 2285 715 2368 atque
737 2277 940 2371 perpessio,
962 2272 1152 2346 sedetiam
1175 2293 1258 2340 con·

196 2373 340 2462 ditio¹¹,
364 2379 604 2475 exspectatio,
633 2385 770 2455 mentio
797 2385 874 2482 ipsa
904 2383 1083 2480 denique,
1110 2380 1258 2478 indigna

197 2486 272 2556 cive
288 2507 442 2557 romano
460 2501 569 2585 atque
584 2490 731 2562 homine
751 2491 865 2565 libero
881 2509 944 2566 est.
959 2499 1012 2564 An
1032 2517 1117 2563 vero
1136 2514 1258 2562 servos

197 2607 340 2666 nostros
367 2594 499 2668 horum
524 2601 788 2698 suppliciorum
812 2604 976 2674 omniurn
999 2617 1123 2687 metu,
1140 2599 1257 2670 domi·

197 2728 330 2776 norum
351 2705 551 2806 benignitas
575 2733 649 2782 una
672 2712 871 2784 vindicta¹²
895 2709 1128 2784 liberabit¹³z
1152 2735 1219 2780 nos
1239 2733 1260 2779 a

231 2947 258 2994 6.
269 2946 412 2998 Aemines.
424 2949 524 3008 (ilceto,
537 2949 568 2999 de
581 2953 649 3000 Orat.
665 2955 703 3010 Π,
749 2953 888 3017 pendentur
901 2953 967 3001 cives
980 2967 1043 2999 rom.
1056 2949 1098 2999 sed
1111 2961 1160 2998 tens
1175 2950 1260 2997 servile

200 3039 245 3082 sn,
255 3024 362 3072 Annslm
376 3026 492 3090 sppellsri
505 3028 589 3077 scribit
606 3045 643 3078 res
656 3031 706 3077 sin·
748 3032 895 3097 supplicium
907 3049 939 3080 ne
950 3033 1074 3095 cogitent,
1087 3029 1201 3090 videant,
1216 3044 1258 3075 su·

197 3101 311 3166 gulosum
322 3119 440 3151 sunosnns
449 3105 526 3154 literis
536 3107 668 3156 mandates.
677 3111 706 3156 ln
750 3110 825 3158 diunt.
1150 3101 1152 3106 ¹

197 3179 246 3228 illis
258 3182 358 3229 maximi
378 3196 482 3246 quaeque
505 3189 621 3234 momenti
643 3188 706 3236 lscts
790 3203 828 3238 rr.
848 3187 968 3238 audisio.
984 3187 1048 3236 Illud
1061 3185 1113 3235 lieri
1127 3201 1254 3252 possem

197 3258 365 3308 consuibebst
378 3275 485 3310 summus
495 3264 708 3326 pontiien.-Iie·
750 3268 892 3316 conditione
909 3267 1012 3331 quisque
1024 3267 1105 3324 vivat,
1119 3267 1185 3314 utin
1201 3283 1256 3313 eum

195 3353 257 3404 gum
277 3339 453 3389 commentarii.
475 3341 574 3390 Tabulae
595 3355 664 3392 erent
681 3345 706 3392 in
751 3347 836 3395 csdere
847 3345 908 3394 illud
917 3345 1064 3410 supplicium
1076 3345 1160 3410 possit.
1172 3347 1257 3394 Musc-

200 3417 288 3482 qnibus
300 3429 353 3468 sets
368 3435 449 3483 regunt
461 3422 594 3486 perscripta
603 3423 629 3470 in
638 3423 707 3472 tebu-
749 3435 788 3472 tue
798 3425 846 3489 legi
865 3423 1126 3483 voluit-condictio»,
1142 3424 1210 3488 quod
1220 3425 1258 3472 lo·

198 3497 259 3544 lario
272 3498 372 3562 publico
380 3499 569 3549 sumebantur.
577 3500 617 3549 Illi
627 3513 707 3550 sutem
750 3519 805 3552 enm
816 3520 869 3552 nou
881 3505 964 3555 babet.

198 3575 270 3638 prisni
283 3577 457 3639 perduellionis
472 3579 632 3641 iudiciumne
647 3597 706 3646 sup·
789 3599 829 3630 sn.
843 3583 965 3633 Vindicta.
984 3584 1038 3632 Una
1060 3583 1257 3632 manumissione.

198 3651 298 3716 plinium
312 3656 475 3706 instituebant.
750 3663 832 3724 Quum
850 3662 969 3712 liberandi
995 3662 1027 3711 sd
1044 3675 1171 3726 pretorem
1195 3663 1258 3708 servi

237 3747 260 3791 p.
276 3733 346 3779 Hune
362 3735 532 3786 conditionem.
549 3739 584 3787 Ut
601 3755 706 3805 corpore
749 3739 934 3801 adducerentur,
944 3740 1156 3804 betorelnscspiti
1167 3741 1257 3804 virgam

200 3807 308 3858 carnifici
321 3810 430 3880 obnoxie
448 3813 565 3867 habentis.
749 3835 791 3867 sen
802 3821 935 3870 vindictum
944 3818 1099 3884 imponebat,
1110 3819 1148 3866 his
1157 3819 1254 3871 verbis:

236 3889 260 3938 8.
274 3889 338 3937 Male
347 3891 441 3940 Ernest.
464 3894 703 3946 manutenent.
749 3897 1257 3948 «limchominemltbemmumtoest-

236 3967 450 4032 9.Al.obuaptsir,
463 3971 529 4034 quod
542 3975 641 4022 Mureto
655 3975 706 4040 pls·
750 3974 1258 4041 mudomtuushscdiseunt-sbtroquo
1353 4009 1357 4015 -

200 4047 266 4105 suit,
278 4049 335 4094 Vsr.
344 4049 489 4109 teonvltl,
502 4066 528 4112 9.
538 4052 563 4098 J.
572 4053 603 4099 V.
615 4053 641 4098 Ι..
750 4054 831 4113 soles,
839 4053 899 4102 nibil
914 4064 938 4101 te
949 4067 1032 4102 moror·
1040 4075 1061 4103 ι.

240 4140 278 4176 ιο.
288 4129 311 4174 A
322 4143 430 4192 corpere.
440 4129 497 4179 lion
507 4129 583 4178 modo
593 4145 643 4178 non
654 4147 707 4179 sus-
791 4134 830 4181 13.
846 4131 907 4182 Edd.
926 4148 966 4197 pr.
982 4133 1101 4194 liberavit,
1115 4135 1257 4183 confusione
