3020 4668
257 349 328 436 348
644 345 931 418 PRAEFATIO.

253 470 332 532 baud
346 468 435 530 dubie
448 479 619 548 assequutus
638 483 696 543 est,
715 467 842 529 averbis
856 466 1014 529 aberravit.
1032 469 1147 532 Etenim
1167 469 1198 529 in
1220 469 1327 530 stolida

251 569 315 642 illa,
328 565 378 628 sed
394 579 489 625 tamen
506 566 604 625 multis
623 567 693 625 locis
711 587 748 626 ex
767 567 878 626 laciniis
900 566 1098 627 Ciceronianis
1120 579 1243 626 consuta
1263 587 1328 626 ora·

247 667 349 737 tione,
368 677 541 743 «antequam
557 667 614 724 iret
628 664 658 722 in
673 665 843 737 exsilium»,
864 683 953 742 quam
974 663 1130 743 repudiare
1145 663 1324 743 prudentum

249 763 321 835 fuit,
336 775 367 820 at
380 760 477 840 legere
492 779 556 819 eam
568 759 724 834 deberent,
739 761 820 839 quod
834 760 924 821 hodie
938 762 987 820 rix
997 761 1151 840 quisquam
1169 761 1251 837 lacit,
1262 760 1324 820 baec

248 871 375 920 exstant:
388 859 440 918 «Si
455 861 486 917 C.
504 857 598 916 ltlario
616 858 725 917 auxilio
744 857 839 917 fuistis
854 857 934 936 quod
950 858 981 916 in
997 858 1073 918 clivo
1092 857 1258 936 Capitolino
1279 858 1323 917 le-

249 969 330 1015 cerat
341 954 450 1014 cedem
462 955 570 1012 civium
581 952 813 1032 improborum...
830 967 863 1013 ut
876 973 952 1033 saepe
965 955 1124 1018 multorum
1140 955 1169 1012 in
1185 953 1322 1032 periculis

248 1053 369 1124 fecistis,
387 1052 429 1110 sic
440 1071 518 1110 nunc
532 1051 562 1108 in
574 1053 645 1109 meis
657 1049 779 1109 miseriis
795 1049 927 1109 divinum
940 1050 1061 1129 aliquod
1073 1051 1215 1110 auxilium
1226 1064 1322 1109 osten-

248 1152 309 1211 dite
318 1173 346 1208 »τ
361 1148 439 1208 uude
450 1148 568 1207 minime
585 1147 707 1207 dubium
721 1161 765 1207 est
778 1148 910 1208 ultimum
925 1148 1048 1208 incisum
1066 1148 1108 1207 ita
1118 1148 1319 1227 redintegran-

248 1249 319 1310 dum
337 1267 414 1307 esse:
430 1245 573 1325 «quodiu
587 1246 664 1305 cliro
678 1246 845 1328 Capitolino
863 1246 1068 1326 improborum
1089 1246 1198 1308 civium
1217 1268 1319 1306 eman

246 1365 380 1405 arcam
391 1370 413 1402 ι.

284 1442 343 1516 Qui
356 1440 394 1500 ad
410 1441 485 1500 hanc
499 1439 674 1510 orationem,
686 1439 917 1518 Suetoniumque
930 1452 960 1499 et
972 1441 1098 1500 Dionem
1115 1440 1262 1513 Cassium,
1282 1439 1318 1499 de

240 1540 344 1621 judicii
363 1559 467 1620 genere
481 1537 634 1611 dixerunt,
651 1538 682 1595 in
696 1557 756 1615 quo
769 1535 906 1598 Rabirius
920 1559 938 1596 n
953 1539 1095 1601 Cicerone
1107 1537 1244 1599 defensus
1257 1551 1318 1611 est,

243 1658 361 1710 omnes,
378 1637 475 1696 Dione
492 1649 611 1696 auctore
625 1635 799 1716 (XXXVII,
812 1655 876 1716 cap.
888 1656 938 1710 a7,
954 1637 1010 1709 28,
1021 1656 1051 1715 p.
1070 1655 1141 1714 129,
1157 1635 1203 1696 ed.
1213 1635 1318 1716 Reim.)

243 1747 389 1806 statuunt,
405 1733 572 1792 damnatum
585 1732 793 1812 perduellionis
803 1730 916 1810 judicio
926 1753 943 1792 a
954 1732 1115 1792 duumviris
1124 1738 1156 1794 C.
1166 1732 1317 1793 Rabirium

242 1831 280 1892 ad
293 1830 436 1910 populum
448 1849 638 1909 provocasse,
655 1827 738 1906 cujus
751 1829 875 1889 comitiis
891 1850 946 1909 per
960 1829 1146 1908 prudentiam
1160 1835 1195 1904 Q.
1206 1829 1317 1890 Metelli

191 1924 193 1934 '
241 1926 409 2007 diremptis,
442 1931 478 1986 T.
501 1924 679 1998 Labienum,
707 1927 758 2004 qui
785 1926 842 1986 alio
862 1925 974 2004 judicio
1000 1947 1135 1986 accusare
1155 1927 1315 2006 potuisset,

242 2023 384 2083 ardonem
399 2021 546 2100 abjecisse.
566 2025 669 2100 ltaque
687 2021 724 2081 ad
739 2023 883 2100 populum
897 2025 1108 2102 provocatione
1126 2035 1285 2082 certantem
1298 2041 1316 2082 a

243 2121 384 2181 Cicerone
397 2121 547 2180 defensum
561 2139 623 2178 esse
638 2131 808 2178 autumant:
828 2133 859 2179 et
873 2120 1018 2198 prolecto,
1035 2121 1060 2178 si
1072 2119 1176 2180 Dionis
1190 2119 1316 2178 tesdmo-

242 2220 293 2278 nio
303 2216 437 2278 standum
449 2231 510 2288 est,
527 2218 613 2276 aliter
632 2237 726 2277 seres
744 2216 853 2277 habere
869 2217 980 2296 nequit.
999 2223 1096 2296 Atque
1114 2237 1169 2296 ego
1192 2229 1270 2276 certe
1290 2217 1315 2276 is

242 2317 360 2376 minime
373 2336 436 2374 sum
451 2309 511 2394 qui'
519 2314 555 2374 de
573 2314 660 2392 hujus
677 2314 845 2394 scriptoris,
864 2312 1018 2393 prudentis
1037 2327 1067 2374 et
1082 2314 1229 2392 diligentis
1243 2315 1314 2386 viri,

240 2414 298 2473 lide
312 2413 465 2472 detrahere
485 2415 609 2487 soleam3
621 2413 673 2472 sed
690 2412 745 2471 bac
762 2411 881 2491 quidem
898 2413 929 2470 in
945 2432 977 2470 re
995 2431 1062 2470 etim
1078 2431 1206 2484 errasse,
1227 2424 1314 2490 atque

241 2522 293 2569 aut
306 2529 463 2589 numquam
482 2509 692 2589 perduellionis
709 2507 852 2588 judicium
870 2509 899 2567 in
919 2505 1072 2567 Rabirium
1092 2528 1109 2567 a
1127 2508 1240 2588 populo
1258 2507 1313 2566 ha-

242 2607 337 2668 bitum
351 2627 429 2680 esse,
442 2621 510 2681 aut,
522 2607 664 2687 siquidem
676 2607 752 2666 illius
767 2607 930 2686 periculum
944 2605 1050 2666 callido
1068 2606 1190 2665 consilio
1205 2607 1313 2687 depul-

241 2725 306 2764 sum
320 2705 421 2777 luerit,
438 2704 600 2765 Labienum
622 2705 716 2764 eidem
734 2724 786 2762 reo
807 2705 927 2763 multam
950 2703 1106 2783 irrogasse,
1123 2723 1157 2763 ex
1173 2703 1228 2761 hac
1250 2704 1313 2782 ipsa

241 2802 374 2861 oratione
387 2802 540 2880 perspicue
554 2801 735 2879 intelligitur.
748 2800 864 2860 Scilicet
880 2799 1029 2860 Ciceronis
1044 2799 1192 2872 defensio,
1206 2812 1238 2858 ut
1250 2801 1312 2878 ipse

239 2899 354 2959 disertis
365 2899 462 2958 verbis
476 2897 561 2958 docet
575 2903 651 2976 (cap.
664 2900 713 2970 3),
736 2896 773 2956 ad
787 2896 908 2956 «multae
927 2897 1152 2975 irrogationem·
1169 2897 1311 2974 pertinet,

239 2996 287 3054 cui
301 2997 423 3075 propria
433 3009 516 3054 erant
527 3008 570 3053 tot
580 2995 636 3053 alia
650 2994 771 3052 erimina
784 2993 821 3052 ab
834 3007 1002 3053 accusatore
1017 2993 1046 3050 in
1063 3012 1144 3052 reum
1157 2993 1277 3066 collata,
1293 3015 1311 3052 a

237 3092 438 3172 perduellione
449 3092 573 3152 maxime
585 3091 678 3150 aliena
691 3112 698 3146 ε
710 3102 739 3150 et
751 3103 862 3150 tantum
871 3088 964 3163 abest,
976 3103 1008 3147 ut
1017 3089 1054 3148 de
1065 3090 1123 3149 hoc
1132 3088 1245 3167 judicio
1259 3109 1312 3148 co-

238 3189 323 3268 gitari
335 3189 441 3266 possit,
464 3202 498 3246 ut
509 3188 611 3247 Cicero
625 3186 787 3247 Labienum
802 3201 971 3265 querentem
989 3186 1108 3245 inducat
1118 3185 1202 3259 (ibid.
1224 3207 1250 3245 c.
1268 3185 1309 3265 ι),

236 3284 335 3344 «istud
354 3305 371 3343 a
386 3281 550 3344 consulein
564 3303 651 3344 eausa
662 3283 775 3342 Rabirii
792 3283 938 3343 sublatum
954 3303 1053 3356 esse»,
1075 3284 1137 3362 ipsc
1157 3284 1309 3361 glorietur,

237 3403 286 3441 ase
304 3381 467 3440 carnificem
483 3381 520 3441 de
535 3383 616 3454 foro,
632 3401 748 3440 crucem
767 3381 804 3440 de
825 3401 930 3458 campo
951 3381 1136 3440 sustulisse».
1157 3385 1260 3458 Neque
1278 3381 1309 3438 in

237 3480 318 3538 omui
331 3479 514 3550 defensione,
527 3497 560 3536 ac
571 3477 719 3556 praecipue
732 3477 850 3557 quidem
867 3479 897 3536 in
915 3478 1111 3556 perorationis
1125 3491 1207 3556 parte
1221 3497 1309 3555 quam

233 3563 440 3637 l'atieanenses
455 3575 570 3634 schedae
590 3588 756 3646 servarunt,
780 3575 817 3634 de
832 3595 947 3634 carcere
965 3589 995 3632 et
1014 3573 1050 3632 tle
1073 3595 1174 3646 cruce,
1195 3574 1246 3633 sed
1272 3575 1308 3634 de

236 3675 338 3748 exsilio
350 3674 408 3746 rei,
420 3673 445 3733 si
458 3672 679 3740 condemnetur,
693 3672 809 3751 cogitat.
829 3678 927 3746 Quare
939 3691 1110 3750 persuasum
1122 3671 1229 3743 babeo,
1239 3672 1307 3730 licet

236 3771 413 3835 contrarium
430 3767 525 3828 tradat
538 3769 612 3839 Dio,
628 3770 728 3829 secisse
743 3769 903 3830 Labienum
917 3768 995 3828 idem
1010 3769 1090 3848 quod
1103 3768 1140 3828 ab
1155 3782 1306 3827 accrrsato-

237 3867 319 3926 ribus
334 3869 365 3923 Ρ.
377 3865 485 3938 Clodii,
506 3865 557 3943 qui
568 3867 687 3924 classem
704 3867 807 3944 populi
822 3865 935 3924 romani
952 3864 990 3924 ad
1006 3855 1147 3944 Drepana
1157 3865 1306 3934 amberat,

239 3965 347 4024 lactum
361 3981 440 4036 esse,
455 3963 598 4041 interpres
612 3965 761 4024 Ciceronis
778 3963 814 4022 ad
830 3963 992 4021 orationem
1011 3963 1040 4020 in
1054 3963 1187 4023 Clodium
1206 3975 1236 4022 et
1250 3966 1306 4021 Cu·

237 4062 348 4122 rionem
365 4061 452 4120 docet
466 4062 514 4142 (V,
530 4061 578 4140 al:
593 4062 702 4122 indicio
717 4061 801 4123 valde
815 4061 1008 4132 memorabili,
1023 4074 1053 4121 et
1066 4061 1146 4141 quod
1161 4081 1223 4122 rem
1233 4061 1304 4124 clari
