<?xml version="1.0" encoding="UTF-8"?>
<!DOCTYPE html PUBLIC "-//W3C//DTD XHTML 1.0 Transitional//EN"
    "http://www.w3.org/TR/xhtml1/DTD/xhtml1-transitional.dtd">
<html xmlns="http://www.w3.org/1999/xhtml" xml:lang="en" lang="en">
 <head>
  <title>
</title>
<meta http-equiv="Content-Type" content="text/html;charset=utf-8" />
  <meta name='ocr-system' content='tesseract 3.04.00' />
  <meta name='ocr-capabilities' content='ocr_page ocr_carea ocr_par ocr_line ocrx_word'/>
</head>
<body>
  <div class='ocr_page' id='page_1' title='image "./mtciceronisquae00lemagoog_0102.png"; bbox 0 0 2956 4676; ppageno 0'>
   <div class='ocr_carea' id='block_1_1' title="bbox 349 364 1236 470">
    <p class='ocr_par' dir='ltr' id='par_1_1' title="bbox 349 364 1236 470">
     <span class='ocr_line' id='line_1_1' title="bbox 349 364 1236 470; baseline 0.014 -36"><span class='ocrx_word' id='word_1_1' title='bbox 349 365 545 435; x_wconf 74' lang='lat' dir='ltr'><strong>orario</strong></span> <span class='ocrx_word' id='word_1_2' title='bbox 568 366 672 434; x_wconf 77' lang='lat' dir='ltr'><strong>reo</strong></span> <span class='ocrx_word' id='word_1_3' title='bbox 696 364 739 433; x_wconf 77' lang='lat' dir='ltr'><strong>a.</strong></span> <span class='ocrx_word' id='word_1_4' title='bbox 767 367 1060 442; x_wconf 69' lang='lat' dir='ltr'><strong>conantio.</strong></span> <span class='ocrx_word' id='word_1_5' title='bbox 1187 373 1236 470; x_wconf 77' lang='lat'><strong>93</strong></span> 
     </span>
    </p>
   </div>
   <div class='ocr_carea' id='block_1_2' title="bbox 167 487 1247 2352">
    <p class='ocr_par' dir='ltr' id='par_1_2' title="bbox 167 487 1240 1029">
     <span class='ocr_line' id='line_1_2' title="bbox 168 487 1237 586; baseline 0.008 -29"><span class='ocrx_word' id='word_1_6' title='bbox 168 503 463 585; x_wconf 79' lang='lat' dir='ltr'><strong>cognosceretur.</strong></span> <span class='ocrx_word' id='word_1_7' title='bbox 478 490 533 558; x_wconf 86' lang='lat' dir='ltr'><strong>Ne</strong></span> <span class='ocrx_word' id='word_1_8' title='bbox 543 488 667 559; x_wconf 87' lang='lat' dir='ltr'><strong>multis</strong></span> <span class='ocrx_word' id='word_1_9' title='bbox 679 514 688 558; x_wconf 76' lang='grc' dir='ltr'><em>τ</em></span> <span class='ocrx_word' id='word_1_10' title='bbox 699 487 881 586; x_wconf 80' lang='lat' dir='ltr'>Diogenes</span> <span class='ocrx_word' id='word_1_11' title='bbox 892 493 1042 581; x_wconf 82' lang='lat' dir='ltr'><strong>emitur3</strong></span> <span class='ocrx_word' id='word_1_12' title='bbox 1053 516 1237 567; x_wconf 84' lang='lat' dir='ltr'><strong>venenum</strong></span> 
     </span>
     <span class='ocr_line' id='line_1_3' title="bbox 167 597 1238 699; baseline -0.008 -27"><span class='ocrx_word' id='word_1_13' title='bbox 167 597 297 672; x_wconf 90' lang='lat' dir='ltr'><strong>diebus</strong></span> <span class='ocrx_word' id='word_1_14' title='bbox 314 600 440 696; x_wconf 85' lang='lat' dir='ltr'><strong>paucis</strong></span> <span class='ocrx_word' id='word_1_15' title='bbox 453 598 580 696; x_wconf 90' lang='lat' dir='ltr'><strong>(multi</strong></span> <span class='ocrx_word' id='word_1_16' title='bbox 591 599 659 669; x_wconf 84' lang='lat' dir='ltr'><strong>viri</strong></span> <span class='ocrx_word' id='word_1_17' title='bbox 670 597 802 670; x_wconf 85' lang='lat' dir='ltr'><strong>boni¹⁰</strong></span> <span class='ocrx_word' id='word_1_18' title='bbox 823 625 938 699; x_wconf 92' lang='lat' dir='ltr'><strong>quum</strong></span> <span class='ocrx_word' id='word_1_19' title='bbox 959 627 1004 676; x_wconf 85' lang='lat' dir='ltr'><strong>ex</strong></span> <span class='ocrx_word' id='word_1_20' title='bbox 1024 604 1168 677; x_wconf 89' lang='lat' dir='ltr'><strong>occuito</strong></span> <span class='ocrx_word' id='word_1_21' title='bbox 1183 609 1238 680; x_wconf 91' lang='lat' dir='ltr'><strong>in.</strong></span> 
     </span>
     <span class='ocr_line' id='line_1_4' title="bbox 168 709 1239 811; baseline 0.007 -29"><span class='ocrx_word' id='word_1_22' title='bbox 168 710 445 802; x_wconf 78' lang='lat' dir='ltr'><strong>terrenissent)‚</strong></span> <span class='ocrx_word' id='word_1_23' title='bbox 461 713 690 807; x_wconf 82' lang='lat' dir='ltr'><strong>pecuniaque</strong></span> <span class='ocrx_word' id='word_1_24' title='bbox 703 709 907 807; x_wconf 83' lang='lat' dir='ltr'><strong>obsignata,</strong></span> <span class='ocrx_word' id='word_1_25' title='bbox 919 737 1000 811; x_wconf 85' lang='lat' dir='ltr'><strong>quaa</strong></span> <span class='ocrx_word' id='word_1_26' title='bbox 1015 713 1060 786; x_wconf 90' lang='lat' dir='ltr'><strong>ad</strong></span> <span class='ocrx_word' id='word_1_27' title='bbox 1075 739 1152 787; x_wconf 87' lang='lat' dir='ltr'><strong>eam</strong></span> <span class='ocrx_word' id='word_1_28' title='bbox 1161 743 1239 790; x_wconf 92' lang='lat' dir='ltr'><strong>rem</strong></span> 
     </span>
     <span class='ocr_line' id='line_1_5' title="bbox 168 817 1240 917; baseline 0.01 -27"><span class='ocrx_word' id='word_1_29' title='bbox 168 819 334 906; x_wconf 83' lang='lat' dir='ltr'><strong>dabatur,</strong></span> <span class='ocrx_word' id='word_1_30' title='bbox 351 819 391 890; x_wconf 91' lang='lat' dir='ltr'><strong>in</strong></span> <span class='ocrx_word' id='word_1_31' title='bbox 410 817 579 892; x_wconf 89' lang='lat' dir='ltr'><strong>manibus</strong></span> <span class='ocrx_word' id='word_1_32' title='bbox 596 819 825 909; x_wconf 83' lang='lat' dir='ltr'><strong>Scamandri,</strong></span> <span class='ocrx_word' id='word_1_33' title='bbox 840 820 962 894; x_wconf 90' lang='lat' dir='ltr'><strong>liberti</strong></span> <span class='ocrx_word' id='word_1_34' title='bbox 975 825 1240 917; x_wconf 83' lang='lat' dir='ltr'><strong>Fabriciorum,</strong></span> 
     </span>
     <span class='ocr_line' id='line_1_6' title="bbox 169 929 468 1029; baseline -0.003 -27"><span class='ocrx_word' id='word_1_35' title='bbox 169 929 468 1029; x_wconf 82' lang='lat' dir='ltr'><strong>deprehenditur.</strong></span> 
     </span>
    </p>

    <p class='ocr_par' dir='ltr' id='par_1_3' title="bbox 167 1039 1245 2021">
     <span class='ocr_line' id='line_1_7' title="bbox 220 1039 1242 1146; baseline 0.01 -36"><span class='ocrx_word' id='word_1_36' title='bbox 220 1045 331 1113; x_wconf 84' lang='lat' dir='ltr'><strong>XVII.</strong></span> <span class='ocrx_word' id='word_1_37' title='bbox 354 1045 423 1112; x_wconf 93' lang='lat' dir='ltr'><strong>Pro</strong></span> <span class='ocrx_word' id='word_1_38' title='bbox 446 1039 496 1112; x_wconf 93' lang='lat' dir='ltr'><strong>dii</strong></span> <span class='ocrx_word' id='word_1_39' title='bbox 517 1039 752 1113; x_wconf 83' lang='lat' dir='ltr'><strong>immortales!</strong></span> <span class='ocrx_word' id='word_1_40' title='bbox 770 1045 1010 1141; x_wconf 86' lang='lat' dir='ltr'><strong>Oppianicum</strong></span> <span class='ocrx_word' id='word_1_41' title='bbox 1028 1049 1242 1146; x_wconf 88' lang='lat' dir='ltr'><strong>quisquam,</strong></span> 
     </span>
     <span class='ocr_line' id='line_1_8' title="bbox 170 1149 1242 1248; baseline 0.007 -26"><span class='ocrx_word' id='word_1_42' title='bbox 170 1149 229 1222; x_wconf 88' lang='lat' dir='ltr'><strong>his</strong></span> <span class='ocrx_word' id='word_1_43' title='bbox 249 1149 360 1224; x_wconf 85' lang='lat' dir='ltr'><strong>rebus</strong></span> <span class='ocrx_word' id='word_1_44' title='bbox 389 1153 562 1248; x_wconf 84' lang='lat' dir='ltr'><strong>cognitis,</strong></span> <span class='ocrx_word' id='word_1_45' title='bbox 588 1153 876 1224; x_wconf 86' lang='lat' dir='ltr'><strong>circumventum</strong></span> <span class='ocrx_word' id='word_1_46' title='bbox 903 1179 980 1226; x_wconf 88' lang='lat' dir='ltr'><strong>esse</strong></span> <span class='ocrx_word' id='word_1_47' title='bbox 1008 1155 1125 1228; x_wconf 79' lang='lat' dir='ltr'><strong>dicet?</strong></span> <span class='ocrx_word' id='word_1_48' title='bbox 1152 1161 1242 1248; x_wconf 84' lang='lat' dir='ltr'><strong>Quis</strong></span> 
     </span>
     <span class='ocr_line' id='line_1_9' title="bbox 168 1260 1239 1364; baseline 0.007 -32"><span class='ocrx_word' id='word_1_49' title='bbox 168 1285 345 1359; x_wconf 89' lang='lat' dir='ltr'><strong>umquam</strong></span> <span class='ocrx_word' id='word_1_50' title='bbox 362 1260 550 1334; x_wconf 89' lang='lat' dir='ltr'><strong>audacior¹</strong></span> <span class='ocrx_word' id='word_1_51' title='bbox 565 1261 579 1330; x_wconf 71' lang='lat' dir='ltr'><strong>i</strong></span> <span class='ocrx_word' id='word_1_52' title='bbox 597 1264 678 1359; x_wconf 86' lang='lat' dir='ltr'><strong>quis</strong></span> <span class='ocrx_word' id='word_1_53' title='bbox 702 1263 913 1335; x_wconf 81' lang='lat' dir='ltr'><strong>nocentior?</strong></span> <span class='ocrx_word' id='word_1_54' title='bbox 931 1267 1014 1362; x_wconf 87' lang='lat' dir='ltr'><strong>quis</strong></span> <span class='ocrx_word' id='word_1_55' title='bbox 1027 1271 1188 1364; x_wconf 90' lang='lat' dir='ltr'><strong>apertior</strong></span> <span class='ocrx_word' id='word_1_56' title='bbox 1200 1270 1239 1340; x_wconf 91' lang='lat' dir='ltr'><strong>in</strong></span> 
     </span>
     <span class='ocr_line' id='line_1_10' title="bbox 167 1370 1242 1472; baseline 0.007 -30"><span class='ocrx_word' id='word_1_57' title='bbox 167 1370 350 1466; x_wconf 86' lang='lat' dir='ltr'><strong>judicium</strong></span> <span class='ocrx_word' id='word_1_58' title='bbox 370 1370 547 1444; x_wconf 85' lang='lat' dir='ltr'><strong>adductus</strong></span> <span class='ocrx_word' id='word_1_59' title='bbox 565 1371 641 1442; x_wconf 82' lang='lat' dir='ltr'><strong>est?</strong></span> <span class='ocrx_word' id='word_1_60' title='bbox 659 1371 768 1464; x_wconf 90' lang='lat' dir='ltr'><strong>Quod</strong></span> <span class='ocrx_word' id='word_1_61' title='bbox 782 1373 983 1470; x_wconf 85' lang='lat' dir='ltr'><strong>ingenium,</strong></span> <span class='ocrx_word' id='word_1_62' title='bbox 998 1399 1079 1472; x_wconf 82' lang='lat' dir='ltr'><strong>quae</strong></span> <span class='ocrx_word' id='word_1_63' title='bbox 1093 1374 1242 1450; x_wconf 79' lang='lat' dir='ltr'><strong>facultas</strong></span> 
     </span>
     <span class='ocr_line' id='line_1_11' title="bbox 172 1481 1244 1580; baseline 0.004 -27"><span class='ocrx_word' id='word_1_64' title='bbox 172 1481 336 1572; x_wconf 89' lang='lat' dir='ltr'><strong>dicendi,</strong></span> <span class='ocrx_word' id='word_1_65' title='bbox 362 1507 443 1580; x_wconf 81' lang='lat' dir='ltr'><strong>quae</strong></span> <span class='ocrx_word' id='word_1_66' title='bbox 469 1506 490 1552; x_wconf 90' lang='lat' dir='ltr'><strong>a</strong></span> <span class='ocrx_word' id='word_1_67' title='bbox 513 1506 700 1580; x_wconf 91' lang='lat' dir='ltr'><strong>quoquam</strong></span> <span class='ocrx_word' id='word_1_68' title='bbox 730 1486 929 1580; x_wconf 82' lang='lat' dir='ltr'><strong>excogitata</strong></span> <span class='ocrx_word' id='word_1_69' title='bbox 950 1481 1134 1576; x_wconf 82' lang='lat' dir='ltr'><strong>defensio,</strong></span> <span class='ocrx_word' id='word_1_70' title='bbox 1156 1485 1244 1558; x_wconf 86' lang='lat' dir='ltr'><strong>huic</strong></span> 
     </span>
     <span class='ocr_line' id='line_1_12' title="bbox 173 1591 1244 1692; baseline 0.007 -31"><span class='ocrx_word' id='word_1_71' title='bbox 173 1592 240 1662; x_wconf 87' lang='lat' dir='ltr'><strong>uni</strong></span> <span class='ocrx_word' id='word_1_72' title='bbox 256 1593 422 1662; x_wconf 84' lang='lat' dir='ltr'><strong>crimini²</strong></span> <span class='ocrx_word' id='word_1_73' title='bbox 442 1592 562 1689; x_wconf 89' lang='lat' dir='ltr'><strong>potuit</strong></span> <span class='ocrx_word' id='word_1_74' title='bbox 580 1591 778 1662; x_wconf 86' lang='lat' dir='ltr'><strong>obsistere?</strong></span> <span class='ocrx_word' id='word_1_75' title='bbox 795 1593 909 1664; x_wconf 92' lang='lat' dir='ltr'><strong>Simul</strong></span> <span class='ocrx_word' id='word_1_76' title='bbox 929 1607 966 1665; x_wconf 91' lang='lat' dir='ltr'><strong>et</strong></span> <span class='ocrx_word' id='word_1_77' title='bbox 980 1594 1071 1666; x_wconf 89' lang='lat' dir='ltr'><strong>iliud</strong></span> <span class='ocrx_word' id='word_1_78' title='bbox 1091 1599 1172 1692; x_wconf 89' lang='lat' dir='ltr'><strong>quis</strong></span> <span class='ocrx_word' id='word_1_79' title='bbox 1190 1612 1244 1669; x_wconf 89' lang='lat' dir='ltr'><strong>est</strong></span> 
     </span>
     <span class='ocr_line' id='line_1_13' title="bbox 173 1701 1245 1804; baseline 0.007 -32"><span class='ocrx_word' id='word_1_80' title='bbox 173 1702 240 1798; x_wconf 91' lang='lat' dir='ltr'><strong>qui</strong></span> <span class='ocrx_word' id='word_1_81' title='bbox 253 1701 412 1790; x_wconf 88' lang='lat' dir='ltr'><strong>dubitet,</strong></span> <span class='ocrx_word' id='word_1_82' title='bbox 431 1705 520 1799; x_wconf 91' lang='lat' dir='ltr'><strong>quin</strong></span> <span class='ocrx_word' id='word_1_83' title='bbox 532 1757 542 1790; x_wconf 97' lang='lat'><strong>,</strong></span> <span class='ocrx_word' id='word_1_84' title='bbox 555 1701 623 1774; x_wconf 89' lang='lat' dir='ltr'><strong>hac</strong></span> <span class='ocrx_word' id='word_1_85' title='bbox 642 1726 682 1774; x_wconf 90' lang='lat' dir='ltr'><strong>re</strong></span> <span class='ocrx_word' id='word_1_86' title='bbox 703 1717 889 1800; x_wconf 85' lang='lat' dir='ltr'><strong>comperta</strong></span> <span class='ocrx_word' id='word_1_87' title='bbox 903 1703 1167 1804; x_wconf 87' lang='lat' dir='ltr'><strong>manifestoque</strong></span> <span class='ocrx_word' id='word_1_88' title='bbox 1181 1706 1245 1780; x_wconf 89' lang='lat' dir='ltr'><strong>de·</strong></span> 
     </span>
     <span class='ocr_line' id='line_1_14' title="bbox 174 1809 1241 1910; baseline 0.007 -29"><span class='ocrx_word' id='word_1_89' title='bbox 174 1812 372 1910; x_wconf 86' lang='lat' dir='ltr'><strong>prehensa,</strong></span> <span class='ocrx_word' id='word_1_90' title='bbox 394 1826 459 1883; x_wconf 90' lang='lat' dir='ltr'><strong>aut</strong></span> <span class='ocrx_word' id='word_1_91' title='bbox 484 1811 655 1884; x_wconf 89' lang='lat' dir='ltr'><strong>obeunda</strong></span> <span class='ocrx_word' id='word_1_92' title='bbox 677 1809 799 1884; x_wconf 79' lang='lat' dir='ltr'><strong>mors³</strong></span> <span class='ocrx_word' id='word_1_93' title='bbox 826 1813 1016 1906; x_wconf 87' lang='lat' dir='ltr'><strong>Cluentio,</strong></span> <span class='ocrx_word' id='word_1_94' title='bbox 1045 1832 1108 1887; x_wconf 89' lang='lat' dir='ltr'><strong>aut</strong></span> <span class='ocrx_word' id='word_1_95' title='bbox 1130 1819 1241 1890; x_wconf 88' lang='lat' dir='ltr'><strong>susci-</strong></span> 
     </span>
     <span class='ocr_line' id='line_1_15' title="bbox 175 1921 667 2021; baseline -0.004 -27"><span class='ocrx_word' id='word_1_96' title='bbox 175 1923 309 2021; x_wconf 91' lang='lat' dir='ltr'><strong>pienda</strong></span> <span class='ocrx_word' id='word_1_97' title='bbox 332 1926 511 1995; x_wconf 86' lang='lat' dir='ltr'><strong>accusatio</strong></span> <span class='ocrx_word' id='word_1_98' title='bbox 533 1921 667 1994; x_wconf 79' lang='lat' dir='ltr'><strong>fuerit?</strong></span> 
     </span>
    </p>

    <p class='ocr_par' dir='ltr' id='par_1_4' title="bbox 175 2031 1247 2352">
     <span class='ocr_line' id='line_1_16' title="bbox 225 2031 1245 2128; baseline 0.003 -22"><span class='ocrx_word' id='word_1_99' title='bbox 225 2035 317 2106; x_wconf 89' lang='lat' dir='ltr'><strong>Satis</strong></span> <span class='ocrx_word' id='word_1_100' title='bbox 342 2058 420 2106; x_wconf 88' lang='lat' dir='ltr'><strong>esse</strong></span> <span class='ocrx_word' id='word_1_101' title='bbox 443 2032 601 2104; x_wconf 85' lang='lat' dir='ltr'><strong>arbitror</strong></span> <span class='ocrx_word' id='word_1_102' title='bbox 621 2031 928 2117; x_wconf 88' lang='lat' dir='ltr'><strong>demonstratum,</strong></span> <span class='ocrx_word' id='word_1_103' title='bbox 942 2033 1099 2128; x_wconf 87' lang='lat' dir='ltr'><strong>judices,</strong></span> <span class='ocrx_word' id='word_1_104' title='bbox 1117 2037 1161 2108; x_wconf 91' lang='lat' dir='ltr'><strong>iis</strong></span> <span class='ocrx_word' id='word_1_105' title='bbox 1178 2043 1245 2109; x_wconf 89' lang='lat' dir='ltr'><strong>cri-</strong></span> 
     </span>
     <span class='ocr_line' id='line_1_17' title="bbox 175 2143 1247 2242; baseline 0.002 -26"><span class='ocrx_word' id='word_1_106' title='bbox 175 2143 339 2216; x_wconf 89' lang='lat' dir='ltr'><strong>minibus</strong></span> <span class='ocrx_word' id='word_1_107' title='bbox 358 2157 567 2216; x_wconf 81' lang='lat' dir='ltr'><strong>accusatum</strong></span> <span class='ocrx_word' id='word_1_108' title='bbox 589 2167 666 2214; x_wconf 90' lang='lat' dir='ltr'><strong>esse</strong></span> <span class='ocrx_word' id='word_1_109' title='bbox 684 2145 926 2242; x_wconf 89' lang='lat' dir='ltr'><strong>Oppianicum</strong></span> <span class='ocrx_word' id='word_1_110' title='bbox 938 2197 948 2231; x_wconf 98' lang='lat'><strong>,</strong></span> <span class='ocrx_word' id='word_1_111' title='bbox 961 2158 1004 2215; x_wconf 90' lang='lat' dir='ltr'><strong>ut</strong></span> <span class='ocrx_word' id='word_1_112' title='bbox 1018 2143 1170 2218; x_wconf 90' lang='lat' dir='ltr'><strong>honeste</strong></span> <span class='ocrx_word' id='word_1_113' title='bbox 1185 2147 1247 2218; x_wconf 89' lang='lat' dir='ltr'><strong>ab·</strong></span> 
     </span>
     <span class='ocr_line' id='line_1_18' title="bbox 177 2254 1246 2352; baseline 0.004 -26"><span class='ocrx_word' id='word_1_114' title='bbox 177 2254 269 2326; x_wconf 89' lang='lat' dir='ltr'><strong>solvi</strong></span> <span class='ocrx_word' id='word_1_115' title='bbox 280 2255 392 2326; x_wconf 71' lang='lat' dir='ltr'><strong>,nullo</strong></span> <span class='ocrx_word' id='word_1_116' title='bbox 410 2255 522 2325; x_wconf 92' lang='lat' dir='ltr'><strong>modo</strong></span> <span class='ocrx_word' id='word_1_117' title='bbox 543 2255 715 2352; x_wconf 87' lang='lat' dir='ltr'><strong>potuerit.</strong></span> <span class='ocrx_word' id='word_1_118' title='bbox 731 2256 944 2352; x_wconf 82' lang='lat' dir='ltr'><strong>Cognoscite</strong></span> <span class='ocrx_word' id='word_1_119' title='bbox 959 2279 1059 2327; x_wconf 89' lang='lat' dir='ltr'><strong>nunc</strong></span> <span class='ocrx_word' id='word_1_120' title='bbox 1075 2257 1124 2327; x_wconf 90' lang='lat' dir='ltr'><strong>ita</strong></span> <span class='ocrx_word' id='word_1_121' title='bbox 1142 2282 1246 2329; x_wconf 88' lang='lat' dir='ltr'><strong>reum</strong></span> 
     </span>
    </p>
   </div>
   <div class='ocr_carea' id='block_1_3' title="bbox 177 2363 1247 3013">
    <p class='ocr_par' dir='ltr' id='par_1_5' title="bbox 177 2363 1247 3013">
     <span class='ocr_line' id='line_1_19' title="bbox 177 2363 1247 2466; baseline 0.004 -30"><span class='ocrx_word' id='word_1_122' title='bbox 177 2369 326 2437; x_wconf 86' lang='lat' dir='ltr'><strong>citatum</strong></span> <span class='ocrx_word' id='word_1_123' title='bbox 346 2389 423 2436; x_wconf 85' lang='lat' dir='ltr'><strong>esse</strong></span> <span class='ocrx_word' id='word_1_124' title='bbox 442 2363 563 2453; x_wconf 89' lang='lat' dir='ltr'><strong>iilum,</strong></span> <span class='ocrx_word' id='word_1_125' title='bbox 583 2379 642 2454; x_wconf 87' lang='lat' dir='ltr'><strong>ut,</strong></span> <span class='ocrx_word' id='word_1_126' title='bbox 661 2389 701 2436; x_wconf 91' lang='lat' dir='ltr'><strong>re</strong></span> <span class='ocrx_word' id='word_1_127' title='bbox 714 2363 830 2438; x_wconf 70' lang='lat' dir='ltr'><strong>&#39;semel</strong></span> <span class='ocrx_word' id='word_1_128' title='bbox 850 2380 958 2463; x_wconf 88' lang='lat' dir='ltr'><strong>atque</strong></span> <span class='ocrx_word' id='word_1_129' title='bbox 973 2367 1105 2438; x_wconf 89' lang='lat' dir='ltr'><strong>iterum</strong></span> <span class='ocrx_word' id='word_1_130' title='bbox 1124 2369 1247 2466; x_wconf 87' lang='lat' dir='ltr'><strong>praeju·</strong></span> 
     </span>
     <span class='ocr_line' id='line_1_20' title="bbox 178 2473 1247 2571; baseline 0.004 -25"><span class='ocrx_word' id='word_1_131' title='bbox 178 2475 330 2563; x_wconf 68' lang='lat' dir='ltr'><strong>dicarat,</strong></span> <span class='ocrx_word' id='word_1_132' title='bbox 338 2473 601 2547; x_wconf 90' lang='lat' dir='ltr'><strong>condemnatus</strong></span> <span class='ocrx_word' id='word_1_133' title='bbox 610 2476 648 2545; x_wconf 88' lang='lat' dir='ltr'><strong>in</strong></span> <span class='ocrx_word' id='word_1_134' title='bbox 658 2473 838 2571; x_wconf 87' lang='lat' dir='ltr'><strong>judicium</strong></span> <span class='ocrx_word' id='word_1_135' title='bbox 850 2476 999 2547; x_wconf 90' lang='lat' dir='ltr'><strong>venerit.</strong></span> <span class='ocrx_word' id='word_1_136' title='bbox 1014 2477 1247 2550; x_wconf 87' lang='lat' dir='ltr'><strong>Nam&#39;Cluen·</strong></span> 
     </span>
     <span class='ocr_line' id='line_1_21' title="bbox 178 2583 1246 2684; baseline 0.005 -28"><span class='ocrx_word' id='word_1_137' title='bbox 178 2587 270 2674; x_wconf 88' lang='lat' dir='ltr'><strong>tius,</strong></span> <span class='ocrx_word' id='word_1_138' title='bbox 288 2583 447 2681; x_wconf 86' lang='lat' dir='ltr'><strong>judices,</strong></span> <span class='ocrx_word' id='word_1_139' title='bbox 469 2585 627 2681; x_wconf 90' lang='lat' dir='ltr'><strong>primum</strong></span> <span class='ocrx_word' id='word_1_140' title='bbox 651 2609 788 2656; x_wconf 88' lang='lat' dir='ltr'><strong>nomen</strong></span> <span class='ocrx_word' id='word_1_141' title='bbox 815 2585 893 2680; x_wconf 89' lang='lat' dir='ltr'><strong>ejus</strong></span> <span class='ocrx_word' id='word_1_142' title='bbox 917 2584 1061 2675; x_wconf 90' lang='lat' dir='ltr'><strong>detulit,</strong></span> <span class='ocrx_word' id='word_1_143' title='bbox 1085 2589 1188 2684; x_wconf 87' lang='lat' dir='ltr'><strong>cujus</strong></span> <span class='ocrx_word' id='word_1_144' title='bbox 1205 2593 1246 2661; x_wconf 93' lang='lat' dir='ltr'><strong>in</strong></span> 
     </span>
     <span class='ocr_line' id='line_1_22' title="bbox 178 2692 1247 2792; baseline 0.007 -26"><span class='ocrx_word' id='word_1_145' title='bbox 178 2693 349 2767; x_wconf 88' lang='lat' dir='ltr'><strong>manibus</strong></span> <span class='ocrx_word' id='word_1_146' title='bbox 366 2718 549 2766; x_wconf 88' lang='lat' dir='ltr'><strong>venenum</strong></span> <span class='ocrx_word' id='word_1_147' title='bbox 563 2692 862 2792; x_wconf 89' lang='lat' dir='ltr'><strong>deprehenderat.</strong></span> <span class='ocrx_word' id='word_1_148' title='bbox 880 2699 915 2766; x_wconf 87' lang='lat' dir='ltr'><strong>Is</strong></span> <span class='ocrx_word' id='word_1_149' title='bbox 934 2712 1010 2768; x_wconf 89' lang='lat' dir='ltr'><strong>erat</strong></span> <span class='ocrx_word' id='word_1_150' title='bbox 1023 2697 1174 2772; x_wconf 88' lang='lat' dir='ltr'><strong>libertus</strong></span> <span class='ocrx_word' id='word_1_151' title='bbox 1188 2705 1247 2773; x_wconf 83' lang='lat' dir='ltr'><strong>Fa·</strong></span> 
     </span>
     <span class='ocr_line' id='line_1_23' title="bbox 177 2799 1246 2904; baseline 0.006 -28"><span class='ocrx_word' id='word_1_152' title='bbox 177 2799 398 2893; x_wconf 90' lang='lat' dir='ltr'><strong>briciorum,</strong></span> <span class='ocrx_word' id='word_1_153' title='bbox 423 2801 651 2876; x_wconf 86' lang='lat' dir='ltr'><strong>Scamander.</strong></span> <span class='ocrx_word' id='word_1_154' title='bbox 681 2808 868 2904; x_wconf 85' lang='lat' dir='ltr'><strong>integrum</strong></span> <span class='ocrx_word' id='word_1_155' title='bbox 894 2805 1103 2895; x_wconf 90' lang='lat' dir='ltr'><strong>consilium;</strong></span> <span class='ocrx_word' id='word_1_156' title='bbox 1121 2809 1246 2903; x_wconf 87' lang='lat' dir='ltr'><strong>judicii</strong></span> 
     </span>
     <span class='ocr_line' id='line_1_24' title="bbox 179 2912 1246 3013; baseline 0.003 -26"><span class='ocrx_word' id='word_1_157' title='bbox 179 2915 343 3013; x_wconf 90' lang='lat' dir='ltr'><strong>corrupti</strong></span> <span class='ocrx_word' id='word_1_158' title='bbox 363 2913 463 2985; x_wconf 86' lang='lat' dir='ltr'><strong>nulla</strong></span> <span class='ocrx_word' id='word_1_159' title='bbox 484 2915 660 3011; x_wconf 79' lang='lat' dir='ltr'><strong>suspici03</strong></span> <span class='ocrx_word' id='word_1_160' title='bbox 679 2912 851 3013; x_wconf 83' lang='lat' dir='ltr'><strong>simplex⁵</strong></span> <span class='ocrx_word' id='word_1_161' title='bbox 873 2914 912 2984; x_wconf 94' lang='lat' dir='ltr'><strong>in</strong></span> <span class='ocrx_word' id='word_1_162' title='bbox 929 2913 1106 3007; x_wconf 88' lang='lat' dir='ltr'><strong>judicium</strong></span> <span class='ocrx_word' id='word_1_163' title='bbox 1128 2940 1246 3007; x_wconf 87' lang='lat' dir='ltr'><strong>causa,</strong></span> 
     </span>
    </p>
   </div>
   <div class='ocr_carea' id='block_1_4' title="bbox 117 3165 1295 4185">
    <p class='ocr_par' dir='ltr' id='par_1_6' title="bbox 117 3165 1295 4185">
     <span class='ocr_line' id='line_1_25' title="bbox 219 3165 1247 3238; baseline 0.006 -20"><span class='ocrx_word' id='word_1_164' title='bbox 219 3183 259 3218; x_wconf 80' lang='grc' dir='ltr'><strong>ιο.</strong></span> <span class='ocrx_word' id='word_1_165' title='bbox 276 3167 350 3217; x_wconf 75' lang='lat' dir='ltr'><strong>uuiti</strong></span> <span class='ocrx_word' id='word_1_166' title='bbox 361 3167 413 3217; x_wconf 78' lang='lat' dir='ltr'><strong>uiri</strong></span> <span class='ocrx_word' id='word_1_167' title='bbox 421 3168 486 3218; x_wconf 75' lang='lat' dir='ltr'><strong>boni.</strong></span> <span class='ocrx_word' id='word_1_168' title='bbox 501 3169 584 3231; x_wconf 85' lang='lat' dir='ltr'><strong>Quum</strong></span> <span class='ocrx_word' id='word_1_169' title='bbox 595 3167 694 3232; x_wconf 81' lang='lat' dir='ltr'><strong>plurimi</strong></span> <span class='ocrx_word' id='word_1_170' title='bbox 739 3167 888 3226; x_wconf 85' lang='lat' dir='ltr'><strong>damnatam,</strong></span> <span class='ocrx_word' id='word_1_171' title='bbox 898 3165 979 3230; x_wconf 82' lang='lat' dir='ltr'><strong>aliqua</strong></span> <span class='ocrx_word' id='word_1_172' title='bbox 991 3182 1023 3238; x_wconf 70' lang='lat' dir='ltr'><strong>ex</strong></span> <span class='ocrx_word' id='word_1_173' title='bbox 1034 3177 1102 3232; x_wconf 80' lang='lat' dir='ltr'><strong>parte</strong></span> <span class='ocrx_word' id='word_1_174' title='bbox 1115 3172 1193 3235; x_wconf 78' lang='lat' dir='ltr'><strong>pontt</strong></span> <span class='ocrx_word' id='word_1_175' title='bbox 1205 3174 1247 3225; x_wconf 82' lang='lat' dir='ltr'><strong>de·</strong></span> 
     </span>
     <span class='ocr_line' id='line_1_26' title="bbox 180 3245 878 3313; baseline -0.006 -15"><span class='ocrx_word' id='word_1_176' title='bbox 180 3249 248 3298; x_wconf 84' lang='lat' dir='ltr'><strong>bona</strong></span> <span class='ocrx_word' id='word_1_177' title='bbox 266 3247 316 3297; x_wconf 78' lang='lat' dir='ltr'><strong>iiie</strong></span> <span class='ocrx_word' id='word_1_178' title='bbox 334 3248 476 3313; x_wconf 49' lang='grc' dir='ltr'><strong>κωφή</strong></span> <span class='ocrx_word' id='word_1_179' title='bbox 487 3247 581 3296; x_wconf 86' lang='lat' dir='ltr'><strong>inioco</strong></span> <span class='ocrx_word' id='word_1_180' title='bbox 594 3245 695 3296; x_wconf 80' lang='lat' dir='ltr'><strong>delitue-</strong></span> <span class='ocrx_word' id='word_1_181' title='bbox 738 3245 878 3294; x_wconf 74' lang='lat' dir='ltr'><strong>fondere?-</strong></span> 
     </span>
     <span class='ocr_line' id='line_1_27' title="bbox 182 3315 1247 3390; baseline -0.005 -13"><span class='ocrx_word' id='word_1_182' title='bbox 182 3339 250 3387; x_wconf 83' lang='lat' dir='ltr'><strong>rant‚</strong></span> <span class='ocrx_word' id='word_1_183' title='bbox 261 3328 344 3376; x_wconf 82' lang='lat' dir='ltr'><strong>subito</strong></span> <span class='ocrx_word' id='word_1_184' title='bbox 358 3343 409 3376; x_wconf 76' lang='lat' dir='ltr'><strong>aeae</strong></span> <span class='ocrx_word' id='word_1_185' title='bbox 423 3327 593 3377; x_wconf 75' lang='lat' dir='ltr'><strong>ostendissent.</strong></span> <span class='ocrx_word' id='word_1_186' title='bbox 775 3333 801 3366; x_wconf 81' lang='lat' dir='ltr'><strong>a.</strong></span> <span class='ocrx_word' id='word_1_187' title='bbox 820 3315 881 3366; x_wconf 78' lang='lat' dir='ltr'><strong>Huic</strong></span> <span class='ocrx_word' id='word_1_188' title='bbox 894 3315 937 3364; x_wconf 79' lang='lat' dir='ltr'><strong>uni</strong></span> <span class='ocrx_word' id='word_1_189' title='bbox 948 3316 1050 3370; x_wconf 69' lang='lat' dir='ltr'><strong>cimbri.</strong></span> <span class='ocrx_word' id='word_1_190' title='bbox 1065 3321 1103 3369; x_wconf 83' lang='lat' dir='ltr'><strong>Da</strong></span> <span class='ocrx_word' id='word_1_191' title='bbox 1115 3323 1247 3390; x_wconf 78' lang='lat' dir='ltr'><strong>veneficio,</strong></span> 
     </span>
     <span class='ocr_line' id='line_1_28' title="bbox 217 3397 1131 3468; baseline -0.009 -12"><span class='ocrx_word' id='word_1_192' title='bbox 217 3407 302 3456; x_wconf 79' lang='lat' dir='ltr'><strong>xvn.</strong></span> <span class='ocrx_word' id='word_1_193' title='bbox 318 3423 341 3455; x_wconf 85' lang='lat'><strong>1.</strong></span> <span class='ocrx_word' id='word_1_194' title='bbox 353 3405 487 3456; x_wconf 77' lang='lat' dir='ltr'><strong>Audaeior.</strong></span> <span class='ocrx_word' id='word_1_195' title='bbox 501 3403 577 3468; x_wconf 84' lang='lat' dir='ltr'><strong>Quod</strong></span> <span class='ocrx_word' id='word_1_196' title='bbox 586 3419 617 3452; x_wconf 82' lang='lat' dir='ltr'><strong>ex</strong></span> <span class='ocrx_word' id='word_1_197' title='bbox 627 3419 695 3468; x_wconf 44' lang='grc' dir='ltr'><strong>ευρ,</strong></span> <span class='ocrx_word' id='word_1_198' title='bbox 738 3399 808 3460; x_wconf 80' lang='lat' dir='ltr'><strong>cuim</strong></span> <span class='ocrx_word' id='word_1_199' title='bbox 821 3413 875 3446; x_wconf 81' lang='lat' dir='ltr'><strong>eum</strong></span> <span class='ocrx_word' id='word_1_200' title='bbox 888 3397 1014 3447; x_wconf 69' lang='lat' dir='ltr'><strong>Cluentius</strong></span> <span class='ocrx_word' id='word_1_201' title='bbox 1026 3413 1131 3452; x_wconf 73' lang='lat' dir='ltr'><strong>accusat.</strong></span> 
     </span>
     <span class='ocr_line' id='line_1_29' title="bbox 182 3476 1249 3550; baseline -0.009 -16"><span class='ocrx_word' id='word_1_202' title='bbox 182 3487 247 3536; x_wconf 75' lang='lat' dir='ltr'><strong>tiore</strong></span> <span class='ocrx_word' id='word_1_203' title='bbox 260 3487 312 3534; x_wconf 81' lang='lat' dir='ltr'><strong>vita</strong></span> <span class='ocrx_word' id='word_1_204' title='bbox 323 3485 485 3550; x_wconf 73' lang='lat' dir='ltr'><strong>probaton-</strong></span> <span class='ocrx_word' id='word_1_205' title='bbox 497 3483 638 3532; x_wconf 74' lang='lat' dir='ltr'><strong>Nooentior.</strong></span> <span class='ocrx_word' id='word_1_206' title='bbox 646 3485 694 3530; x_wconf 88' lang='lat' dir='ltr'><strong>Tot</strong></span> <span class='ocrx_word' id='word_1_207' title='bbox 774 3478 800 3526; x_wconf 81' lang='lat'><strong>3.</strong></span> <span class='ocrx_word' id='word_1_208' title='bbox 816 3476 935 3525; x_wconf 76' lang='lat' dir='ltr'><strong>Oiearrda</strong></span> <span class='ocrx_word' id='word_1_209' title='bbox 949 3479 1022 3527; x_wconf 76' lang='lat' dir='ltr'><strong>mori.</strong></span> <span class='ocrx_word' id='word_1_210' title='bbox 1036 3480 1135 3528; x_wconf 80' lang='lat' dir='ltr'><strong>Exitum</strong></span> <span class='ocrx_word' id='word_1_211' title='bbox 1148 3482 1186 3530; x_wconf 89' lang='lat' dir='ltr'><strong>illi</strong></span> <span class='ocrx_word' id='word_1_212' title='bbox 1202 3500 1249 3548; x_wconf 73' lang='grc' dir='ltr'><strong>μ.</strong></span> 
     </span>
     <span class='ocr_line' id='line_1_30' title="bbox 183 3557 1250 3624; baseline 0.002 -15"><span class='ocrx_word' id='word_1_213' title='bbox 183 3565 316 3614; x_wconf 68' lang='lat' dir='ltr'><strong>aeda-ihm</strong></span> <span class='ocrx_word' id='word_1_214' title='bbox 333 3575 359 3614; x_wconf 66' lang='lat' dir='ltr'><strong>et</strong></span> <span class='ocrx_word' id='word_1_215' title='bbox 375 3565 510 3614; x_wconf 61' lang='lat' dir='ltr'><strong>nomino</strong></span> <span class='ocrx_word' id='word_1_216' title='bbox 525 3564 569 3613; x_wconf 76' lang='lat' dir='ltr'><strong>illo</strong></span> <span class='ocrx_word' id='word_1_217' title='bbox 583 3561 695 3612; x_wconf 66' lang='lat' dir='ltr'><strong>veneficii</strong></span> <span class='ocrx_word' id='word_1_218' title='bbox 738 3568 806 3604; x_wconf 84' lang='lat' dir='ltr'><strong>rante</strong></span> <span class='ocrx_word' id='word_1_219' title='bbox 813 3557 1076 3621; x_wconf 86' lang='lat' dir='ltr'><strong>Oppianioo‚qui,niai</strong></span> <span class='ocrx_word' id='word_1_220' title='bbox 1087 3573 1250 3624; x_wconf 78' lang='lat' dir='ltr'><strong>accuraretur,</strong></span> 
     </span>
     <span class='ocr_line' id='line_1_31' title="bbox 183 3636 1053 3709; baseline -0.01 -15"><span class='ocrx_word' id='word_1_221' title='bbox 183 3645 294 3693; x_wconf 64' lang='lat' dir='ltr'><strong>numine.</strong></span> <span class='ocrx_word' id='word_1_222' title='bbox 302 3671 338 3682; x_wconf 92' lang='lat'>-</span> <span class='ocrx_word' id='word_1_223' title='bbox 348 3643 470 3709; x_wconf 81' lang='lat' dir='ltr'><strong>Apertior.</strong></span> <span class='ocrx_word' id='word_1_224' title='bbox 487 3645 511 3692; x_wconf 87' lang='grc' dir='ltr'><strong>Δ</strong></span> <span class='ocrx_word' id='word_1_225' title='bbox 529 3653 651 3708; x_wconf 83' lang='lat' dir='ltr'><strong>comperta</strong></span> <span class='ocrx_word' id='word_1_226' title='bbox 668 3657 695 3690; x_wconf 87' lang='lat' dir='ltr'><strong>re</strong></span> <span class='ocrx_word' id='word_1_227' title='bbox 738 3636 816 3684; x_wconf 73' lang='lat' dir='ltr'><strong>scelus</strong></span> <span class='ocrx_word' id='word_1_228' title='bbox 833 3646 885 3684; x_wconf 77' lang='lat' dir='ltr'><strong>erat</strong></span> <span class='ocrx_word' id='word_1_229' title='bbox 894 3637 1053 3699; x_wconf 75' lang='lat' dir='ltr'><strong>perfecturus.</strong></span> 
     </span>
     <span class='ocr_line' id='line_1_32' title="bbox 117 3715 1249 3788; baseline -0.011 -15"><span class='ocrx_word' id='word_1_230' title='bbox 117 3775 123 3788; x_wconf 62' lang='grc'><strong>,</strong></span> <span class='ocrx_word' id='word_1_231' title='bbox 182 3724 361 3788; x_wconf 70' lang='lat' dir='ltr'><strong>uuniiomoqua</strong></span> <span class='ocrx_word' id='word_1_232' title='bbox 372 3721 651 3788; x_wconf 77' lang='lat' dir='ltr'><strong>deprehanaa.—Qnod</strong></span> <span class='ocrx_word' id='word_1_233' title='bbox 658 3720 695 3768; x_wconf 81' lang='lat' dir='ltr'><strong>in·</strong></span> <span class='ocrx_word' id='word_1_234' title='bbox 776 3724 799 3773; x_wconf 74' lang='lat' dir='ltr'><strong>t.</strong></span> <span class='ocrx_word' id='word_1_235' title='bbox 820 3717 900 3764; x_wconf 78' lang='lat' dir='ltr'><strong>Semel</strong></span> <span class='ocrx_word' id='word_1_236' title='bbox 918 3727 992 3780; x_wconf 76' lang='lat' dir='ltr'><strong>oeque</strong></span> <span class='ocrx_word' id='word_1_237' title='bbox 1014 3715 1108 3764; x_wconf 73' lang='lat' dir='ltr'><strong>iterum.</strong></span> <span class='ocrx_word' id='word_1_238' title='bbox 1124 3717 1210 3768; x_wconf 66' lang='lat' dir='ltr'><strong>Cim</strong></span> <span class='ocrx_word' id='word_1_239' title='bbox 1222 3721 1249 3772; x_wconf 69' lang='lat' dir='ltr'><strong>ff„</strong></span> 
     </span>
     <span class='ocr_line' id='line_1_33' title="bbox 181 3797 1251 3870; baseline 0.001 -19"><span class='ocrx_word' id='word_1_240' title='bbox 181 3803 291 3870; x_wconf 73' lang='lat' dir='ltr'><strong>gantiam.</strong></span> <span class='ocrx_word' id='word_1_241' title='bbox 310 3804 351 3852; x_wconf 79' lang='lat' dir='ltr'><strong>Sic</strong></span> <span class='ocrx_word' id='word_1_242' title='bbox 368 3802 396 3850; x_wconf 91' lang='lat' dir='ltr'><strong>in</strong></span> <span class='ocrx_word' id='word_1_243' title='bbox 407 3803 479 3851; x_wconf 80' lang='lat' dir='ltr'><strong>Ver-r.</strong></span> <span class='ocrx_word' id='word_1_244' title='bbox 490 3804 549 3852; x_wconf 76' lang='lat' dir='ltr'><strong>Act.</strong></span> <span class='ocrx_word' id='word_1_245' title='bbox 563 3799 696 3863; x_wconf 65' lang='lat' dir='ltr'><strong>1:1Qnod</strong></span> <span class='ocrx_word' id='word_1_246' title='bbox 739 3798 903 3863; x_wconf 78' lang='lat' dir='ltr'><strong>Oppianicum</strong></span> <span class='ocrx_word' id='word_1_247' title='bbox 930 3797 1085 3845; x_wconf 77' lang='lat' dir='ltr'><strong>damnatione</strong></span> <span class='ocrx_word' id='word_1_248' title='bbox 1110 3797 1251 3852; x_wconf 76' lang='lat' dir='ltr'><strong>Scamandri</strong></span> 
     </span>
     <span class='ocr_line' id='line_1_34' title="bbox 184 3875 1010 3946; baseline -0.012 -15"><span class='ocrx_word' id='word_1_249' title='bbox 184 3893 222 3932; x_wconf 79' lang='lat' dir='ltr'><strong>eat</strong></span> <span class='ocrx_word' id='word_1_250' title='bbox 230 3882 355 3946; x_wconf 70' lang='lat' dir='ltr'><strong>ingenium</strong></span> <span class='ocrx_word' id='word_1_251' title='bbox 363 3891 473 3939; x_wconf 71' lang='lat' dir='ltr'><strong>mamm,</strong></span> <span class='ocrx_word' id='word_1_252' title='bbox 483 3895 538 3945; x_wconf 74' lang='lat' dir='ltr'><strong>quat</strong></span> <span class='ocrx_word' id='word_1_253' title='bbox 547 3889 614 3928; x_wconf 83' lang='lat' dir='ltr'><strong>tanta</strong></span> <span class='ocrx_word' id='word_1_254' title='bbox 623 3877 697 3927; x_wconf 77' lang='lat' dir='ltr'><strong>iacui·</strong></span> <span class='ocrx_word' id='word_1_255' title='bbox 739 3895 767 3926; x_wconf 79' lang='lat' dir='ltr'><strong>aa</strong></span> <span class='ocrx_word' id='word_1_256' title='bbox 779 3877 883 3926; x_wconf 80' lang='lat' dir='ltr'><strong>Fabricii</strong></span> <span class='ocrx_word' id='word_1_257' title='bbox 894 3875 1010 3924; x_wconf 87' lang='lat' dir='ltr'><strong>abutitur.</strong></span> 
     </span>
     <span class='ocr_line' id='line_1_35' title="bbox 183 3952 1249 4026; baseline -0.008 -14"><span class='ocrx_word' id='word_1_258' title='bbox 183 3975 223 4012; x_wconf 77' lang='lat' dir='ltr'><strong>aaa</strong></span> <span class='ocrx_word' id='word_1_259' title='bbox 236 3963 334 4012; x_wconf 80' lang='lat' dir='ltr'><strong>dicandi</strong></span> <span class='ocrx_word' id='word_1_260' title='bbox 346 3971 372 4010; x_wconf 85' lang='lat' dir='ltr'><strong>at</strong></span> <span class='ocrx_word' id='word_1_261' title='bbox 383 3963 454 4026; x_wconf 85' lang='lat' dir='ltr'><strong>copia</strong></span> <span class='ocrx_word' id='word_1_262' title='bbox 462 3995 470 4020; x_wconf 93' lang='lat'><strong>,</strong></span> <span class='ocrx_word' id='word_1_263' title='bbox 478 3975 533 4025; x_wconf 82' lang='lat' dir='ltr'><strong>quaa</strong></span> <span class='ocrx_word' id='word_1_264' title='bbox 542 3959 612 4008; x_wconf 78' lang='lat' dir='ltr'><strong>istim</strong></span> <span class='ocrx_word' id='word_1_265' title='bbox 622 3961 696 4008; x_wconf 80' lang='lat' dir='ltr'><strong>vitam</strong></span> <span class='ocrx_word' id='word_1_266' title='bbox 777 3955 1024 4018; x_wconf 75' lang='lat' dir='ltr'><strong>5.simplax...causa.</strong></span> <span class='ocrx_word' id='word_1_267' title='bbox 1032 3952 1116 4002; x_wconf 75' lang='lat' dir='ltr'><strong>Gauan</strong></span> <span class='ocrx_word' id='word_1_268' title='bbox 1125 3967 1184 4007; x_wconf 82' lang='lat' dir='ltr'><strong>mat</strong></span> <span class='ocrx_word' id='word_1_269' title='bbox 1192 3961 1249 4009; x_wconf 73' lang='lat' dir='ltr'><strong>sim.</strong></span> 
     </span>
     <span class='ocr_line' id='line_1_36' title="bbox 184 4031 1251 4104; baseline -0.009 -14"><span class='ocrx_word' id='word_1_270' title='bbox 184 4053 225 4092; x_wconf 85' lang='lat' dir='ltr'><strong>tot</strong></span> <span class='ocrx_word' id='word_1_271' title='bbox 238 4041 305 4090; x_wconf 78' lang='lat' dir='ltr'><strong>vitiia</strong></span> <span class='ocrx_word' id='word_1_272' title='bbox 321 4039 467 4104; x_wconf 74' lang='lat' dir='ltr'><strong>flagitiiaqua</strong></span> <span class='ocrx_word' id='word_1_273' title='bbox 484 4039 634 4096; x_wconf 80' lang='lat' dir='ltr'><strong>convictam,</strong></span> <span class='ocrx_word' id='word_1_274' title='bbox 646 4040 695 4099; x_wconf 82' lang='lat' dir='ltr'><strong>jam</strong></span> <span class='ocrx_word' id='word_1_275' title='bbox 742 4037 829 4103; x_wconf 78' lang='lat' dir='ltr'><strong>plioea,</strong></span> <span class='ocrx_word' id='word_1_276' title='bbox 841 4049 897 4097; x_wconf 82' lang='lat' dir='ltr'><strong>qnae</strong></span> <span class='ocrx_word' id='word_1_277' title='bbox 905 4031 1003 4080; x_wconf 75' lang='lat' dir='ltr'><strong>uriom</strong></span> <span class='ocrx_word' id='word_1_278' title='bbox 1013 4042 1102 4082; x_wconf 80' lang='lat' dir='ltr'><strong>atatam</strong></span> <span class='ocrx_word' id='word_1_279' title='bbox 1115 4034 1217 4097; x_wconf 59' lang='lat' dir='ltr'><strong>habeon</strong></span> <span class='ocrx_word' id='word_1_280' title='bbox 1227 4053 1251 4090; x_wconf 65' lang='lat' dir='ltr'><strong>et</strong></span> 
     </span>
     <span class='ocr_line' id='line_1_37' title="bbox 185 4109 1295 4185; baseline -0.005 -15"><span class='ocrx_word' id='word_1_281' title='bbox 185 4121 280 4185; x_wconf 79' lang='lat' dir='ltr'><strong>pridem</strong></span> <span class='ocrx_word' id='word_1_282' title='bbox 299 4119 410 4170; x_wconf 78' lang='lat' dir='ltr'><strong>omnium</strong></span> <span class='ocrx_word' id='word_1_283' title='bbox 427 4119 546 4169; x_wconf 80' lang='lat' dir='ltr'><strong>voluntati</strong></span> <span class='ocrx_word' id='word_1_284' title='bbox 558 4117 701 4181; x_wconf 72' lang='lat' dir='ltr'><strong>judicioque</strong></span> <span class='ocrx_word' id='word_1_285' title='bbox 744 4133 779 4164; x_wconf 66' lang='grc' dir='ltr'><strong>οε</strong></span> <span class='ocrx_word' id='word_1_286' title='bbox 792 4125 817 4162; x_wconf 82' lang='lat' dir='ltr'><strong>et</strong></span> <span class='ocrx_word' id='word_1_287' title='bbox 828 4112 858 4160; x_wconf 81' lang='lat' dir='ltr'><strong>ad</strong></span> <span class='ocrx_word' id='word_1_288' title='bbox 873 4109 1045 4170; x_wconf 65' lang='lat' dir='ltr'><strong>dicendumar</strong></span> <span class='ocrx_word' id='word_1_289' title='bbox 1056 4113 1252 4177; x_wconf 79' lang='lat' dir='ltr'><strong>adjudicandam</strong></span> <span class='ocrx_word' id='word_1_290' title='bbox 1287 4143 1295 4164; x_wconf 61' lang='lat' dir='ltr'><strong>a</strong></span> 
     </span>
    </p>
   </div>
   <div class='ocr_carea' id='block_1_5' title="bbox 0 0 1502 4676">
    <p class='ocr_par' dir='ltr' id='par_1_7' title="bbox 0 0 1502 4676">
     <span class='ocr_line' id='line_1_38' title="bbox 0 0 1502 4676; baseline 0 0"><span class='ocrx_word' id='word_1_291' title='bbox 0 0 1502 4676; x_wconf 95' lang='lat' dir='ltr'><strong> </strong></span> 
     </span>
    </p>
   </div>
  </div>
 </body>
</html>
