3018 4664
295 387 365 460 356
611 391 659 457 Μ.
683 391 721 456 Τ.
749 387 1027 459 CICERONIS

291 511 405 584 birius
423 534 497 580 non
518 507 627 580 modo
648 511 686 580 in
704 508 880 604 judicium
903 507 1034 578 borum
1052 507 1267 594 criminum,
1288 510 1352 580 sed

292 647 339 692 ne
355 625 392 690 in
410 619 652 690 tenuissimam
667 617 815 714 quidem
829 617 1067 714 suspicionem
1084 613 1195 687 verbo
1207 631 1262 688 est
1274 643 1352 689 um·

291 753 401 827 quam
415 744 571 798 vocatus.
586 733 639 797 An
657 725 701 798 de
715 729 847 799 sororis
860 721 963 796 filio⁵
982 725 1188 824 diligentius
1206 751 1353 825 respon·

291 838 451 914 dandum
464 836 539 908 esti
552 855 661 934 quem
675 835 803 908 abhoc
817 851 983 908 necatum
998 860 1075 907 esse
1085 835 1221 925 dixisti,
1234 859 1349 933 quum

291 947 336 1019 ad
352 948 477 1043 judicii
494 949 634 1018 mo'ram
657 945 837 1018 familiaris
855 945 990 1018 funeris
1012 949 1191 1018 excusatio
1212 973 1351 1045 quaere·

289 1073 401 1130 retur.
421 1055 518 1146 Quid
539 1057 636 1127 enim
657 1070 711 1126 est
727 1070 801 1127 tam
818 1055 1025 1143 verisimile,
1047 1079 1156 1153 quam
1177 1059 1350 1128 cariorem

289 1169 375 1240 buic
399 1169 533 1239 sororis
560 1171 750 1254 maritum,
778 1189 887 1263 quam
917 1170 1050 1237 sororis
1076 1165 1192 1236 filium
1216 1165 1352 1238 firissei

288 1261 397 1377 atque
414 1281 463 1348 ita
482 1279 675 1366 cariorem,
694 1291 736 1346 ut
754 1273 867 1362 alter6
884 1275 1215 1350 vitacrudelissime
1231 1279 1348 1376 priva-

288 1403 401 1474 retur,
428 1411 543 1483 quum
572 1386 673 1457 alteri
700 1385 745 1456 ad
774 1385 1014 1482 prolationem
1039 1387 1164 1481 judicii
1194 1387 1349 1458 biduum

288 1496 532 1594 quaereretur?
559 1500 614 1566 'An
641 1495 687 1567 de
716 1499 826 1568 servis
853 1491 977 1568 alienis
1001 1511 1129 1568 contra
1152 1498 1265 1595 legem
1287 1505 1348 1570 Fa·

287 1605 407 1676 biam?
432 1610 597 1692 retentis,
619 1620 682 1676 aut
701 1606 745 1678 de
762 1606 902 1679 civibus
918 1609 1076 1678 romanis
1088 1623 1215 1680 contra
1233 1609 1347 1706 legem

287 1711 473 1787 Porciam⁸
486 1714 697 1798 verberatis,
715 1731 777 1786 aut
795 1720 930 1788 necatis
948 1718 1053 1816 plura
1070 1717 1223 1789 dicenda
1240 1733 1346 1805 sunt,

287 1849 401 1921 quum
422 1838 523 1894 tanto
536 1824 663 1912 'studio
681 1829 719 1895 C.
741 1825 905 1898 Rabirius
926 1829 1036 1898 totins
1056 1827 1205 1925 Apuliae,
1225 1831 1347 1927 singu·

286 1933 350 2004 lari
363 1932 548 2004 voluntate
560 1925 785 2032 Campaniae9
798 1937 987 2008 vicinitatis
1000 1937 1210 2008 ornetur¹⁰i
1220 1962 1346 2034 quum·

285 2069 358 2140 que
374 2043 419 2114 ad
438 2044 516 2137 ejus
535 2045 820 2141 propulsandum
836 2047 1036 2142 periculum
1055 2071 1132 2116 non
1153 2045 1261 2118 modo
1277 2046 1345 2117 bo·

284 2157 419 2240 mines,
442 2153 504 2223 sed
527 2176 641 2250 prope
663 2156 830 2250 regiones
852 2157 935 2252 ipsae
957 2158 1262 2242 concurrerint¹¹,
1279 2155 1345 2226 ali·

285 2278 422 2360 quanto
439 2263 544 2332 ctiam
562 2263 670 2334 latius
691 2265 871 2349 excitato,
896 2277 1006 2360 quam
1026 2265 1137 2362 ipsius
1155 2267 1345 2338 vicinitatis

282 2397 418 2442 nomen
441 2396 481 2442 ac
503 2373 646 2442 termini
664 2371 916 2468 postulabant?
936 2375 1027 2445 Nam
1048 2371 1139 2469 quid
1157 2397 1227 2470 ego
1244 2373 1288 2443 ad
1306 2373 1346 2446 id

281 2479 427 2578 longam
461 2484 660 2552 orationem
690 2505 922 2580 comparem,
946 2482 1046 2579 quod
1078 2498 1131 2553 est
1159 2483 1196 2553 in
1220 2482 1344 2555 eadem

283 2591 403 2662 multa
421 2592 636 2687 irrogatione
648 2601 677 2634 ¹²
701 2593 956 2689 perscriptum,
971 2591 1070 2662 hunc
1085 2615 1153 2663 nec
1166 2616 1257 2680 suae,
1277 2617 1345 2664 nec

319 2771 343 2818 5.
352 2767 630 2837 Desororisfilr'o.Quem
637 2763 790 2818 intersectum
830 2769 913 2844 'eirena
920 2769 1061 2833 ronnvirgis
1072 2768 1183 2828 cuderet,
1190 2777 1343 2816 autnecsret.

282 2847 314 2896 ab
336 2847 437 2896 Rabirio
460 2859 584 2896 accusator
608 2847 722 2908 dicebat,
746 2859 791 2906 ut,
835 2849 871 2894 De
880 2848 932 2911 lege
943 2847 988 2895 bae
998 2849 1149 2911 frequentior
1158 2847 1266 2896 occurrit
1277 2863 1345 2895 men·

283 2927 341 2976 duro
351 2927 373 2974 ei
383 2928 455 2976 funus
465 2926 600 2985 duceretur,
610 2928 710 2974 maritus
721 2943 791 2974 soro-
834 2927 870 2974 tio
878 2927 905 2974 in
913 2929 984 2976 Vere.
995 2931 1029 2986 V,
1039 2943 1105 2991 pass.

281 3009 315 3054 sis
328 3009 361 3068 Q.
372 3006 460 3056 Curius
470 3005 586 3054 dilatione
598 3006 678 3068 aliqua
690 3005 716 3052 in
723 3005 790 3066 judi·
870 3021 895 3068 9.
909 3005 1059 3070 Campanas.
1070 3007 1139 3074 Erat,
1151 3018 1179 3055 ut
1190 3006 1277 3054 exboe
1286 3005 1344 3053 loeo

282 3087 322 3132 cio
329 3095 445 3134 uteretur.
457 3087 509 3131 Usu
516 3084 581 3131 enim
591 3083 656 3147 apud
666 3085 791 3132 Romanos
835 3083 937 3148 intelligi
950 3095 1048 3148 potest,
1064 3083 1179 3132 Rabirius
1195 3085 1345 3148 Campanns;

281 3175 393 3222 venerat,
407 3175 434 3212 nt
450 3164 491 3227 qni
507 3164 580 3211 funus
592 3163 706 3211 familiare
720 3163 792 3212 duee·
835 3174 876 3210 ant
882 3173 946 3210 certe
954 3162 1045 3211 bandus
1054 3164 1079 3210 in
1088 3163 1235 3226 Campania,
1245 3165 1343 3212 domurn

282 3254 331 3300 ret,
343 3243 547 3303 instaremorruo
560 3243 661 3303 faceret,
674 3244 694 3289 is
707 3259 752 3290 nee
766 3245 791 3290 in
835 3241 909 3288 etiam
935 3241 1040 3305 Neapoli
1069 3241 1182 3289 babebat.
1204 3242 1291 3292 Cicero
1312 3241 1344 3289 ad

280 3323 333 3380 jus,
348 3335 393 3367 noe
409 3320 435 3368 in
447 3319 568 3384 judicium
581 3333 720 3378 vocaretur..
733 3322 789 3370 Vid.
836 3321 944 3368 Atticum
955 3338 962 3367 ι
973 3342 986 3360 u
996 3323 1101 3368 Domum
1115 3320 1269 3368 Rabirianam
1282 3321 1344 3368 Nea·

282 3398 381 3463 Ulpian.
394 3400 433 3456 11,
448 3399 478 3446 de
489 3399 515 3445 in
524 3400 564 3459 jus
574 3400 701 3448 vocandis.
834 3398 898 3462 poli,
916 3415 987 3462 quam
998 3397 1345 3448 tudimmsansetemdilies·

317 3478 341 3524 ὃ.
357 3477 434 3525 Alter.
450 3476 522 3525 Filius
535 3477 636 3526 sororis.
653 3504 687 3514 —
702 3477 788 3528 Alteri.
835 3487 882 3524 tam
893 3479 973 3526 animo
984 3477 1103 3536 habebas,
1114 3479 1227 3526 Fonteius
1237 3479 1295 3526 emit
1304 3501 1327 3524 n.

281 3555 372 3603 lilarito
386 3556 484 3603 sororis.
873 3571 913 3604 so.
938 3559 1049 3605 Ornetur.
1074 3559 1168 3622 Saepius
1182 3560 1232 3619 jans
1251 3557 1345 3606 dictum

317 3649 342 3693 7.
365 3633 450 3696 Legem
470 3633 579 3681 Fabiam,
599 3635 636 3680 De
653 3633 789 3697 plagiariis,
835 3634 865 3682 de
878 3635 1086 3690 solemnibusillis
1100 3635 1279 3698 legationibus,
1290 3650 1346 3700 qut

280 3728 328 3776 qua
347 3711 484 3770 cavebatur,
499 3710 597 3773 nequis
615 3727 711 3758 servum
730 3712 788 3762 alie·
834 3712 939 3762 illustres
953 3731 1007 3762 reos
1022 3714 1159 3763 laudarent.

279 3807 357 3848 nuru,
375 3790 454 3838 invito
474 3789 510 3836 rel
531 3790 646 3838 insciente
669 3789 799 3850 domino,-
873 3806 912 3839 rr.
926 3793 967 3840 Al.
982 3814 993 3836 ι
1005 3795 1165 3842 convenerint
1174 3813 1195 3840 a.
1209 3795 1235 3842 J.
1245 3793 1278 3840 V.
1287 3795 1313 3840 L

279 3867 374 3924 celaret,
386 3867 492 3915 vinctum
500 3865 705 3924 haberet‚emeret
711 3867 788 3916 sciens
870 3887 912 3917 ra.
926 3871 1011 3918 Multae
1022 3871 1180 3934 irrogatione.
1196 3869 1293 3932 Scilicet
1303 3887 1345 3920 ae·

279 3947 338 3994 dolo
352 3946 423 3994 malo.
832 3961 929 3996 cantor
948 3951 1049 3998 multans
1068 3939 1169 4001 Rabirio
1190 3949 1345 4012 iungendam

313 4027 336 4074 8.
358 4025 442 4088 Legem
462 4023 583 4074 Porciam.
601 4026 624 4072 A
644 4025 680 4074 Μ.
697 4027 786 4074 Porcio
831 4028 943 4077 etiamen
954 4032 1052 4078 nomine
1066 4032 1194 4094 censebat,
1206 4030 1275 4092 qnod
1286 4030 1345 4077 alie-

276 4107 367 4155 Catone
390 4101 482 4162 latam,
504 4119 534 4150 ne
555 4105 610 4166 quis
633 4104 786 4166 magistratus
831 4123 970 4157 nesterone
980 4110 1129 4168 monuisses,
1142 4112 1167 4158 in
1181 4125 1243 4174 quos
1260 4121 1345 4172 stupra
