2986 4670
852 99 859 128 l

389 401 469 468 ¹DE
492 401 630 469 LEGE
654 400 911 487 AGRARIA,
935 401 982 470 ll.
1154 399 1222 499 307

154 525 268 620 thago
290 537 366 610 est,
399 523 498 620 quod
527 545 641 619 quum
669 522 860 593 hominurn
887 526 1021 621 copiis,
1047 539 1124 595 tum
1147 528 1224 624 ipsa

155 647 287 704 natura
312 657 353 704 ac
372 632 474 718 locu,
498 634 678 702 succincta
695 631 913 730 portubus⁴‚
936 647 1069 703 armata
1090 636 1225 724 muris,

156 765 350 814 excurrere
385 767 430 814 ex
458 739 592 830 Airita,
618 742 806 813 imminere
833 737 905 811 ita⁵
933 739 1224 816 fructuosissimis

156 849 312 924 insulis⁶
342 851 469 949 populi
501 841 643 921 romani
673 850 872 921 videbatur.
901 851 1087 923 Corinthi⁷
1116 859 1224 924 vesti·

156 964 259 1058 gium
281 963 340 1031 vix
362 961 528 1031 relictum
554 976 628 1063 est:
649 974 726 1032 erat
748 965 844 1032 enim
863 963 980 1058 posita
1001 966 1037 1032 in
1055 965 1224 1066 angustiis

156 1087 270 1169 atque
292 1075 329 1141 in
351 1069 515 1142 faucibus
534 1073 696 1158 Graeciae,
719 1073 784 1156 sic,
810 1087 853 1143 ut
876 1085 970 1142 terra
992 1072 1144 1144 claustra
1170 1075 1225 1144 lo·

156 1207 287 1254 corum
314 1197 472 1270 teneret,
501 1196 537 1252 et
560 1180 635 1252 duo
658 1176 804 1269 marial,
829 1183 984 1253 maxime
1006 1185 1224 1282 navigationi

156 1293 318 1377 diversa,
346 1317 447 1391 paene
476 1293 732 1389 conjungeret,
763 1315 878 1388 quum
908 1294 1079 1390 pertenui
1104 1293 1227 1364 discri-

156 1405 280 1474 mines
296 1416 521 1500 separentur.
531 1409 631 1489 Haec,
646 1427 727 1500 quae
742 1402 869 1501 procul
881 1418 984 1474 erant
997 1419 1227 1502 aconspectu

156 1513 318 1610 imperii,
335 1536 409 1583 non
425 1513 541 1584 solum
560 1511 779 1600 afflixerunt,
798 1512 858 1584 sed
874 1517 1001 1600 etiam,
1017 1537 1064 1584 ne
1078 1514 1226 1611 quando

155 1637 319 1692 recreata
335 1645 527 1718 exsurgere
541 1636 649 1718 atque
668 1625 803 1720 erigere
818 1647 855 1694 se
869 1639 1035 1722 possent,
1047 1621 1227 1713 funditus,

153 1746 198 1801 ut
221 1730 309 1820 dixi,
339 1733 571 1803 sustulerunt.
599 1737 653 1804 De
678 1737 798 1830 Capua
831 1732 986 1802 multum
1018 1750 1072 1804 est
1100 1747 1136 1804 et
1159 1733 1222 1804 diu

156 1841 385 1929 consultum,
404 1856 545 1912 exstant
567 1841 677 1912 literae
688 1853 730 1931 ¹⁰,
753 1844 927 1932 Quirites,
946 1841 1120 1940 publicae;
1140 1859 1226 1914 suut

156 1951 471 2022 senatusconsulta
500 1952 695 2048 complura.
728 1956 940 2023 statuerunt
971 1952 1138 2024 homines
1168 1977 1223 2024 sa·

156 2062 320 2157 pientes,
338 2061 367 2129 si
383 2083 508 2158 agrurn
527 2063 717 2158 Campanis
733 2059 970 2148 ademissent,
985 2064 1224 2158 magistratus,

156 2183 343 2256 senatum,
374 2168 561 2268 publicum
592 2196 637 2241 ex
657 2171 716 2240 illa
733 2170 825 2242 urbe
848 2171 1038 2242 consilium
1065 2171 1226 2244 sustulis-

156 2295 240 2351 sent
253 2289 296 2368 ¹¹,
306 2283 498 2376 imaginem
510 2280 715 2378 reipublicae
727 2282 863 2352 nullam
873 2282 1102 2378 reliquissent
1112 2335 1121 2370 ‚
1133 2282 1224 2354 nihil

156 2387 257 2477 fore,
278 2387 379 2486 quod
404 2393 563 2487 Capuam
588 2393 809 2463 timeremus.
834 2395 961 2488 ltaque
986 2390 1056 2463 hoc
1074 2397 1224 2488 perscri-

194 2637 219 2686 4.
231 2629 359 2677 Succincta
369 2629 496 2692 portubus.
509 2632 566 2679 Uno
580 2632 612 2680 sd
624 2647 668 2680 oc·
709 2633 808 2699 gatiani
819 2632 921 2681 diversa.
934 2635 963 2680 ln
977 2643 1058 2697 partes
1070 2635 1174 2682 maxime
1186 2633 1224 2682 di-

155 2708 293 2768 nitentem,
307 2709 383 2756 altero
399 2708 575 2768 adorientem,
593 2727 669 2775 quum
713 2727 792 2784 vepsss
805 2712 955 2775 navigationi
973 2723 1120 2777 opportune.
1140 2715 1223 2776 Quum

157 2800 210 2841 tots
225 2787 285 2836 urbs
299 2799 388 2851 preter
403 2789 516 2852 exignum
540 2789 676 2838 discrimen·
713 2791 788 2838 altero
802 2807 831 2838 ex
847 2783 1063 2852 Italin‚Dalmsitia
1075 2805 1099 2840 et
1109 2793 1185 2857 Epiro
1198 2794 1223 2842 in

149 2869 219 2916 'marl
239 2867 378 2916 ambiretur.
398 2893 433 2904 -
455 2869 561 2916 Armate
586 2869 668 2916 muni.
713 2871 845 2928 Groeeiam5
863 2869 939 2918 altero
950 2867 976 2917 in
990 2871 1071 2919 Asiam
1085 2882 1109 2920 et
1123 2871 1224 2922 Graeciae

155 2948 258 3011 Egregie
278 2961 362 2994 muros
382 2947 533 3011 Csrthsginis
554 2946 670 2996 describit
713 2949 803 2998 insulas
814 2950 845 2996 sit
855 2949 987 3013 navigatio,
1003 2978 1006 2984 ·

157 3027 286 3092 Appianas
296 3025 326 3072 de
334 3026 394 3074 Bell.
403 3027 488 3076 Punic.
498 3027 556 3076 edit.
564 3027 668 3075 Tollisn.
684 3072 687 3080 ,
748 3043 775 3090 9.
791 3029 907 3076 Percenni
918 3026 1061 3076 discrinu'ne.
1074 3030 1111 3076 lta
1123 3039 1151 3076 nt
1159 3045 1223 3094 ssepe

156 3123 184 3171 p.
196 3105 230 3169 95
239 3140 247 3162 ‚
255 3116 279 3152 et
289 3121 318 3152 en
328 3120 357 3152 eo
366 3104 462 3169 Lipsius
471 3103 578 3153 Poliorc.
587 3106 634 3165 111,
643 3107 667 3154 5.
713 3106 744 3153 de
756 3103 927 3155 intercidendo
939 3105 1029 3154 isthmo
1047 3108 1162 3171 agitatum
1176 3109 1221 3169 sit,

195 3185 218 3232 5.
235 3185 345 3232 Lambin.
358 3199 372 3230 e
383 3185 523 3244 coniectum
534 3183 668 3232 Lauredsn.
712 3196 738 3233 et
751 3185 818 3234 Nero
838 3181 864 3232 in
883 3187 931 3232 hoc
950 3187 1080 3233 tentamine
1102 3186 1220 3250 plurimos

157 3275 182 3311 et
193 3267 225 3312 Δ.
236 3263 462 3327 Augustinidsatioe
468 3273 493 3310 et
492 3262 569 3328 fruct.
578 3265 594 3310 J
596 3264 634 3310 N.
641 3266 667 3312 L.
713 3263 777 3310 cives
791 3279 903 3311 romanos
913 3265 1096 3328 consumpserit.

193 3344 219 3392 fl.
249 3342 347 3391 Insnlis.
374 3343 462 3391 stulta
484 3355 509 3391 et
532 3343 668 3402 Sardinia,
752 3357 789 3390 so.
808 3339 901 3392 Litsroe.
916 3343 1014 3392 Tabulae
1028 3343 1149 3409 publice,
1167 3359 1222 3411 qne

155 3421 224 3470 nnsis
236 3423 323 3470 sommi
337 3433 473 3486 proventus
486 3422 517 3470 sd
536 3421 668 3487 rempubli-
712 3421 743 3470 sd
763 3421 797 3469 rei
819 3425 958 3472 memoriam
978 3425 1074 3488 scripta
1098 3435 1165 3473 sunt.
1185 3427 1223 3474 De

158 3501 344 3550 camredilsant.
711 3501 889 3550 consultatione
899 3503 948 3550 vid.
957 3503 986 3551 T.
997 3503 1050 3550 Lis.
1061 3503 1138 3562 XXI,
1151 3505 1192 3552 ιδ.
1232 3501 1234 3506 ’

195 3597 220 3641 7.
245 3579 358 3628 Corinthi.
380 3581 442 3642 Qun
466 3580 510 3627 lnx
533 3580 667 3630 Graeciaes
750 3597 790 3627 rr.
825 3580 985 3629 Susmlissent.
1011 3583 1095 3646 Itaque
1122 3582 1221 3642 Livius,

155 3664 182 3708 1..
192 3661 313 3708 Mummio
322 3661 423 3707 omnino
432 3670 469 3708 est
477 3659 678 3722 dommulum·
711 3658 816 3708 XXIX:
836 3683 848 3701 ιι
857 3661 939 3724 Capua
961 3659 1059 3725 quidem
1083 3661 1222 3724 sepulerum

154 3739 457 3802 slismobosnssmqunm
473 3719 667 3803 oblooloppor-
711 3749 736 3786 et
761 3750 944 3787 monumentum
974 3737 1100 3803 Campano
1127 3739 1222 3804 populo

156 3819 292 3867 trinitatem.
313 3817 470 3866 Eversionem
496 3830 577 3867 autem
605 3819 668 3867 lssnc
713 3817 780 3872 data,
798 3818 888 3866 extorri
905 3828 930 3865 et
946 3817 1024 3878 ejecto
1040 3818 1095 3880 ipso
1113 3817 1222 3881 populo;

154 3897 255 3946 minime
263 3897 347 3945 lsndet
356 3897 443 3946 Cicero
452 3896 483 3945 ds
492 3897 545 3945 Oli.
555 3899 581 3954 1,
594 3911 632 3946 tr.
712 3904 822 3959 superest
833 3895 892 3942 urbs
900 3907 986 3943 trunco
996 3896 1048 3954 siue
1060 3903 1159 3954 senatu,
1171 3896 1223 3943 sine

192 3975 218 4026 8.
242 3977 297 4023 Duo
317 3975 405 4024 maria.
427 3974 528 4023 Bimsris
546 3975 626 4035 enim,
640 3987 669 4024 ut
713 3973 798 4040 plebe,
811 3975 864 4022 sine
878 3971 1070 4039 magistratibus,
1084 3973 1224 4038 prodigium

155 4067 228 4104 voest
237 4056 366 4113 Horatius,
376 4053 489 4104 Corinthi
498 4055 586 4102 moenis
597 4054 668 4102 Ionio
713 4053 812 4114 sellem,
827 4051 948 4101 crudelius
964 4049 1095 4102 habitantis
1113 4067 1186 4117 quam
1205 4054 1225 4100 si

155 4146 180 4183 et
194 4139 279 4200 AEgaeo
292 4133 352 4182 meri
364 4133 524 4182 alluebsntur.
541 4157 575 4171 -
594 4133 668 4182 Nari-
711 4131 791 4182 deleta
810 4133 873 4181 foret
889 4154 909 4180 υ.

1040 4244 1094 4286 20.
