2988 4668
243 355 314 427 6aa
413 353 790 426 OBSERVATIONES
816 353 1183 427 APOLOGETIGAE·

242 511 256 536 ι
269 496 434 566 tamquam
449 477 581 544 filiolam
591 501 683 544 suam
694 525 703 560 ,
713 476 957 562 osculabatur·;
973 478 1188 568 quamohrem
1199 477 1324 542 nemini

243 584 593 674 mirumaccidet(1),si
607 608 643 648 ea
655 607 740 673 saepe
747 583 977 649 disertissimus
991 583 1209 674 philosophus
1217 583 1326 672 dispu-

244 707 306 774 tet,
330 715 403 779 quae
428 693 490 756 alio
518 692 591 755 loco
611 689 803 754 firmissimis
827 690 1028 780 argumentis
1047 688 1197 754 funditus
1213 711 1323 753 eversa

240 797 439 878 judicentur.
466 797 634 860 Saniorem
654 796 759 860 nihilo
778 796 886 860 minus
907 797 1103 885 plerumque
1129 795 1324 860 sententiam

243 902 284 969 de
306 905 395 985 Deo,
423 901 464 967 de
482 903 597 967 animae
616 902 876 982 immortalitate,
894 902 935 967 de
951 903 1016 968 hoc
1036 901 1154 966 mundi
1172 899 1327 990 opificio,

242 1011 284 1075 de
297 1009 411 1074 officiis
422 1010 614 1092 hominum,
629 1009 669 1074 de
684 1010 775 1074 omni
792 1009 936 1098 deniqne
946 1010 1108 1074 virtutum
1125 1031 1262 1098 genere,
1280 1008 1327 1072 ita

243 1116 345 1181 tuitus
362 1115 415 1178 ille
431 1115 492 1180 luit
505 1113 573 1204 (a),
592 1132 631 1180 ut
646 1137 724 1196 nos,
744 1115 865 1202 quibus
887 1117 1020 1180 Numen
1037 1115 1146 1204 ipsum
1168 1131 1325 1179 aeternam

242 1223 410 1287 veritatem
427 1220 578 1312 detegere
594 1243 662 1286 non
682 1222 744 1286 fuit
762 1218 989 1312 dedignatum,
1012 1243 1120 1310 neque
1136 1221 1326 1309 augarstius,

242 1350 349 1416 neque
363 1329 494 1411 verius,
520 1327 628 1392 dehis
645 1328 776 1394 maximi
795 1329 957 1398 momenti
974 1328 1073 1394 rebus
1086 1343 1145 1392 aut
1159 1327 1324 1408 scribere,

137 1465 140 1480 ·
241 1452 300 1502 aut
316 1433 458 1522 cogitare
473 1455 642 1521 queamus.

286 1540 343 1604 Isti
362 1538 584 1628 disquisitioni
597 1537 749 1620 adjuncta
763 1555 813 1604 est
824 1539 941 1622 altera,
957 1534 1037 1626 quid
1052 1536 1262 1604 sentiendum
1278 1539 1324 1602 sit

243 1647 286 1711 de
303 1646 360 1729 iis,
372 1668 445 1733 quat
459 1644 521 1710 sub
535 1645 639 1710 aliena
655 1667 795 1734 persona
813 1646 926 1710 scribit
937 1646 1085 1710 Tullius:
1102 1645 1224 1711 etenim
1236 1644 1327 1708 haud

245 1751 337 1818 facile
346 1752 489 1839 aliquem
500 1750 688 1834 forecredo,
697 1752 754 1840 qui
761 1751 934 1836 existimet,
943 1751 1030 1816 viros
1038 1751 1326 1840 principes,quos,

243 1859 276 1922 in
288 1857 424 1947 dialogis
437 1858 607 1923 Platonico
617 1879 711 1921 more
724 1857 928 1946 mnscriptis,
944 1857 1011 1921 sive
1025 1877 1084 1922 sua
1101 1871 1195 1922 aetate
1207 1879 1325 1946 super-

243 1964 347 2045 stites,
362 1962 429 2028 sive
439 1962 506 2044 jam
524 1962 592 2026 fato
606 1961 759 2046 functos,
770 1961 976 2052 disputantes
990 1961 1119 2028 inducit
1132 1979 1255 2045 noster,
1271 1983 1327 2026 eas

243 2092 278 2134 re
292 2089 386 2150 vera,
404 2091 485 2158 quas
503 2066 678 2133 defendere
695 2066 878 2158 linguntur,
896 2069 1013 2133 fovisse
1027 2069 1212 2158 opiniones.
1226 2067 1328 2134 Aliud

242 2176 313 2264 ipse
331 2175 446 2240 Cicero
462 2173 652 2263 profitetur:
663 2204 675 2230 ιι
687 2175 763 2238 Feci
781 2173 846 2262 (3),
869 2174 978 2262 inquit
994 2173 1036 2238 ad
1053 2173 1233 2240 Vononem
1246 2175 1327 2238 scri-

243 2279 342 2360 bens,
357 2299 544 2343 sermonem
561 2278 647 2341 inter
664 2297 726 2341 nos
742 2276 893 2340 habitum
910 2276 946 2340 in
959 2277 1111 2342 Cumano
1125 2297 1230 2364 quum
1244 2291 1329 2340 esset

244 2405 310 2446 una
335 2381 562 2470 Pomponius,
591 2380 650 2445 tibi
668 2378 745 2445 dedi
769 2396 878 2470 partes
899 2380 1132 2461 Antiochinas,
1151 2403 1232 2468 quas
1252 2403 1271 2444 a
1295 2396 1327 2444 te

243 2487 376 2577 probari
397 2487 591 2552 intellexisse
617 2485 698 2550 mihi
728 2487 888 2554 videbar:
914 2487 995 2552 mihi
1018 2487 1144 2576 sumpsi
1168 2486 1325 2552 Philonis.

243 2593 327 2658 Puto
347 2593 435 2676 fore,
452 2608 507 2676 ut,
523 2614 628 2681 quum
645 2593 780 2682 legeris,
800 2593 934 2675 mirere,
953 2615 1014 2657 nos
1031 2592 1067 2657 id
1086 2593 1243 2680 loquutos
1257 2615 1327 2657 esse

242 2716 407 2784 internos,
420 2698 511 2788 quod
525 2721 707 2787 numquam
725 2700 855 2788 loquuti
871 2721 1007 2782 sumus3
1023 2697 1081 2764 sed
1099 2700 1186 2764 nosti
1201 2721 1327 2763 morem

243 2806 482 2896 dialogorum».
506 2806 582 2870 Haec
598 2805 662 2870 fuit
677 2827 805 2888 caussa,
820 2827 880 2869 cur
893 2827 933 2870 eo
948 2822 1096 2894 tempore
1112 2805 1179 2885 jam
1199 2821 1326 2886 essent,

244 2911 323 3001 «qui
354 2929 510 3002 negarent
521 2912 569 3000 (4)
591 2913 625 2976 in
649 2912 707 2996 iis,
730 2912 788 2999 qui
812 2911 844 2976 in
873 2911 975 3000 ipsius
992 2911 1082 2976 libris
1102 2910 1325 3000 disputarent,

232 3018 343 3098 ¹fuisse
366 3042 478 3084 earum
501 3041 630 3101 rerum,
645 3018 686 3083 de
705 3018 824 3107 quibus
849 3015 1096 3106 disputabatur,
1123 3019 1324 3083 scientiam».

244 3127 313 3190 Nec
338 3126 408 3190 sine
435 3125 582 3191 ratione:
607 3126 728 3215 quippe
751 3125 786 3188 in
809 3123 1009 3189 Academicis
1027 3124 1146 3215 prioris
1170 3122 1323 3189 editionis

246 3231 431 3322 (exquibus
440 3233 620 3298 unusliber
635 3231 808 3324 superest),
817 3229 1184 3315 Catulum,Lucullum,
1201 3231 1325 3295 etllor·

241 3489 315 3542 quarn
326 3474 427 3539 quidem
440 3490 487 3540 ego
498 3473 597 3540 placare
611 3475 700 3538 cupio,
724 3473 940 3527 submoverunt:
961 3473 1075 3522 audeo.»
1098 3474 1137 3522 Ds
1154 3473 1228 3538 legg.
1241 3469 1283 3522 tit.
1298 3472 1324 3536 1,

246 3581 302 3629 cap.
318 3564 363 3622 13,
382 3561 407 3609 in
421 3559 465 3611 flu.

280 3657 317 3726 (r)
335 3659 400 3708 Vide
414 3659 578 3708 Moaheminm
591 3658 623 3707 ad
637 3657 784 3708 Cndwortlrl
801 3659 867 3723 Syst,
879 3653 965 3708 intell.
980 3672 1039 3722 pag.
1053 3659 1115 3722 ⁵¹9·
1132 3656 1243 3708 Connrlt.
1254 3661 1280 3708 F.
1290 3657 1323 3704 G.

250 3755 338 3808 Bam,
358 3748 388 3797 dc
397 3747 596 3812 Anthropologia
607 3747 727 3797 sciorum
739 3749 813 3795 Rom.
825 3747 908 3795 stoica
922 3763 948 3810 p.
959 3745 984 3794 5.

287 3847 325 3912 (a)
343 3844 408 3894 Vide
422 3845 486 3894 Sana.
497 3842 573 3892 Periti
584 3845 656 3893 natac.
668 3843 773 3892 Obserr.
784 3843 827 3892 lili.
836 3845 882 3904 tv,
893 3857 946 3908 cap.
955 3843 981 3892 6.

283 3939 322 4005 (3)
340 3940 381 3990 Ad
394 3939 452 3990 Dis.
465 3939 509 3990 lib.
520 3941 577 4000 tx,
596 3955 635 4005 ep.
650 3940 676 3990 8.
688 3940 760 3990 eost.
775 3939 806 3988 dc
820 3938 917 3988 &nect
925 3955 981 4004 cap.
997 3955 1022 3998 ις
1033 3937 1066 3988 ad
1078 3939 1135 3990 ntv.
1149 3939 1271 4002 fluvit,
1287 3953 1325 4002 ep.

250 4028 401 4092 3a;adAtt.
411 4028 455 4076 lit.
470 4031 518 4091 tv,
531 4046 570 4094 ep.
584 4031 632 4090 ιδ,
645 4043 684 4094 pr.

284 4125 324 4190 (4)
341 4127 369 4172 In
384 4125 503 4184 Lucullo,
517 4141 572 4190 cap,
585 4139 611 4185 a,
624 4125 651 4174 in
661 4123 709 4176 tm.
