3018 4664
249 293 321 436 30li
571 353 620 420 Μ.
646 353 685 420 Τ.
712 349 1000 422 CICERONIS

249 479 379 559 tuisse,
396 496 578 570 eumque,
597 476 662 569 qui
681 472 796 542 nollet
818 472 995 562 vendere,
1012 471 1095 544 ideo
1112 473 1261 572 negasse
1281 499 1322 547 se

250 582 378 656 adduci
389 606 516 679 posse,
530 581 583 652 uti
597 580 782 670 venderet,
793 583 906 678 quod,
924 608 1036 681 quum
1052 583 1173 681 plures
1187 582 1323 656 fundos

251 695 424 778 haberet,
439 719 483 765 ex
491 693 553 763 illo
567 693 645 764 solo
660 690 776 764 londo
792 718 993 790 numquam
1003 693 1138 765 malum
1151 697 1325 766 nuntium

251 807 443 878 audisset7.
459 811 560 876 Itane
574 802 684 874 vero?
700 804 876 901 privatum
892 805 969 875 haec
984 829 1090 876 causa
1104 808 1321 877 commovit:

193 1013 196 1019 Ι
251 918 429 1017 populum
454 938 648 986 romanum
659 909 686 1004 ⁸,
709 939 756 985 ne
774 939 901 1010 agrum
921 919 1147 1014 Campanum
1177 916 1324 1014 privatis

252 1030 360 1126 gratis
368 1037 396 1114 ⁹,
410 1025 520 1098 Rullo
536 1039 708 1122 rogante,
729 1023 865 1113 madet,
885 1051 960 1096 non
983 1025 1251 1098 commovebit?
1265 1029 1327 1097 At-

246 1141 318 1237 'qui
332 1139 428 1210 idem
441 1147 470 1182 ¹⁰
491 1137 650 1234 populus
671 1158 844 1206 romanus
864 1134 909 1206 de
931 1135 1003 1207 hoc
1021 1137 1184 1234 vectigali
1205 1149 1326 1235 potest

253 1251 395 1337 dicere,
414 1248 516 1346 quod
538 1247 599 1318 ille
627 1245 673 1316 de
699 1270 767 1316 suo
790 1231 906 1316 lurido
929 1245 1060 1317 dixisse
1078 1246 1221 1317 dicitur.
1244 1245 1328 1316 Asia

254 1361 389 1434 multos
410 1384 524 1430 annos
549 1355 654 1428 vobis
677 1354 838 1427 fructum
859 1354 1104 1427 Mithridatico
1128 1355 1227 1428 bello
1250 1379 1348 1452 non⁸

254 1470 363 1558 tulit;
395 1461 649 1567 Hispaniarum
677 1465 828 1562 vectigal
860 1466 1085 1563 temporibus
1115 1465 1329 1536 Sertorianis

254 1579 399 1651 nullum
433 1577 519 1663 suit3
555 1577 682 1648 Siciliae
719 1573 923 1647 civitatibus
959 1575 1060 1647 bello
1096 1574 1330 1674 lugitivorum

255 1690 313 1761 Μ’.
334 1688 513 1786 Aquillius
533 1690 642 1759 etiam
662 1700 830 1756 mutuum
857 1683 1081 1758 frumentum
1108 1685 1207 1758 dedit
1223 1698 1265 1759 ¹¹.
1284 1692 1333 1761 At

214 1844 217 1850 ,
257 1825 301 1871 ex
316 1799 387 1871 hoc
403 1797 565 1896 vectigali
579 1821 782 1893 numquam
803 1795 919 1867 malus
937 1799 1087 1868 nuntius
1104 1797 1247 1869 auditus
1265 1811 1331 1869 est.

259 1912 386 1980 Cetera
413 1907 598 2004 vectigalia
630 1905 719 1978 belli
748 1904 1065 1978 difficultzatibus¹²
1098 1902 1332 2006 affliguntur:

259 2018 331 2089 hoc
351 2015 515 2114 vectigali
534 2017 642 2086 etiam
663 2015 750 2086 belli
767 2014 954 2088 facultates
974 2033 1233 2090 sustentantur.

309 2131 437 2198 XXXI.
469 2126 633 2197 Deinde¹
667 2127 705 2196 in
732 2126 800 2198 hac
825 2129 1064 2224 assignatione
1090 2119 1258 2227 agrorum
1285 2155 1334 2202 ne

261 2235 354 2309 illud
375 2237 526 2335 quidem
550 2235 620 2307 dici
641 2251 780 2334 potest,
803 2235 903 2334 quod
922 2241 959 2307 iu
979 2239 1129 2327 ceteris,
1150 2263 1254 2336 agros
1272 2237 1336 2310 de·

263 2364 378 2422 sertus
406 2360 426 2418 a'
450 2345 556 2444 plebe
580 2362 689 2444 atque
714 2373 736 2418 a
759 2348 901 2420 cultura
923 2347 1115 2420 hominum
1134 2349 1337 2423 liberorum

263 2485 340 2532 esse
360 2483 435 2529 non
453 2460 657 2555 oportere'

312 2573 370 2641 Sic
389 2569 487 2639 enim
507 2568 612 2640 dico:
636 2570 665 2640 si
683 2574 889 2666 Campanus
904 2592 988 2666 ager
1005 2568 1197 2657 dividatur,
1217 2583 1339 2641 extur-

263 2680 344 2751 bari
356 2691 392 2750 et
405 2677 538 2776 expelli
553 2678 723 2776 plebem²
740 2704 784 2750 ex
799 2680 914 2776 agris,
932 2703 1008 2749 nou
1024 2681 1195 2750 constitui
1215 2695 1251 2750 et
1265 2678 1341 2750 col·

263 2791 384 2862 locari.
409 2795 521 2860 Totus
547 2791 645 2860 enim
671 2813 754 2886 ager
778 2793 984 2886 Campanus
1003 2788 1140 2874 ,colitur
1168 2803 1205 2861 et
1227 2789 1341 2887 possi·

283 3011 286 3017 .
302 2988 327 3032 7.
342 2970 439 3017 Melum
448 2967 560 3017 nuntium
572 2968 688 3017 uudi'sset.
701 2969 784 3034 Turpe
827 2966 890 3015 ciliae
900 2966 967 3014 bello
978 2965 1060 3016 servili
1069 2979 1168 3016 vastetae
1180 2968 1343 3030 frumeutmn,

267 3066 325 3116 ergo
333 3051 428 3116 populo
435 3066 497 3100 rom.
503 3049 643 3098 ducendum
650 3050 784 3098 estmInori
828 3063 878 3112 quo
891 3057 1073 3106 sustentaretur,
1085 3047 1259 3098 commodavit.

267 3132 303 3180 uti
313 3129 468 3194 providende
479 3145 551 3193 quam
562 3131 650 3193 privati
659 3130 783 3188 homiues,
866 3142 907 3175 sa.
920 3126 961 3174 At.
968 3124 1142 3190 facultatibus.
1156 3129 1180 3176 J.
1189 3131 1222 3177 V.
1235 3131 1263 3176 t.

269 3212 312 3274 qui
325 3225 356 3257 ne
373 3209 497 3255 minimam
513 3207 612 3271 quidem
625 3208 698 3269 hujus
713 3210 785 3258 Cam·
864 3208 963 3253 XXXI.
978 3221 1001 3254 1.
1016 3206 1119 3265 Deinde.
1132 3209 1248 3256 Occurrit
1259 3206 1345 3256 adver-

269 3290 328 3353 pani
340 3287 392 3350 agri
407 3298 502 3350 partem
520 3286 625 3335 vendere
637 3288 784 3346 voluerunt,
829 3287 947 3333 sariorum
956 3285 1104 3354 rationi,qui
1111 3286 1224 3334 dicebant
1230 3298 1345 3352 oportere

270 3365 340 3432 quod
347 3365 412 3412 felici
426 3381 522 3428 semper
530 3377 654 3430 proventu
660 3378 733 3427 esset,
742 3383 785 3414 ne·
830 3377 859 3413 ut
869 3365 920 3429 agii
930 3364 1038 3418 eliberit
1047 3365 1189 3414 homiuibus
1198 3365 1346 3426 colerentur,

271 3460 381 3510 quespes
389 3459 505 3507 umquam
515 3445 676 3508 agricolarum
685 3447 786 3495 falleret.
830 3456 856 3492 et
869 3446 895 3491 in
909 3442 1014 3491 desertas
1035 3446 1145 3509 regiones
1168 3444 1346 3493 deducerentur

309 3523 539 3588 8.1llii,«populus
547 3529 786 3575 romanusn.J.V.L.
832 3524 931 3580 colonI;
954 3534 979 3570 et
998 3523 1031 3570 ait
1043 3523 1105 3571 banc
1116 3524 1233 3572 rationem
1244 3525 1270 3571 in
1281 3535 1347 3572 cete-

309 3619 333 3668 9.
344 3601 436 3650 Gratis.
445 3601 503 3648 Vult
512 3603 578 3649 enim
586 3602 673 3651 Rullus
680 3605 789 3668 quinque
833 3605 866 3651 ris
884 3603 947 3666 agris
968 3602 1047 3650 valere
1065 3619 1136 3666 posse
1159 3604 1232 3667 quie
1253 3591 1348 3652 cultura

272 3679 790 3748 colonorummillibusdeductisagrosillos,
834 3682 965 3730 liberorum
980 3682 1107 3730 hominum
1125 3683 1175 3730 siut
1196 3683 1300 3740 deserti,
1321 3683 1348 3731 iu

273 3762 343 3811 nullo
355 3763 440 3809 aerarIo
451 3758 530 3809 soluta
540 3763 656 3827 pecunia,
669 3762 788 3813 dividere.
834 3764 960 3826 Campano
981 3778 1032 3809 non
1052 3763 1148 3823 valere,
1173 3764 1217 3826 qui
1242 3779 1255 3810 e
1277 3762 1348 3827 plebe

313 3858 352 3891 ro.
365 3839 446 3904 Atqui
456 3839 529 3890 idem
544 3843 576 3890 Et
588 3853 668 3890 tumen
680 3842 789 3890 eamdem
834 3842 925 3908 optima
942 3851 968 3889 et
977 3840 1153 3889 modestissima
1166 3841 1270 3891 colatur.

274 3925 301 3970 iu
318 3921 463 3970 senuntiem
488 3920 557 3985 loqui
583 3933 665 3987 potest
683 3921 789 3988 populus
871 3921 1011 3969 autenm.
1026 3921 1120 3985 Nempe
1129 3936 1159 3968 ex
1171 3920 1296 3982 Romanis,
1305 3931 1349 3968 not

275 4015 337 4048 rom.
350 4006 422 4063 atque
435 3997 471 4046 illi
484 4001 583 4064 privati·
835 3993 930 4049 colonis
937 4035 945 4058 ,
958 4012 1001 4049 eut
1010 4001 1130 4050 veteranis
1140 4011 1293 4049 constantem
1307 4001 1350 4065 qui

315 4095 356 4128 ιι.
371 4078 644 4143 Mutuumfiumentum
656 4081 733 4132 dedit.
752 4081 791 4129 Si·
835 4096 919 4146 agrum
931 4079 998 4130 boue
1011 4079 1142 4129 colendum
1156 4079 1316 4128 redemerant.
