2988 4668
355 401 446 468 PRO
469 399 834 471 JURECONSULTIS
859 403 1076 474 ROMANIS.
1179 401 1249 502 589
1326 463 1329 469 .

185 548 241 589 nes
261 513 362 612 siglis,
380 523 446 587 sive
461 521 546 586 notis
561 521 723 609 scripsisse
736 545 763 586 »ε
784 523 830 587 sic
847 523 1018 612 opiniones
1035 526 1182 590 omnium
1200 528 1250 592 in·

186 647 363 719 terpretum
382 627 611 710 conciliantur,
635 643 669 692 et
693 628 761 692 huc
779 628 856 695 facit
875 630 975 711 ratio,
994 651 1092 718 quam
1112 632 1248 718 primam

184 735 287 800 adlert
309 736 368 800 Vir
397 734 446 798 Cl.
475 732 563 821 quod
593 735 763 822 «exempla
792 750 943 802 notarum
969 737 1246 823 compositam,

147 835 151 848 ⁴
185 865 256 930 quae
272 841 507 922 subjiciuntur,
526 855 605 904 sunt
619 839 767 904 formulae
780 841 985 921 actionum»,
1004 863 1143 929 quarum
1157 843 1249 932 siglas

185 971 242 1015 seu
266 964 359 1012 notas
377 945 473 1010 nobis
496 947 696 1010 conservavit
721 946 869 1010 Probus:
893 947 996 1034 ipsam
1015 947 1136 1036 quippe
1156 947 1250 1014 istam

184 1053 364 1118 formulam.
382 1050 477 1139 (sane
499 1067 537 1114 ut
559 1051 629 1114 vult
652 1049 787 1137 Cicero)
810 1051 1034 1140 excogitarunt
1054 1052 1250 1142 jurisperiti,

184 1159 295 1235 «unde
307 1175 344 1222 tu
359 1179 411 1221 me
427 1180 466 1221 ex
479 1155 551 1236 jure
566 1177 664 1220 manu
679 1172 867 1222 consertum
884 1157 1022 1239 vocasti,
1039 1155 1115 1222 inde
1129 1159 1175 1223 ibi
1189 1182 1250 1249 ego

184 1281 216 1329 te
232 1284 388 1342 revoco»,
407 1278 441 1326 et
458 1262 544 1324 hanc
560 1260 839 1350 sicscripserunt,
864 1263 903 1326 U.
923 1262 962 1326 T.
981 1262 1026 1326 Μ.
1045 1262 1082 1326 Ε.
1102 1262 1130 1324 J.
1145 1263 1191 1328 Μ.
1214 1267 1252 1330 C.

184 1368 223 1432 V.
240 1371 266 1432 l.
284 1369 312 1432 1.
332 1369 372 1432 Ε.
389 1367 429 1432 Τ.
445 1369 485 1432 R.
505 1365 674 1449 «Quando
693 1367 728 1431 in
744 1367 818 1447 jure
840 1383 872 1430 te
895 1367 1080 1456 conspicio,
1103 1369 1252 1456 postulo,

184 1496 269 1540 anne
285 1471 341 1536 lias
353 1487 503 1553 auctor»,
522 1473 562 1554 Q.
577 1473 603 1536 Ι.
620 1473 647 1536 J.
662 1472 699 1535 Τ.
715 1473 751 1536 C.
766 1473 801 1536 P.
816 1474 854 1538 Α.
869 1473 906 1536 F.
918 1473 955 1536 A.
970 1473 1173 1562 similesque;
1194 1476 1252 1540 has

184 1567 293 1644 butem
308 1601 407 1642 novas
425 1578 596 1658 formulas,
615 1599 781 1666 novasque
798 1577 896 1642 simul
918 1601 937 1642 a
959 1577 1068 1666 peritis
1092 1580 1253 1669 excogita·

186 1703 233 1750 tas
249 1685 359 1775 siglas,
375 1686 410 1748 in
427 1685 611 1771 exemplum
629 1685 736 1750 attulit
756 1685 891 1750 Tullius.
911 1683 1098 1750 Secundum
1115 1686 1183 1750 Viri
1204 1689 1251 1754 Cl.

184 1806 413 1880 argumentum
432 1790 513 1854 nihil
530 1807 643 1856 contra
663 1813 722 1855 nos
745 1791 839 1874 facit,
853 1791 910 1878 qui
923 1807 1091 1880 putamus,
1104 1791 1253 1860 Ciceroni

185 1897 272 1962 hanc.
284 1896 384 1962 fuisse
398 1912 559 1980 mentem,
575 1912 614 1961 ut
629 1897 727 1960 simul
740 1920 816 1962 cum
833 1897 921 1986 siglis
931 1898 1008 1985 ipsae
1020 1899 1099 1987 legis
1110 1899 1253 1967 actiones

185 2003 369 2092 excogitatae
391 2002 531 2086 fuerint3
553 2023 629 2070 uam
655 2001 740 2092 siglas
766 2001 899 2090 quidem
922 2025 990 2068 non
1012 2005 1147 2070 fuerunt
1165 2027 1251 2068 com·

181 2112 312 2196 positoe,
334 2108 391 2173 sed
406 2109 549 2174 actiones
568 2131 640 2196 quae
664 2109 750 2199 siglis
771 2109 1044 2199 exprimebantur.
1066 2107 1112 2174 3⁰.
1137 2111 1253 2200 Nego,

184 2214 240 2278 «in
264 2231 334 2278 toto
357 2215 483 2303 reliquo
500 2214 575 2279 loeo
599 2215 680 2279 nihil
702 2213 742 2280 de
761 2215 896 2279 occultis
913 2214 1012 2308 signis
1029 2213 1128 2296 dici»;
1149 2237 1253 2304 quum

185 2322 273 2385 enim
295 2322 340 2384 ait
356 2321 500 2404 Tullius,
516 2345 614 2386 «eum
629 2345 689 2411 ego
706 2344 744 2385 ex
759 2322 833 2402 jure
850 2321 1030 2403 Quiritium
1052 2343 1164 2386 meum
1182 2343 1253 2388 esse

185 2427 276 2504 aio»,
302 2425 342 2492 de
355 2427 425 2514 ipsa
446 2427 499 2492 illa
515 2426 593 2517 sigla
613 2428 776 2516 loquitur,
801 2428 838 2492 E.
853 2428 890 2492 E.
905 2427 943 2492 E.
956 2426 983 2492 J.
998 2427 1038 2508 Q.
1051 2426 1097 2493 Μ.
1113 2427 1151 2492 Ε.
1164 2429 1201 2494 A.
1220 2444 1254 2495 et

185 2533 230 2596 sic
253 2530 294 2594 de
319 2532 450 2615 ceperim
470 2535 505 2609 4⁰
527 2533 604 2598 Non
630 2549 716 2598 recte
737 2533 776 2596 V.
799 2534 845 2598 ΓΔ.
869 2531 1043 2609 affirmare,
1067 2535 1250 2601 meminent

185 2653 330 2704 veterum
342 2637 383 2704 de
396 2639 513 2704 talibus
526 2640 626 2728 signis
636 2640 850 2704 formularum
863 2639 1026 2704 memoriae
1035 2637 1251 2726 prodidisse»,

185 2743 236 2809 vel
250 2743 338 2808 solus
355 2743 576 2808 demonstrare
593 2759 702 2834 posset
722 2742 849 2808 Probus
869 2742 933 2830 (1);
954 2743 1012 2807 sed
1030 2743 1152 2808 accedit
1167 2769 1253 2832 quo·

185 2873 249 2937 que
266 2850 439 2914 Iustiniani
455 2851 645 2930 auctoritas,
663 2849 721 2936 qui
737 2849 828 2912 hunc
843 2847 965 2927 injure
987 2848 1139 2936 siglarum
1156 2869 1252 2914 usum

185 2977 333 3043 expresse
348 2954 518 3041 prohibuit
534 2953 591 3042 (a).
609 2954 733 3037 Quinta
750 2951 892 3039 denique
905 2953 987 3018 ratio
1000 2968 1113 3016 contra
1125 2952 1254 3020 Cicero·

186 3083 261 3130 nem
285 3059 375 3140 facit,
395 3060 529 3124 minime
550 3081 627 3124 rero
652 3073 766 3124 contra
788 3073 933 3122 nostram
952 3057 1159 3140 sententiam,
1177 3081 1252 3126 nam

184 3187 287 3254 pone,
307 3165 397 3252 quod
419 3181 511 3253 putat
525 3165 570 3229 Cl.
587 3166 733 3247 Ernesti,
757 3165 935 3228 «formulas
954 3179 1081 3228 tantum
1099 3164 1253 3232 obscuras

185 3289 218 3338 et
234 3287 399 3336 contortas
420 3271 585 3335 actionum
607 3270 802 3360 compositas
825 3270 964 3351 luisse»,
984 3285 1022 3334 ut
1040 3268 1132 3358 plebs
1155 3272 1254 3360 patri·

184 3379 311 3470 ciorum
330 3375 472 3440 obnoxia
493 3390 576 3440 esset
600 3377 750 3457 arbitrio,
772 3397 854 3438 num
876 3375 937 3438 illae
955 3391 1113 3439 contortae
1133 3377 1252 3442 obscu-

185 3507 294 3573 raeque
304 3483 452 3549 formulae
465 3505 532 3548 non
551 3499 716 3571 poterant,
733 3505 828 3570 arque
840 3505 878 3546 ao
891 3482 997 3572 siglae,
1011 3483 1043 3546 in
1061 3483 1131 3548 talis
1145 3484 1254 3548 homi·-
1279 3557 1286 3570 ⁶

185 3591 234 3654 nis
262 3613 377 3654 manus
409 3589 572 3670 incidere,
599 3589 654 3677 qui
687 3589 814 3652 illarum
848 3588 973 3676 peritus
998 3609 1051 3652 eas
1078 3587 1120 3652 ad
1140 3611 1252 3654 auram

185 3696 373 3782 popularem
399 3695 589 3785 captandam
610 3695 741 3784 vulgare
761 3711 870 3780 posset
897 3717 905 3758 :
931 3694 997 3758 sive
1021 3692 1081 3758 illae
1104 3693 1253 3762 formula

221 3963 260 4033 (r)
279 3965 364 4012 Libelll
386 3965 458 4028 lrnjna
477 3967 626 4030 grammatici
646 3983 720 4015 unum
743 3976 816 4030 caput
833 3975 869 4012 est
882 3963 952 4030 (aa),
974 3963 1041 4027 quod
1057 3963 1119 4022 nihil
1145 3967 1252 4018 abibas

188 4053 344 4104 formularum
359 4053 430 4118 siglas
442 4055 622 4118 complectitur.

222 4161 262 4227 (a)
279 4164 316 4209 De
326 4161 496 4225 conceptione
506 4161 601 4224 DIgest.
612 4161 644 4209 ad
653 4162 754 4211 Tribon.
766 4160 782 4224 S
796 4163 835 4208 13.
