2988 4668
269 409 272 414 ⁴
350 421 440 490 PRO
465 422 834 492 JURECONSULTIS
860 424 1080 495 ROMANIS.
1179 426 1250 525 607

177 546 217 609 ab
244 543 359 630 iniquo
383 565 550 632 separans,
577 543 703 608 licitum
720 544 761 607 ab
782 543 895 608 illicito
917 544 1120 630 discernens,
1146 548 1251 616 bonos

178 674 244 714 non
265 651 372 714 solum
391 667 481 714 metu
499 673 684 739 poenarnm,
710 651 938 716 verumetiam
956 653 1165 740 praemiorum
1195 680 1251 720 ex·

177 755 361 820 hortatione
380 755 507 819 el'ficere
532 755 686 843 cupiens,
708 779 817 820 veram
838 756 1092 845 philosophiam,
1123 782 1191 824 non
1208 763 1252 826 si·
1295 813 1299 826 .

177 860 331 922 mulatam
347 906 355 939 ,
373 858 527 921 affectans
544 887 568 920 ι.
582 859 642 921 Ast
662 857 711 921 Ill.
729 858 867 939 Praeses,
886 859 990 944 etqui
1008 881 1083 922 cum
1102 858 1158 924 illo
1174 884 1249 926 sen·

178 966 282 1047 tiunt,
305 987 375 1028 eam
393 963 514 1028 oratori
532 961 718 1027 doctissimo
731 965 813 1044 juris
829 964 978 1052 peritiam
995 963 1095 1029 fuisse
1111 985 1251 1055 negant,

176 1088 214 1134 ut
226 1073 259 1135 in
276 1072 368 1135 illum
384 1070 572 1135 convenerit
588 1068 818 1158 definitio,qna
829 1071 913 1159 ipse,
927 1071 989 1134 sub
1002 1072 1134 1142 Antonii
1151 1074 1252 1157 larva,

176 1176 331 1238 JCtorum
347 1174 475 1236 muneri
490 1173 550 1235 hos
562 1173 675 1259 posuit
687 1173 861 1237 terminos:
873 1204 886 1228 ι
901 1172 939 1236 ld
951 1174 1252 1262 faciam,inquit(1),

177 1276 267 1364 quod
279 1277 313 1339 in
330 1274 490 1363 principio
508 1272 576 1337 fieri
593 1274 626 1336 in
644 1274 798 1337 omnibus
815 1273 1089 1363 disputationibus
1103 1292 1255 1363 oportere

177 1406 315 1464 censeo,
340 1399 397 1463 ut,
417 1380 497 1470 quid
513 1380 593 1444 illud
611 1381 669 1462 sit,
687 1380 728 1445 de
747 1403 814 1468 quo
831 1381 1032 1470 disputetur,
1052 1382 1254 1470 explanetur,

177 1513 219 1553 ne
235 1489 342 1577 vagari
358 1504 391 1553 et
408 1510 514 1551 errare
528 1503 663 1576 cogatur
675 1488 797 1568 oratio,
814 1488 840 1551 si
855 1488 896 1569 ii,
914 1487 971 1575 qui
984 1489 1068 1552 inter
1080 1511 1114 1551 se
1130 1486 1255 1552 dissen-

177 1596 296 1670 serint,
311 1617 378 1658 non
391 1593 477 1656 idom
493 1615 563 1656 esse
578 1591 675 1674 illud,
695 1615 763 1681 quo
780 1591 821 1656 de
837 1593 953 1682 agitur,
970 1594 1185 1682 intelligent...
1197 1595 1252 1659 Sin
1305 1619 1309 1638 ¹

177 1718 286 1764 autem
305 1714 516 1788 quaereretur,
533 1699 682 1787 quisnam
701 1697 954 1779 jurisconsultus
973 1723 1047 1763 vere
1065 1701 1252 1766 nominare·

177 1824 250 1888 tur3
270 1830 345 1870 eum
367 1806 528 1887 dicerem,
556 1806 614 1893 qui
633 1806 742 1894 legum
760 1821 793 1869 et
815 1804 1060 1870 consuetudinis
1085 1805 1170 1888 ejus,
1189 1830 1254 1894 qua

176 1913 290 2001 privati
310 1915 344 1977 in
364 1914 491 1977 civitate
514 1928 697 1994 uterentur,
723 1930 755 1976 et
777 1911 818 1976 ed
839 1910 1128 2000 respondendum,
1155 1930 1188 1977 et
1210 1912 1253 1978 ad

176 2020 359 2109 agendum,
377 2018 465 2084 etad
483 2017 684 2099 cavendum,
709 2019 833 2106 peritus
849 2035 954 2100 esset,
974 2033 1062 2081 etex
1078 2041 1118 2081 eo
1134 2041 1253 2107 genere

176 2126 248 2190 Sex.
259 2126 400 2208 AElium,
415 2125 458 2189 M
461 2175 469 2189 .
478 2124 667 2206 Manilium,
680 2124 715 2188 P.
726 2123 876 2188 Mucium
894 2125 1129 2191 nominarem».
1145 2125 1254 2207 Hune,

177 2233 212 2295 ni
231 2233 338 2312 fallor,
357 2233 389 2295 in
418 2249 529 2296 nostra
554 2230 733 2318 quaestione
761 2233 877 2295 JCtum
905 2230 1081 2318 intelligere
1106 2246 1252 2318 oportet,

177 2341 251 2427 quia
268 2342 376 2429 agitur
387 2340 427 2403 de
439 2339 644 2428 jurisperito,
662 2339 718 2426 qui
735 2337 890 2418 majorem
907 2338 1016 2428 legum
1031 2355 1063 2401 et
1078 2354 1254 2402 consuetu·

178 2445 293 2509 dinum
310 2446 675 2533 patriarum'scientiam
693 2445 883 2532 acquisivit,
902 2467 1001 2533 quam
1029 2461 1068 2508 ut
1091 2461 1201 2509 orator
1220 2461 1253 2508 et

177 2569 332 2638 patronus
356 2550 564 2616 solummodo
583 2551 645 2614 dici
665 2552 785 2639 possit,
803 2553 852 2615 sin
870 2551 939 2615 talis
956 2550 1155 2638 intelligitur,
1173 2574 1250 2616 cum

177 2657 428 2745 Bynltershoelsio
448 2657 543 2746 plane
561 2657 688 2735 sentio;
714 2657 854 2737 etenim,
882 2656 1006 2719 etiamsi
1030 2656 1144 2718 Cicero
1169 2656 1254 2719 inter

178 2765 371 2828 necessarias
387 2763 507 2827 oratori
525 2761 616 2826 dotes
632 2761 712 2840 juris
731 2761 831 2824 civilis
847 2761 995 2823 notitiam
1013 2757 1059 2845 (2)
1080 2753 1251 2843 desideret,

177 2885 228 2933 et«
247 2892 428 2957 numquam
441 2867 486 2955 (3)
507 2869 551 2931 ita
570 2890 604 2931 se
621 2865 662 2930 ad
679 2864 856 2929 dicendum
874 2864 1014 2946 dederit,
1034 2881 1070 2928 ut
1084 2863 1138 2944 jus
1161 2865 1253 2931 civile

177 2991 441 3056 contemneret»,
475 2971 606 3037 abunde
630 2987 739 3035 tamen
759 2994 798 3034 ex
816 2971 877 3053 iis,
909 2994 980 3058 quae
1005 2972 1185 3034 Antonium
1207 2971 1254 3062 (4)

178 3079 397 3169 disputantem
416 3079 561 3154 inducit,
585 3095 734 3166 apparet,
759 3101 834 3142 eum
852 3078 898 3142 sic
914 3077 1067 3158 sensisse,
1080 3074 1188 3158 «juris
1204 3079 1265 3165 ci·¹

177 3188 246 3251 vilis
264 3209 370 3274 neque
393 3185 613 3252 omittendum
631 3209 700 3251 esse
718 3184 863 3253 studium
881 3185 1020 3266 oratori,
1039 3208 1099 3249 nec
1117 3186 1247 3274 penitus

177 3292 397 3381 appetendum
407 3317 438 3374 »3
458 3315 533 3355 nam
545 3290 596 3379 (ut
612 3294 673 3372 ait,
687 3293 828 3379 antiquie
845 3291 1008 3380 elegantiae
1024 3291 1163 3356 idoneus
1175 3293 1249 3356 imi·

178 3416 261 3464 tator
274 3399 338 3489 (5),
356 3400 459 3463 Julius
478 3397 703 3485 Severianus),
722 3423 805 3462 «nec
822 3397 912 3462 rudis
929 3421 999 3462 esse
1015 3397 1113 3463 dehet
1128 3414 1248 3478 orator,

213 3651 250 3715 (r)
268 3653 305 3700 De
317 3654 435 3710 Oratore,
449 3651 492 3699 lib.
505 3653 530 3710 1,
545 3666 599 3714 cap.
612 3651 653 3706 48.
669 3673 673 3680 ·
751 3617 756 3628 ·

214 3752 252 3816 (a)
271 3756 364 3812 Bruto,
378 3769 433 3818 esp.
447 3755 497 3816 93,
515 3752 605 3817 quihus
616 3753 710 3814 junge,
730 3767 783 3814 quoe
796 3751 898 3799 Crassus
910 3749 1020 3813 disputat
1032 3749 1063 3798 de
1081 3751 1203 3800 onttib.
1213 3755 1241 3812 Ι,

177 3859 231 3905 cap.
246 3840 279 3888 36
292 3857 361 3904 seqq.
374 3841 433 3889 item
447 3841 478 3889 de
489 3845 650 3899 Inventione,
664 3840 708 3889 lib.
722 3841 750 3899 t,
764 3855 820 3903 cap.
834 3839 858 3886 5.
869 3838 1004 3904 Schulting.
1015 3839 1064 3888 dl.
1075 3855 1102 3904 p.
1114 3847 1175 3904 ²⁴7·

213 3940 251 4006 (3)
269 3941 442 4007 nongent-
455 3945 478 3998 1.
491 3958 547 4006 car·
559 3950 584 3997 t·

212 4039 249 4105 (t)
269 4042 669 4107 neom.rts.1‚e=r·⁵⁵⁸⁶tt·

215 4144 254 4212 (5)
273 4151 302 4194 ln
322 4147 445 4197 Prooemio
463 4146 494 4195 ad
514 4147 680 4206 Desiderium,
698 4149 823 4211 premisso
838 4145 1034 4210 syntomau'bos,
1049 4145 1101 4194 sive
1118 4144 1248 4212 Praeceptis
