2956 4676
574 357 863 428 EXCURSUS.
1193 383 1262 458 199

183 497 290 561 eamr,
308 480 550 563 majestativis
562 481 715 569 publice,
726 477 890 571 parricidii
907 479 962 566 (de
976 500 1132 570 quoerat
1144 483 1196 549 lex
1208 507 1265 574 pe·

183 589 317 654 culiaris
332 587 519 678 Pompeia),
537 586 701 670 veneficii,
716 587 759 654 de
778 588 933 653 sicariis».
947 587 1071 654 Verum
1090 606 1123 655 et
1139 590 1194 656 bic
1209 590 1264 672 ju·
1301 592 1306 600 ’

185 695 295 778 dicia,
323 717 396 783 quos
421 695 491 785 lege
521 692 660 772 fiebant,
683 694 775 760 facile
800 709 941 783 possunt
962 694 1117 786 intelligi,
1144 711 1179 761 et
1199 697 1265 764 looi

184 799 333 891 ambigui
344 798 387 864 ad
398 823 609 866 communem
620 794 775 866 lCtorum
787 799 979 866 sententiam
991 802 1150 885 revocari,
1166 825 1266 891 quam

184 907 360 972 certiorem
376 905 535 972 hactenus
549 905 749 990 existimavi,
766 921 804 970 ut
818 904 1130 973 viditGotbofredns
1146 908 1181 971 in
1196 908 1265 989 ejus

185 1013 315 1103 generis
329 1012 403 1076 loco
424 1014 462 1078 G.
483 1011 610 1078 Theod.
629 1013 693 1091 IX,
716 1034 773 1101 19,
787 1012 852 1103 leg.
871 1017 903 1091 f.
922 1013 1063 1096 lavero,
1078 1015 1197 1103 aliique
1213 1017 1266 1079 in·

189 1117 425 1208 scriptionibus
442 1119 730 1208 permovebantur,
747 1141 827 1207 quas
842 1133 965 1183 veteres
977 1117 1060 1203 juris
1071 1120 1159 1185 ¹libri
1173 1142 1265 1185 com·

187 1224 300 1314 plures
315 1223 417 1288 titulis
430 1223 638 1309 indiderunt,
653 1224 712 1290 -ad
724 1225 831 1315 legem
844 1223 1027 1290 Corneliam
1041 1223 1082 1290 de
1094 1225 1215 1290 sicariis
1233 1241 1267 1290 et

188 1328 353 1395 veneficiis
364 1359 387 1396 ι.
408 1328 473 1395 Sed
492 1329 594 1412 majus
613 1346 662 1394 est
679 1331 714 1394 in
730 1331 887 1396 Marciani
904 1329 1097 1396 auctoritate
1114 1353 1267 1395 momen·

187 1451 278 1519 tum,
296 1435 355 1526 qui
375 1435 432 1500 lib.
452 1436 529 1500 XIV
545 1436 797 1502 Institutionum
813 1452 941 1526 aperte,
959 1452 1125 1524 tamquam
1143 1457 1183 1500 ex
1201 1459 1268 1501 una
1291 1491 1294 1500 ,

189 1543 280 1635 lege,
291 1567 360 1610 non
372 1567 410 1610 ea
420 1545 526 1610 solum
541 1545 656 1621 refert,
672 1565 745 1634 qum
754 1543 795 1610 ad
808 1545 1023 1634 quaestionem
1034 1545 1121 1609 inter
1135 1545 1267 1612 sicarios

187 1651 371 1739 pertinent,
386 1671 500 1716 verum
514 1651 584 1716 haec
596 1674 731 1741 quoque
753 1651 864 1717 omnia
878 1651 919 1716 de
931 1649 1112 1738 veneficiis,
1131 1666 1164 1716 et
1175 1651 1265 1732 judi·

187 1755 240 1822 cio
252 1775 428 1848 corrupto,
445 1780 518 1847 quse
532 1758 620 1847 lege,
637 1757 729 1822 unde
745 1758 781 1821 in
799 1757 987 1823 Cluentium
1005 1773 1074 1822 erat
1088 1756 1267 1838 judicium,

187 1864 445 1929 continebantur
463 1887 471 1928 ε
490 1864 535 1928 ita
551 1881 590 1929 ut
606 1865 735 1953 «lcapite
746 1865 864 1952 quinto
882 1864 961 1952 legis
979 1863 1137 1929 Corneliae
1152 1862 1193 1927 de
1210 1863 1267 1928 sic.

189 1985 224 2034 et
234 1991 309 2034 ven.
319 1999 332 2026 ι
347 1968 530 2036 devenero
544 1968 678 2034 demum
691 1970 743 2059 agi
756 1970 799 2033 sit
812 1979 973 2058 coaptum,
988 1991 1092 2056 quum
1104 1968 1140 2032 id
1155 1985 1268 2058 caput,

189 2073 281 2163 quod
297 2080 315 2157 §
338 2074 376 2156 3,
397 2097 438 2140 ex
451 2075 528 2162 Ulp.
544 2075 731 2158 citavimus,
756 2074 900 2163 primum
915 2074 950 2138 in
968 2074 1039 2164 lege
1060 2075 1167 2138 fuerit.
1181 2076 1269 2140 Nota

189 2197 270 2246 sunt
288 2181 445 2246 Marciani
459 2180 558 2246 verba
575 2203 614 2246 ex
631 2182 693 2271 leg.
717 2205 731 2246 r
753 2197 786 2246 et
809 2180 848 2263 3,
867 2183 907 2246 D.
927 2180 960 2246 b.
982 2182 1031 2244 tir.
1053 2182 1137 2264 Quis
1157 2197 1268 2246 autem

190 2303 334 2376 quatuor
348 2287 428 2378 legis
439 2287 548 2375 priora
562 2288 666 2376 capita
684 2287 822 2364 sicariis,
841 2285 1065 2368 incendiariis,
1084 2303 1117 2351 et
1133 2287 1268 2376 parrici-

190 2391 241 2457 dis
267 2393 434 2482 negaverit
463 2392 654 2458 suffecisse?
679 2393 847 2458 Marciano
874 2391 972 2458 fidem
999 2392 1138 2458 adstruit
1162 2391 1268 2457 Julius

190 2497 311 2563 Paulus
327 2497 366 2580 V,
382 2514 524 2564 sentent.
542 2498 599 2582 23,
615 2503 633 2581 §
655 2522 668 2563 r
686 2514 719 2563 et
740 2521 791 2563 ro.
809 2499 885 2563 Haec
898 2499 1010 2580 attuli,
1030 2513 1067 2564 ut
1080 2515 1269 2588 appareret,

189 2625 290 2693 quam
299 2602 402 2683 justas
413 2605 513 2669 unius
523 2605 738 2695 agnoscende
749 2605 830 2695 legis
846 2605 994 2694 plerique
1008 2589 1184 2670 doctorum
1196 2627 1271 2669 carr·

189 2731 241 2774 sas
263 2708 449 2775 habuerint.
469 2711 563 2794 Quos
584 2709 717 2799 quidem
736 2727 915 2800 sequutum
937 2733 1007 2775 esse
1025 2733 1097 2793 me,
1119 2709 1269 2774 nondum

189 2813 335 2904 prenitet.
353 2816 506 2880 Tulliano
526 2817 600 2882 loco
622 2837 691 2880 non
715 2817 817 2905 magis
837 2837 985 2898 moveor,
1005 2837 1103 2904 quam
1123 2816 1272 2879 acerrimi

188 2920 240 2985 vir
254 2919 367 3000 judicii
381 2921 526 2986 Pitboeus
544 2945 551 2987 :
569 2922 648 3010 qui,
664 2920 746 2987 dum
762 2922 856 2987 illum
872 2922 893 2986 l.
911 2945 939 2986 c.
957 2921 1088 3001 recitat,
1106 2943 1207 2985 unam
1221 2921 1270 2985 le·

190 3047 285 3116 gem,
302 3026 453 3116 duosque
470 3041 626 3116 praetores
647 3027 744 3092 simul
761 3042 855 3116 putat
875 3049 971 3115 posse
989 3025 1177 3090 consistere.
1199 3026 1269 3089 Du·

190 3153 266 3198 rum
289 3148 340 3198 est
364 3132 451 3197 enirn
478 3133 644 3196 Marciano
670 3129 770 3196 finem
794 3130 975 3220 denegare,
992 3131 1049 3220 qui
1066 3153 1143 3195 oum
1162 3125 1271 3195 Tullio

190 3253 259 3304 tam
270 3237 363 3303 facile
375 3237 578 3302 conciliatur.
593 3236 712 3302 Affinis
724 3260 794 3302 esse
805 3237 900 3302 cedis
912 3259 949 3301 ao
959 3235 1107 3303 veneficii
1119 3237 1271 3319 crimina,

191 3365 292 3408 nemo
302 3341 511 3408 inficiabitur.
524 3343 635 3425 Quare
647 3365 715 3408 una
733 3343 804 3432 lege
818 3342 972 3431 conjungi
991 3365 1060 3406 non
1073 3358 1273 3431 potuerunt,

192 3471 296 3537 quum
311 3448 371 3514 alia
386 3449 484 3540 longe
500 3450 601 3540 magis
617 3449 729 3516 dissita
746 3448 1011 3540 conjungantur?
1021 3450 1271 3516 Ferratiuscurn

194 3553 359 3632 Grucbio,
374 3555 511 3643 aliisque
526 3555 674 3644 plurimis
689 3579 757 3622 nou
770 3572 912 3638 veretur,
923 3555 1028 3646 legem
1040 3555 1083 3620 de
1097 3556 1180 3620 falso
1192 3555 1274 3619 huic

195 3659 258 3748 ipsi
274 3659 315 3726 de
330 3660 493 3727 veneficiis
507 3660 679 3727 adnectere
696 3661 836 3750 :quade
851 3686 887 3728 re
900 3662 985 3728 infra
998 3661 1115 3728 dicam.
1127 3659 1190 3726 Sed
1202 3660 1273 3724 nul·

195 3766 351 3852 luserat,
369 3769 498 3857 iuquit,
516 3769 586 3834 falsi
605 3770 775 3857 peculiaris
800 3787 919 3858 praetor
936 3793 944 3834 ι
964 3792 1051 3834 unus
1068 3768 1110 3833 de
1128 3789 1273 3850 veneno,

194 3870 236 3938 de
244 3873 371 3954 judicio
385 3891 560 3964 corrupto,
573 3897 610 3940 ac
626 3875 666 3940 de
680 3877 762 3942 falso
774 3876 956 3964 quaerebat..
970 3876 1023 3940 Sic
1034 3897 1112 3940 vero
1124 3875 1274 3963 quotuni

195 3981 327 4068 praetori
341 3980 491 4071 negotia,
509 3997 542 4046 et
557 4002 657 4068 quarn
674 3980 800 4047 diversa
815 3977 1030 4046 mandantur!
1066 4012 1071 4027 ·
1226 3975 1229 3984 ’

239 4088 297 4156 Vl.
307 4087 516 4178 Quamqum
529 4087 581 4154 bis
592 4109 653 4179 eqo
665 4105 833 4169 nonutor,
848 4111 953 4176 quum
961 4088 1053 4153 aliam
1066 4088 1164 4152 fuisse
1171 4087 1276 4176 legem
