2988 4668
397 399 590 469 omno
614 400 717 468 ruo
741 399 781 470 c.
809 397 1040 470 Muenna.
1185 353 1255 481 toi

235 525 282 594 At
301 522 397 592 enim
415 523 488 618 agit
505 545 649 592 mecum
671 534 813 606 austere
832 535 868 593 et
888 523 1041 594 stoiceIl
1060 525 1161 594 Cato.
1185 529 1255 598 Ne·

185 647 246 727 gat
265 653 391 702 verum
409 655 505 718 esse,
525 631 619 702 allici
637 629 919 706 benivolentiam
935 630 1036 722 cibo,
1056 647 1181 730 negat,
1193 637 1253 732 jn·

181 741 320 814 dicium
349 741 538 815 bominum
569 743 610 814 in
640 741 905 839 magistratibus
936 741 1149 817 mandandis
1176 769 1255 818 oor-

184 853 306 950 rumpi
331 852 577 952 voluptatibus
595 867 775 952 oportere.
793 857 891 950 Ergo
912 854 958 926 ad
978 877 1142 944 coenam,
1163 861 1254 954 peti·

185 965 294 1036 tionis
316 988 445 1052 causa,
473 967 613 1061 siquis
639 977 766 1048 vocat,
793 961 1065 1044 condemnetur.
1085 965 1253 1064 Quippe,

183 1074 325 1170 inquit,
346 1088 387 1144 tu
405 1069 538 1146 mihi¹⁵
559 1097 744 1146 summum
764 1075 979 1172 imperium,
997 1098 1175 1146 summam
1194 1101 1255 1148 au*

185 1184 407 1270 ctoritatem,
425 1195 466 1264 tu
485 1181 730 1279 gubernacula
747 1183 955 1282 reipublicae
974 1199 1075 1283 petas
1090 1183 1255 1260 fovendis

184 1292 376 1366 hominum
400 1292 584 1381 sensibus,
615 1309 651 1365 et
677 1293 895 1370 deliniendis
921 1297 1067 1384 animis,
1090 1310 1128 1368 et
1151 1297 1254 1370 edhi-

182 1400 313 1474 bendis
333 1403 607 1501 uoluptatibus?
625 1408 757 1476 Utrum
774 1405 996 1482 lenocinium
1010 1404 1052 1496 ¹⁶,
1071 1409 1213 1504 inquit,
1232 1435 1253 1484 s
1286 1425 1292 1448 ¹

185 1537 293 1610 grege
317 1513 476 1586 delicatae
498 1516 718 1609 juventutis,
743 1539 790 1585 an
813 1514 914 1586 orbis
935 1530 1111 1588 terrarum
1137 1519 1255 1616 impe·

184 1625 278 1694 rium
301 1649 321 1696 a
341 1625 480 1722 populo
498 1649 651 1696 romano
673 1623 845 1721 petebas?
862 1623 1053 1699 Horribilis
1068 1635 1097 1680 ¹⁷
1119 1629 1254 1700 oratio:

184 1734 247 1808 sed
262 1759 341 1806 eam
356 1760 464 1820 usus,
479 1737 570 1820 vita,
584 1759 724 1824 mores,
739 1736 862 1806 civitas
873 1739 950 1833 ipsu
964 1738 1112 1833 respuit.
1126 1741 1254 1836 Neque

184 1859 303 1919 temen
319 1843 601 1930 Lacedaemonii,
622 1858 788 1918 auctores
806 1849 909 1920 istius
922 1846 1001 1918 vitae
1011 1842 1041 1889 1⁸
1055 1861 1166 1943 atque
1180 1839 1278 1920 ora-⁸

185 1958 293 2058 tionis
302 1964 315 2044 ⁴,
332 1958 396 2054 qui
410 1955 629 2052 quotidianis
641 1955 758 2054 epulis
772 1958 809 2028 iu
823 1955 957 2027 robore
969 1963 1002 2012 ¹⁹
1016 1955 1255 2046 accumbunt;

185 2091 306 2162 neque
328 2092 415 2137 vero
434 2070 578 2154 Cretes,
597 2075 755 2164 quorutn
778 2090 887 2138 nemo
905 2067 1060 2163 gustavit
1081 2091 1255 2164 umquam

184 2178 341 2265 cubans,
362 2177 507 2264 melius,
526 2201 636 2273 quam
654 2181 793 2250 romani
809 2177 992 2264 homines,
1010 2177 1075 2273 qui
1091 2191 1255 2275 tempora

182 2287 418 2384 voluptatis²⁰
437 2285 643 2384 laborisque
661 2286 900 2386 dispertiunt,
924 2285 1148 2385 respublicas
1172 2313 1254 2363 suas

183 2399 439 2469 retinuerunt:
469 2421 629 2493 quorum
654 2397 816 2486 alteri21,
846 2423 923 2486 uno
951 2395 1112 2472 adventu
1139 2403 1255 2472 nostri

182 2561 287 2621 datum
301 2559 437 2609 mndidstis
444 2561 551 2610 muueris
563 2577 639 2628 genus
647 2563 694 2610 im-
738 2563 782 2610 sed
793 2563 902 2612 reclinati
913 2563 939 2611 iu
952 2579 1012 2611 suxo
1023 2574 1067 2612 sut
1078 2563 1147 2628 ligno
1157 2582 1254 2615 secuns-

181 2633 272 2706 pletnri
738 2642 837 2690 bebsut.
852 2643 968 2692 similiter
989 2643 1056 2706 spud
1079 2644 1222 2706 Cretenses,
1237 2664 1253 2696 s

220 2731 259 2778 tt.
270 2723 371 2770 Austere
379 2731 405 2768 et
412 2720 494 2768 stoice.
501 2723 594 2786 Aspera
602 2733 626 2770 et
635 2724 696 2774 stoi·
740 2721 829 2784 quibus
836 2721 1069 2770 udlneedtemoqus
1077 2720 1203 2785 pleneque
1213 2725 1255 2774 de·

180 2818 207 2849 es
218 2804 346 2850 severium
354 2815 515 2864 egerereeeum
529 2802 648 2850 Catonem
661 2803 696 2850 sit
739 2800 879 2863 migmisse
888 2799 952 2862 leges
961 2799 1035 2846 trudit
1048 2799 1199 2851 Plutarchus.

181 2883 276 2938 Cicero,
290 2891 314 2928 et
324 2889 359 2926 est
373 2895 430 2926 sune
445 2879 573 2927 vehemens
586 2891 610 2926 et
622 2895 696 2943 grsve
781 2881 858 2940 ¹9.1n
868 2879 964 2925 rubore.
973 2879 1002 2925 lu
1010 2877 1161 2940 liguorem
1172 2897 1219 2930 uos
1227 2883 1253 2930 in

181 2959 320 3018 obimm,
342 2957 410 3020 quod
431 2967 516 3005 orstor
538 2957 610 3005 elusit
621 2958 696 3022 nugis
739 2955 993 3004 lectissoeumblsuus.

181 3053 255 3100 quem
266 3035 392 3084 refutssit.
610 3029 615 3040 ⁸
778 3049 822 3083 uo.
847 3036 967 3098 Temporis
989 3033 1132 3097 nonnam.
1150 3036 1255 3088 Videtur

220 3115 260 3165 15.
281 3113 353 3164 niti.
370 3117 425 3164 Hoc
442 3111 500 3163 loeo
512 3124 613 3163 onustus
625 3127 651 3166 et
662 3115 698 3164 sf-
742 3113 884 3164 cicerosoc
895 3111 1072 3161 loooPerieleru
1081 3114 1197 3177 imitetur,
1203 3121 1255 3183 qui,

182 3196 260 3246 foetus
273 3211 344 3243 esusu
357 3195 466 3259 ponitur.
743 3193 802 3242 dum
816 3192 975 3242 Athenienses
996 3192 1138 3241 interfectos
1157 3195 1254 3248 funebri

222 3277 261 3325 ro.
273 3277 358 3322 verum
371 3273 528 3322 lnocinium.
549 3275 637 3322 Utrum
650 3289 697 3339 pn·
740 3284 811 3320 ornet
819 3271 1100 3331 uoneloue,iisdeuslers
1105 3279 1254 3338 mgnmmfi.

181 3356 250 3403 tubus
263 3355 311 3402 boe
323 3355 376 3419 sgi,
390 3365 419 3402 ut
429 3365 453 3402 te
463 3355 580 3414 juventus
592 3351 695 3402 deliostu
739 3357 827 3413 utitur,
836 3366 950 3402 ntsevers
957 3353 1253 3413 Incedtemuiorumslts

178 3446 206 3484 st
219 3445 334 3500 eorrupts
352 3433 482 3498 quemdem
500 3431 630 3480 libidinum
650 3449 694 3480 ou·
738 3436 887 3500 superiorem
912 3433 1097 3484 Atheniensium
1124 3435 1251 3485 mollitiem

173 3525 284 3562 mtorssu
295 3515 467 3572 constitueret,
485 3529 517 3560 su
533 3523 562 3560 ut
575 3511 643 3560 orbis
658 3529 695 3560 re·
738 3513 859 3562 ostendet.
873 3511 921 3561 Sed
932 3523 1035 3578 uterque
1042 3515 1148 3577 tenpsm'
1161 3515 1235 3563 servit
1245 3533 1252 3574 ς

174 3593 253 3657 pendi
267 3604 411 3657 poteststens
426 3592 481 3640 ¹tllsi
500 3591 608 3658 populus
632 3608 693 3640 rom.
737 3605 763 3642 et
779 3595 893 3642 miserum
907 3604 942 3640 est
955 3595 1098 3642 Cicerone·
1113 3593 1145 3640 sd
1168 3593 1252 3644 defeu-

181 3674 338 3736 permitteret.
739 3673 844 3724 tlendsm
857 3687 967 3729 esuum,
981 3673 1012 3719 lis
1025 3671 1094 3718 sbuti
1106 3673 1253 3732 ntisnibus,

219 3765 258 3814 17.
272 3749 500 3811 Hunililisoratr'o.
514 3751 614 3799 Amores
623 3759 647 3796 et
655 3749 695 3796 ni-
738 3767 794 3816 quoe
805 3769 850 3802 neo
860 3752 1000 3808 consulem,
1015 3767 1061 3798 neo
1072 3754 1204 3816 sapientem
1214 3753 1253 3801 de

179 3831 256 3878 sulum
268 3845 357 3878 urmes
365 3846 447 3879 voees.
737 3843 802 3880 eeut.

220 3913 259 3959 rt.
285 3910 356 3958 Istius
373 3911 439 3959 νὶιω.
462 3913 536 3960 uum
554 3920 578 3960 et
590 3927 690 3976 ssperae.
774 3925 815 3960 ur.
831 3909 916 3958 Alteri.
930 3910 1027 3966 Cretes,
1041 3921 1104 3970 quos
1114 3911 1148 3972 Q.
1165 3909 1252 3958 Metel·

180 3992 266 4040 Sciunt
280 4005 363 4040 omnes
376 3988 694 4039 medemini-metm
737 3989 791 4049 lus,
800 3992 842 4055 qni
851 4005 907 4037 onus
916 3991 948 4052 Q.
957 3988 1090 4036 Hortensio
1099 3987 1185 4036 consul
1195 3989 1250 4049 iit,

180 4087 222 4119 seu
233 4069 343 4135 publiuss
355 4069 439 4135 epulss
445 4069 590 4127 instituisse,
607 4072 634 4118 lu
639 4069 692 4133 qui·
737 4069 878 4133 iugeutibus
887 4067 977 4133 multi·
989 4069 1054 4118 intus
1063 4067 1194 4116 triennium
1202 4070 1249 4119 de-

94 4131 97 4137 .
180 4150 226 4198 bus
242 4149 303 4198 nibil
317 4148 515 4197 substernebatur
530 4147 692 4211 opulentibus,
736 4147 851 4208 bdlsvii,
864 4159 889 4196 et
908 4165 942 4195 ex
958 4163 987 4196 es
1007 4147 1084 4194 insnls
1099 4147 1248 4212 triumphurn

1071 4238 1127 4307 36.
