2958 4670
239 415 310 500 tet
557 413 606 480 Μ.
632 411 671 478 ἰ.
698 411 980 480 Crannonis

238 559 344 609 causa
364 533 610 606 veliementior
625 555 721 620 sum,
736 555 810 602 non
825 533 1012 602 atrocitate
1026 530 1135 598 animi
1151 551 1300 600 moveor

239 647 344 744 (quis
362 647 456 716 enim
486 655 540 714 est
561 641 742 738 mitiori),
769 640 832 713 sed
857 640 1030 738 singulari
1048 639 1202 736 quadam
1229 639 1299 709 hu-

238 757 408 860 manitate
437 766 472 825 et
501 751 752 823 misericordia.
790 751 926 822 Videor
958 751 1056 821 enim
1086 748 1176 819 mihi
1205 748 1300 820 hanc

236 863 367 936 urbem
390 862 510 933 videre
521 856 550 948 ⁸,
575 862 693 932 lucem
719 858 817 965 orbis¹
845 876 1021 932 terrarum
1047 873 1155 956 atque
1180 883 1298 931 arcem

129 963 132 978 ⁴
236 982 397 1050 omnium
416 978 598 1074 gentium,
617 972 739 1058 subito
755 999 830 1046 uno
845 973 1014 1046 incendio
1031 972 1298 1061 concidentem3

237 1113 347 1160 cerno
363 1089 484 1156 animo
501 1084 640 1184 sepulta
657 1085 694 1154 in
714 1087 827 1181 patria
847 1085 998 1173 miseros
1015 1097 1125 1178 atque
1142 1083 1298 1179 insepul-

236 1211 294 1268 tos
307 1196 617 1280 acervoswcivium3
635 1207 796 1264 versatur
818 1193 908 1262 mihi
929 1208 1011 1263 ante
1027 1192 1153 1263 oculos
1174 1193 1299 1290 adspe-

236 1323 315 1380 ctus
326 1305 473 1401 Cethegi
490 1320 526 1375 et
538 1301 638 1374 furor
652 1307 689 1372 in
707 1295 823 1373 vestra
836 1301 932 1374 caede
944 1299 1161 1373 bacchantis.
1175 1303 1299 1392 Quum

152 1493 155 1506 ,
235 1442 322 1489 vero
341 1413 429 1486 mihi
448 1414 623 1512 proposui
641 1426 852 1510 regnantem
874 1410 1090 1498 Lentulum,
1112 1413 1299 1507 sicutipse

235 1551 273 1598 se
295 1551 339 1597 ex
357 1523 437 1596 fatis
456 1532 643 1622 sperasse⁹
663 1520 849 1593 confessus
870 1535 943 1609 est,
963 1536 1202 1621 purpuratum
1223 1545 1299 1592 esse

235 1638 334 1708 huuc
357 1633 551 1706 Gabinium
566 1642 611 1722 ¹⁰,
624 1655 717 1704 'cum
744 1633 903 1704 exercitu
931 1633 1068 1703 venisse
1088 1631 1296 1714 Catilinam,

232 1761 312 1818 tum
334 1745 626 1816 lamentationem
641 1721 963 1828 matrumfamilias,
982 1756 1061 1840 tum
1081 1738 1204 1838 fugam
1224 1742 1298 1809 vir-

232 1861 356 1954 ginum
371 1871 480 1952 atque
492 1845 705 1951 puerorum,
727 1877 768 1924 ac
787 1854 1014 1927 vexationem
1033 1851 1212 1948 virginum
1227 1854 1299 1920 Ve-

231 1965 371 2036 stalium
391 1955 627 2061 perhorresco
647 1989 654 2032 :
679 1976 732 2050 et,
750 1965 834 2060 quia
858 1962 947 2031 mihi
968 1960 1202 2032 vehementer
1221 1960 1298 2031 haec

231 2072 400 2144 videntur
426 2073 553 2150 misera
576 2086 685 2167 atque
708 2069 908 2142 miseranda
923 2081 966 2160 ¹¹,
996 2069 1131 2142 idcirco
1151 2074 1189 2141 in
1214 2094 1294 2153 eos,

235 2182 365 2278 quiea
390 2178 564 2279 perficere
591 2181 802 2266 voluerunt,
825 2206 883 2252 me
909 2205 1076 2252 severum
1101 2181 1298 2252 vehemen-

234 2307 384 2390 temque
419 2290 564 2388 praebeo
580 2301 619 2360 ν’.
653 2293 794 2360 Etenim
826 2315 948 2389 quaero
979 2293 1008 2361 si
1034 2295 1117 2387 quis
1141 2289 1300 2389 paterfa-
1338 2304 1341 2308 ’

235 2467 333 2525 Orator,
343 2462 363 2509 si
375 2461 436 2525 quid
445 2460 550 2525 profer-at
559 2463 639 2508 minus
647 2476 745 2518 rerum,
827 2477 866 2510 an.
877 2462 985 2510 Praebeo.
995 2461 1076 2508 Caesar
1083 2459 1150 2524 apud
1160 2460 1300 2509 Sallustium

235 2541 350 2591 concedit
358 2551 388 2589 ut
398 2541 449 2587 voti
462 2541 499 2588 sui
509 2555 560 2588 uon
570 2541 600 2587 sit
612 2555 725 2604 compos.
787 2539 822 2589 ait
835 2543 961 2605 plerosque
979 2541 1113 2604 composite
1129 2557 1157 2588 ac
1170 2539 1299 2604 magnifice

270 2621 295 2669 8.
319 2620 411 2668 Videor
427 2617 490 2666 enim
508 2617 631 2668 mitt...
650 2619 745 2667 arridere.
788 2611 1019 2684 casum'reipublicd
1030 2619 1298 2683 miseratoseasc3qun

235 2699 415 2764 Hypotypoeis,
422 2697 448 2744 id
458 2707 506 2756 est,
516 2714 543 2745 es
552 2697 591 2745 rel
602 2697 633 2745 ad
647 2712 746 2746 moron·
788 2697 848 2746 belli
856 2699 946 2746 serina
960 2707 1039 2760 esset,
1053 2713 1108 2761 quse
1121 2698 1191 2746 victis
1204 2700 1301 2756 cecide*

212 2777 355 2834 ·durn,rel
364 2776 394 2826 ad
402 2775 571 2824 delectandum
579 2774 746 2840 ligura,qnum
789 2788 861 2835 rent,
885 2777 1072 2835 enumeravisac3
1107 2792 1181 2840 quarn
1200 2793 1300 2826 enumc-

235 2868 333 2906 resecta
341 2856 419 2904 verbis
427 2857 460 2902 ita
468 2855 621 2919 exprimitur,
630 2865 657 2901 ut
669 2855 746 2904 oculis
790 2856 906 2904 rationem
925 2855 957 2904 ad
975 2856 1067 2904 nullam
1086 2872 1136 2905 rem
1156 2858 1299 2921 pertinuisse
1382 2849 1387 2854 ⁵

234 2937 341 2997 subiecta
354 2935 479 2994 rideatur;
489 2935 609 2999 aptissima
621 2933 698 2982 estad
710 2949 746 2981 sc·
789 2933 884 2995 innuit,
893 2935 941 2982 nisi
951 2945 978 2984 ut
987 2946 1105 2984 cresceret
1114 2936 1202 2986 oratio.
1214 2937 1299 2985 Cicero

234 3026 350 3065 natorum
362 3013 456 3062 suimus
466 3011 660 3061 inflammandos.
789 3016 1055 3076 autemcoujuratornrn
1061 3015 1160 3064 nemim
1168 3015 1299 3064 etcomilia

177 3087 179 3090 ’
272 3111 297 3156 9.
305 3095 347 3142 Ex
347 3091 413 3158 satis
420 3107 535 3158 sperasse.
546 3089 658 3139 Exlibris
666 3089 745 3154 Sibyl·
788 3092 951 3156 appellando,
962 3093 1020 3142 illos
1038 3109 1091 3144 uon
1105 3094 1174 3142 locus
1189 3109 1299 3142 comten-

235 3173 292 3220 liuie
305 3173 353 3219 fata
363 3169 559 3235 praedicentibus.
789 3186 831 3218 nes
844 3171 917 3218 fuisse
929 3172 1000 3220 facile
1013 3172 1172 3220 demonstrat.
1186 3173 1298 3221 Ceterum

256 3243 312 3298 ¹ro.
333 3253 497 3314 Purpnratum
516 3263 569 3296 esse
586 3247 649 3294 Ιιιιιιι·
670 3246 746 3294 Gabi·
788 3250 854 3298 fuere
872 3250 916 3314 qui
938 3251 1063 3299 crederent
1081 3251 1162 3300 locum
1180 3251 1249 3300 illum
1272 3253 1299 3300 in

235 3328 310 3376 nicam.
328 3327 372 3374 Ille
387 3328 524 3392 praecipuus
540 3325 638 3374 Lentuli
654 3325 745 3381 auriens
788 3343 839 3391 qno
850 3331 1042 3395 Cesarcogitata
1052 3330 1158 3394 explicat
1170 3331 1271 3379 omnino
1284 3348 1297 3378 a

236 3418 296 3469 erat.
316 3407 341 3454 si
357 3406 474 3454 Lentulus
489 3414 634 3462 :excreatus
644 3404 742 3464 fuisset,
788 3407 901 3456 Sallustio
921 3409 1084 3472 excogitatum
1102 3425 1131 3457 ac
1151 3406 1297 3464 confictum,

234 3485 363 3536 Gabinium
375 3500 480 3549 purpura
489 3484 622 3530 ornavisset
632 3493 659 3530 ut
669 3483 754 3530 urini-¹
786 3486 830 3549 qui
839 3497 895 3550 post
905 3486 994 3542 bellum
1006 3487 1130 3546 scribent,
1140 3487 1233 3536 ironice
1243 3489 1300 3552 pnl-

233 3579 322 3624 atrurn,
340 3564 480 3630 praefectum
493 3573 536 3612 ant
552 3562 666 3611 amicum.
684 3563 742 3610 Pur-
787 3564 910 3614 cherrimte
925 3567 1050 3616 Ciceronis
1066 3567 1224 3632 descriptioni
1237 3568 1300 3615 allu-
1361 3557 1363 3564 ⁴

234 3647 315 3710 purati
328 3646 410 3701 enirn,
433 3652 461 3690 nt
475 3641 576 3690 adnotat
587 3639 741 3696 scholiastes.
787 3643 844 3691 dere
856 3644 918 3693 velle
931 3645 1035 3695 videtur.
1048 3648 1140 3694 Verum
1153 3646 1242 3693 omissa
1257 3647 1299 3696 illa

233 3723 336 3789 major-ea
356 3733 413 3772 sunt
436 3731 596 3786 tyrannorum
614 3719 740 3772 satellites,
786 3723 964 3783 conjectatione
976 3740 1031 3788 quae
1042 3723 1116 3772 nullis
1129 3725 1201 3772 certis
1213 3725 1299 3774 funda·

234 3818 263 3850 ac
276 3803 348 3867 primi
362 3800 472 3849 ministri.
649 3835 653 3845 .
787 3802 873 3849 mentia
887 3803 987 3862 nititur,
1008 3803 1117 3851 arbitrari
1130 3803 1188 3851 licet
1201 3819 1214 3850 a
1230 3805 1300 3868 prio·

271 3897 310 3928 rr.
325 3881 413 3929 Misera
425 3890 498 3944 atque
507 3877 655 3928 miseranda.
669 3881 743 3946 Miser
787 3877 1300 3944 ribiraoratoribusdeploratascalamitates,

233 3973 284 4006 non
293 3975 386 4022 semper
395 3959 560 4018 miserandus,
572 3968 599 4005 ut
610 3958 742 4007 homicida.
787 3974 846 4024 quas
855 3975 918 4024 resp.
929 3961 1066 4023 effugissem
1078 3976 1138 4022 quas
1147 3975 1219 4008 voces
1229 3961 1300 4008 velie·

233 4038 368 4093 Iunocens‚
382 4039 403 4083 si
414 4047 564 4100 torqueatur,
575 4047 599 4084 et
609 4035 681 4084 uriam
693 4048 744 4098 ert,
786 4038 862 4086 menti
873 4038 963 4087 affectu
977 4053 1101 4102 expressas
1117 4048 1200 4103 postea
1215 4041 1303 4088 Caew

234 4113 428 4164 etmiseraudns.
785 4133 835 4164 rem
859 4117 945 4182 frigide
965 4128 989 4167 ct
1013 4118 1128 4166 derisorie
1152 4117 1298 4174 recitacione.
