<?xml version="1.0" encoding="UTF-8"?>
<!DOCTYPE html PUBLIC "-//W3C//DTD XHTML 1.0 Transitional//EN"
    "http://www.w3.org/TR/xhtml1/DTD/xhtml1-transitional.dtd">
<html xmlns="http://www.w3.org/1999/xhtml" xml:lang="en" lang="en">
 <head>
  <title>
</title>
<meta http-equiv="Content-Type" content="text/html;charset=utf-8" />
  <meta name='ocr-system' content='tesseract 3.04.00' />
  <meta name='ocr-capabilities' content='ocr_page ocr_carea ocr_par ocr_line ocrx_word'/>
</head>
<body>
  <div class='ocr_page' id='page_1' title='image "./mtciceronisquae00lemagoog_0196.png"; bbox 0 0 2956 4676; ppageno 0'>
   <div class='ocr_carea' id='block_1_1' title="bbox 153 337 1328 2404">
    <p class='ocr_par' dir='ltr' id='par_1_1' title="bbox 153 337 1328 1772">
     <span class='ocr_line' id='line_1_1' title="bbox 345 337 1217 435; baseline 0 -19"><span class='ocrx_word' id='word_1_1' title='bbox 345 346 540 416; x_wconf 73' lang='lat' dir='ltr'><strong>oestro</strong></span> <span class='ocrx_word' id='word_1_2' title='bbox 565 337 661 418; x_wconf 78' lang='lat' dir='ltr'><strong>ruo</strong></span> <span class='ocrx_word' id='word_1_3' title='bbox 685 348 724 416; x_wconf 81' lang='lat' dir='ltr'><strong>A.</strong></span> <span class='ocrx_word' id='word_1_4' title='bbox 750 344 1036 422; x_wconf 69' lang='lat' dir='ltr'><strong>centurio.</strong></span> <span class='ocrx_word' id='word_1_5' title='bbox 1152 339 1217 435; x_wconf 81' lang='lat'><strong>187</strong></span> 
     </span>
     <span class='ocr_line' id='line_1_2' title="bbox 154 464 1219 565; baseline -0.008 -23"><span class='ocrx_word' id='word_1_6' title='bbox 154 467 340 554; x_wconf 82' lang='lat' dir='ltr'><strong>moliatur,</strong></span> <span class='ocrx_word' id='word_1_7' title='bbox 360 465 449 563; x_wconf 89' lang='lat' dir='ltr'><strong>quid</strong></span> <span class='ocrx_word' id='word_1_8' title='bbox 467 464 625 564; x_wconf 88' lang='lat' dir='ltr'><strong>denique</strong></span> <span class='ocrx_word' id='word_1_9' title='bbox 643 465 806 565; x_wconf 87' lang='lat' dir='ltr'><strong>quotidie</strong></span> <span class='ocrx_word' id='word_1_10' title='bbox 822 469 971 563; x_wconf 75' lang='lat' dir='ltr'><strong>cogitet,</strong></span> <span class='ocrx_word' id='word_1_11' title='bbox 989 483 1098 560; x_wconf 86' lang='lat' dir='ltr'><strong>quem</strong></span> <span class='ocrx_word' id='word_1_12' title='bbox 1114 465 1219 558; x_wconf 84' lang='lat' dir='ltr'><strong>igno·</strong></span> 
     </span>
     <span class='ocr_line' id='line_1_3' title="bbox 153 572 1221 673; baseline -0.006 -23"><span class='ocrx_word' id='word_1_13' title='bbox 153 601 237 650; x_wconf 80' lang='lat' dir='ltr'><strong>rure</strong></span> <span class='ocrx_word' id='word_1_14' title='bbox 260 589 425 652; x_wconf 82' lang='lat' dir='ltr'><strong>nostrum</strong></span> <span class='ocrx_word' id='word_1_15' title='bbox 447 577 575 673; x_wconf 79' lang='lat' dir='ltr'><strong>putat?</strong></span> <span class='ocrx_word' id='word_1_16' title='bbox 599 582 702 672; x_wconf 88' lang='lat' dir='ltr'><strong>Quos</strong></span> <span class='ocrx_word' id='word_1_17' title='bbox 722 575 927 673; x_wconf 87' lang='lat' dir='ltr'><strong>appellarit,</strong></span> <span class='ocrx_word' id='word_1_18' title='bbox 952 572 1085 672; x_wconf 88' lang='lat' dir='ltr'><strong>quibus</strong></span> <span class='ocrx_word' id='word_1_19' title='bbox 1109 595 1221 669; x_wconf 84' lang='lat' dir='ltr'><strong>pecu-</strong></span> 
     </span>
     <span class='ocr_line' id='line_1_4' title="bbox 154 679 1222 783; baseline -0.007 -23"><span class='ocrx_word' id='word_1_20' title='bbox 154 688 258 760; x_wconf 86' lang='lat' dir='ltr'>niam</span> <span class='ocrx_word' id='word_1_21' title='bbox 286 686 513 783; x_wconf 80' lang='lat' dir='ltr'><strong>promiserit,</strong></span> <span class='ocrx_word' id='word_1_22' title='bbox 542 711 699 782; x_wconf 87' lang='lat' dir='ltr'><strong>quorum</strong></span> <span class='ocrx_word' id='word_1_23' title='bbox 728 683 838 756; x_wconf 85' lang='lat' dir='ltr'><strong>fidem</strong></span> <span class='ocrx_word' id='word_1_24' title='bbox 864 684 980 781; x_wconf 89' lang='lat' dir='ltr'><strong>pretio</strong></span> <span class='ocrx_word' id='word_1_25' title='bbox 1007 679 1222 762; x_wconf 84' lang='lat' dir='ltr'><strong>labefactare</strong></span> 
     </span>
     <span class='ocr_line' id='line_1_5' title="bbox 155 788 1221 885; baseline -0.01 -11"><span class='ocrx_word' id='word_1_26' title='bbox 155 811 289 874; x_wconf 69' lang='lat' dir='ltr'><strong>(tonate</strong></span> <span class='ocrx_word' id='word_1_27' title='bbox 307 795 369 882; x_wconf 82' lang='lat' dir='ltr'><strong>eit,</strong></span> <span class='ocrx_word' id='word_1_28' title='bbox 391 809 567 868; x_wconf 88' lang='lat' dir='ltr'><strong>tenemus.</strong></span> <span class='ocrx_word' id='word_1_29' title='bbox 591 797 689 885; x_wconf 90' lang='lat' dir='ltr'><strong>Quin</strong></span> <span class='ocrx_word' id='word_1_30' title='bbox 710 799 816 868; x_wconf 88' lang='lat' dir='ltr'><strong>etiam</strong></span> <span class='ocrx_word' id='word_1_31' title='bbox 838 808 1015 865; x_wconf 85' lang='lat' dir='ltr'><strong>nocturna</strong></span> <span class='ocrx_word' id='word_1_32' title='bbox 1033 788 1221 876; x_wconf 75' lang='lat' dir='ltr'><strong>sacrificiu,</strong></span> 
     </span>
     <span class='ocr_line' id='line_1_6' title="bbox 155 901 1222 1003; baseline -0.015 -20"><span class='ocrx_word' id='word_1_33' title='bbox 155 929 242 1003; x_wconf 81' lang='lat' dir='ltr'><strong>quae</strong></span> <span class='ocrx_word' id='word_1_34' title='bbox 261 918 365 1003; x_wconf 87' lang='lat' dir='ltr'><strong>putat</strong></span> <span class='ocrx_word' id='word_1_35' title='bbox 382 905 578 980; x_wconf 84' lang='lat' dir='ltr'>occultiora</span> <span class='ocrx_word' id='word_1_36' title='bbox 598 929 696 995; x_wconf 83' lang='lat' dir='ltr'><strong>esse,</strong></span> <span class='ocrx_word' id='word_1_37' title='bbox 713 905 971 1000; x_wconf 82' lang='lat' dir='ltr'><strong>sceleratasque</strong></span> <span class='ocrx_word' id='word_1_38' title='bbox 987 901 1066 997; x_wconf 88' lang='lat' dir='ltr'><strong>ejus</strong></span> <span class='ocrx_word' id='word_1_39' title='bbox 1079 919 1222 997; x_wconf 87' lang='lat' dir='ltr'><strong>preces,</strong></span> 
     </span>
     <span class='ocr_line' id='line_1_7' title="bbox 156 1007 1223 1114; baseline -0.009 -26"><span class='ocrx_word' id='word_1_40' title='bbox 156 1029 198 1088; x_wconf 90' lang='lat' dir='ltr'><strong>et</strong></span> <span class='ocrx_word' id='word_1_41' title='bbox 221 1013 356 1088; x_wconf 81' lang='lat' dir='ltr'><strong>nefaria</strong></span> <span class='ocrx_word' id='word_1_42' title='bbox 377 1030 461 1087; x_wconf 89' lang='lat' dir='ltr'><strong>vota</strong></span> <span class='ocrx_word' id='word_1_43' title='bbox 484 1017 719 1114; x_wconf 85' lang='lat' dir='ltr'><strong>eognovimus</strong></span> <span class='ocrx_word' id='word_1_44' title='bbox 732 1043 749 1091; x_wconf 73' lang='grc' dir='ltr'><strong>ε.</strong></span> <span class='ocrx_word' id='word_1_45' title='bbox 765 1013 899 1112; x_wconf 85' lang='lat' dir='ltr'><strong>quibus</strong></span> <span class='ocrx_word' id='word_1_46' title='bbox 925 1011 985 1085; x_wconf 85' lang='lat' dir='ltr'><strong>illa</strong></span> <span class='ocrx_word' id='word_1_47' title='bbox 1004 1014 1110 1083; x_wconf 85' lang='lat' dir='ltr'><strong>etiarn</strong></span> <span class='ocrx_word' id='word_1_48' title='bbox 1135 1007 1223 1082; x_wconf 86' lang='lat' dir='ltr'><strong>deos</strong></span> 
     </span>
     <span class='ocr_line' id='line_1_8' title="bbox 158 1117 1222 1218; baseline -0.011 -22"><span class='ocrx_word' id='word_1_49' title='bbox 158 1123 381 1196; x_wconf 87' lang='lat' dir='ltr'><strong>immortales</strong></span> <span class='ocrx_word' id='word_1_50' title='bbox 399 1124 444 1200; x_wconf 89' lang='lat' dir='ltr'><strong>de</strong></span> <span class='ocrx_word' id='word_1_51' title='bbox 460 1149 527 1198; x_wconf 86' lang='lat' dir='ltr'><strong>suo</strong></span> <span class='ocrx_word' id='word_1_52' title='bbox 545 1123 678 1200; x_wconf 85' lang='lat' dir='ltr'><strong>scelere</strong></span> <span class='ocrx_word' id='word_1_53' title='bbox 695 1119 880 1211; x_wconf 82' lang='lat' dir='ltr'><strong>testatur⁸,</strong></span> <span class='ocrx_word' id='word_1_54' title='bbox 899 1144 1019 1218; x_wconf 91' lang='lat' dir='ltr'><strong>neque</strong></span> <span class='ocrx_word' id='word_1_55' title='bbox 1037 1117 1222 1212; x_wconf 81' lang='lat' dir='ltr'><strong>intelligit,</strong></span> 
     </span>
     <span class='ocr_line' id='line_1_9' title="bbox 157 1226 1222 1332; baseline -0.006 -30"><span class='ocrx_word' id='word_1_56' title='bbox 157 1238 294 1332; x_wconf 81' lang='lat' dir='ltr'><strong>pietate</strong></span> <span class='ocrx_word' id='word_1_57' title='bbox 304 1243 332 1317; x_wconf 81' lang='lat'><strong>9,</strong></span> <span class='ocrx_word' id='word_1_58' title='bbox 361 1246 397 1304; x_wconf 89' lang='lat' dir='ltr'><strong>et</strong></span> <span class='ocrx_word' id='word_1_59' title='bbox 422 1233 617 1332; x_wconf 81' lang='lat' dir='ltr'><strong>religione,</strong></span> <span class='ocrx_word' id='word_1_60' title='bbox 652 1247 689 1308; x_wconf 84' lang='lat' dir='ltr'><strong>et</strong></span> <span class='ocrx_word' id='word_1_61' title='bbox 719 1234 822 1328; x_wconf 89' lang='lat' dir='ltr'><strong>justis</strong></span> <span class='ocrx_word' id='word_1_62' title='bbox 854 1229 1041 1330; x_wconf 85' lang='lat' dir='ltr'><strong>precibus,</strong></span> <span class='ocrx_word' id='word_1_63' title='bbox 1071 1226 1222 1299; x_wconf 87' lang='lat' dir='ltr'><strong>deorum</strong></span> 
     </span>
     <span class='ocr_line' id='line_1_10' title="bbox 159 1331 1224 1441; baseline -0.011 -25"><span class='ocrx_word' id='word_1_64' title='bbox 159 1359 323 1432; x_wconf 84' lang='lat' dir='ltr'><strong>mentes,</strong></span> <span class='ocrx_word' id='word_1_65' title='bbox 349 1365 424 1418; x_wconf 90' lang='lat' dir='ltr'><strong>non</strong></span> <span class='ocrx_word' id='word_1_66' title='bbox 451 1344 692 1420; x_wconf 81' lang='lat' dir='ltr'><strong>contaminata</strong></span> <span class='ocrx_word' id='word_1_67' title='bbox 721 1341 1001 1441; x_wconf 79' lang='lat' dir='ltr'><strong>superstitione,</strong></span> <span class='ocrx_word' id='word_1_68' title='bbox 1028 1359 1148 1433; x_wconf 88' lang='lat' dir='ltr'><strong>neque</strong></span> <span class='ocrx_word' id='word_1_69' title='bbox 1177 1331 1224 1404; x_wconf 82' lang='lat' dir='ltr'><strong>ad</strong></span> 
     </span>
     <span class='ocr_line' id='line_1_11' title="bbox 160 1444 1224 1551; baseline -0.008 -27"><span class='ocrx_word' id='word_1_70' title='bbox 160 1453 278 1526; x_wconf 83' lang='lat' dir='ltr'><strong>scelus</strong></span> <span class='ocrx_word' id='word_1_71' title='bbox 296 1451 557 1551; x_wconf 80' lang='lat' dir='ltr'><strong>perficiendum</strong></span> <span class='ocrx_word' id='word_1_72' title='bbox 575 1455 673 1527; x_wconf 78' lang='lat' dir='ltr'><strong>cesis</strong></span> <span class='ocrx_word' id='word_1_73' title='bbox 690 1452 818 1527; x_wconf 81' lang='lat' dir='ltr'><strong>hostiis</strong></span> <span class='ocrx_word' id='word_1_74' title='bbox 835 1473 939 1550; x_wconf 87' lang='lat' dir='ltr'><strong>posse</strong></span> <span class='ocrx_word' id='word_1_75' title='bbox 956 1449 1095 1546; x_wconf 74' lang='lat' dir='ltr'><strong>placeri.</strong></span> <span class='ocrx_word' id='word_1_76' title='bbox 1113 1444 1224 1539; x_wconf 84' lang='lat' dir='ltr'><strong>Cujus</strong></span> 
     </span>
     <span class='ocr_line' id='line_1_12' title="bbox 160 1552 1328 1660; baseline -0.01 -27"><span class='ocrx_word' id='word_1_77' title='bbox 160 1585 231 1660; x_wconf 76' lang='lat' dir='ltr'><strong>ego</strong></span> <span class='ocrx_word' id='word_1_78' title='bbox 254 1560 416 1638; x_wconf 82' lang='lat' dir='ltr'><strong>furorem</strong></span> <span class='ocrx_word' id='word_1_79' title='bbox 442 1577 551 1659; x_wconf 90' lang='lat' dir='ltr'><strong>atque</strong></span> <span class='ocrx_word' id='word_1_80' title='bbox 577 1561 823 1637; x_wconf 85' lang='lat' dir='ltr'><strong>crudelitatem</strong></span> <span class='ocrx_word' id='word_1_81' title='bbox 849 1559 937 1632; x_wconf 85' lang='lat' dir='ltr'><strong>deos</strong></span> <span class='ocrx_word' id='word_1_82' title='bbox 963 1552 1225 1644; x_wconf 83' lang='lat' dir='ltr'><strong>immortalesa</strong></span> <span class='ocrx_word' id='word_1_83' title='bbox 1324 1641 1328 1656; x_wconf 36' lang='grc'><strong><em>1</em></strong></span> 
     </span>
     <span class='ocr_line' id='line_1_13' title="bbox 161 1664 1108 1772; baseline -0.011 -28"><span class='ocrx_word' id='word_1_84' title='bbox 161 1673 236 1747; x_wconf 82' lang='lat' dir='ltr'><strong>suis</strong></span> <span class='ocrx_word' id='word_1_85' title='bbox 254 1674 325 1746; x_wconf 86' lang='lat' dir='ltr'><strong>aris</strong></span> <span class='ocrx_word' id='word_1_86' title='bbox 342 1687 452 1770; x_wconf 87' lang='lat' dir='ltr'><strong>atque</strong></span> <span class='ocrx_word' id='word_1_87' title='bbox 471 1672 613 1770; x_wconf 87' lang='lat' dir='ltr'><strong>templis</strong></span> <span class='ocrx_word' id='word_1_88' title='bbox 631 1687 838 1772; x_wconf 86' lang='lat' dir='ltr'><strong>aspernatos</strong></span> <span class='ocrx_word' id='word_1_89' title='bbox 856 1694 934 1742; x_wconf 84' lang='lat' dir='ltr'><strong>esse</strong></span> <span class='ocrx_word' id='word_1_90' title='bbox 952 1664 1108 1740; x_wconf 87' lang='lat' dir='ltr'><strong>confido.</strong></span> 
     </span>
    </p>

    <p class='ocr_par' dir='ltr' id='par_1_2' title="bbox 162 1777 1228 2404">
     <span class='ocr_line' id='line_1_14' title="bbox 210 1777 1226 1880; baseline -0.013 -26"><span class='ocrx_word' id='word_1_91' title='bbox 210 1785 336 1855; x_wconf 86' lang='lat' dir='ltr'>LXIX.</span> <span class='ocrx_word' id='word_1_92' title='bbox 354 1786 449 1868; x_wconf 88' lang='lat' dir='ltr'><strong>Vos,</strong></span> <span class='ocrx_word' id='word_1_93' title='bbox 464 1781 622 1878; x_wconf 87' lang='lat' dir='ltr'><strong>judices,</strong></span> <span class='ocrx_word' id='word_1_94' title='bbox 643 1807 737 1880; x_wconf 91' lang='lat' dir='ltr'><strong>quos</strong></span> <span class='ocrx_word' id='word_1_95' title='bbox 759 1780 845 1853; x_wconf 89' lang='lat' dir='ltr'><strong>huic</strong></span> <span class='ocrx_word' id='word_1_96' title='bbox 865 1785 904 1852; x_wconf 79' lang='lat' dir='ltr'><strong>A.</strong></span> <span class='ocrx_word' id='word_1_97' title='bbox 927 1777 1096 1876; x_wconf 84' lang='lat' dir='ltr'><strong>Cluentio</strong></span> <span class='ocrx_word' id='word_1_98' title='bbox 1117 1795 1226 1870; x_wconf 87' lang='lat' dir='ltr'><strong>quos·</strong></span> 
     </span>
     <span class='ocr_line' id='line_1_15' title="bbox 162 1887 1227 1987; baseline -0.012 -23"><span class='ocrx_word' id='word_1_99' title='bbox 162 1889 247 1964; x_wconf 83' lang='lat' dir='ltr'><strong>dnm</strong></span> <span class='ocrx_word' id='word_1_100' title='bbox 265 1892 353 1965; x_wconf 87' lang='lat' dir='ltr'><strong>alios</strong></span> <span class='ocrx_word' id='word_1_101' title='bbox 374 1891 481 1966; x_wconf 88' lang='lat' dir='ltr'><strong>deos¹</strong></span> <span class='ocrx_word' id='word_1_102' title='bbox 510 1890 554 1965; x_wconf 90' lang='lat' dir='ltr'><strong>ad</strong></span> <span class='ocrx_word' id='word_1_103' title='bbox 578 1915 688 1965; x_wconf 88' lang='lat' dir='ltr'><strong>omne</strong></span> <span class='ocrx_word' id='word_1_104' title='bbox 711 1895 792 1964; x_wconf 77' lang='lat' dir='ltr'><strong>vitae</strong></span> <span class='ocrx_word' id='word_1_105' title='bbox 815 1905 958 1987; x_wconf 89' lang='lat' dir='ltr'><strong>tempus</strong></span> <span class='ocrx_word' id='word_1_106' title='bbox 982 1887 1127 1960; x_wconf 79' lang='lat' dir='ltr'><strong>fertum</strong></span> <span class='ocrx_word' id='word_1_107' title='bbox 1150 1905 1227 1955; x_wconf 81' lang='lat' dir='ltr'><strong>esse</strong></span> 
     </span>
     <span class='ocr_line' id='line_1_16' title="bbox 162 1990 1226 2099; baseline -0.008 -30"><span class='ocrx_word' id='word_1_108' title='bbox 162 1999 299 2089; x_wconf 87' lang='lat' dir='ltr'><strong>voluit,</strong></span> <span class='ocrx_word' id='word_1_109' title='bbox 318 1999 427 2096; x_wconf 87' lang='lat' dir='ltr'><strong>hujus</strong></span> <span class='ocrx_word' id='word_1_110' title='bbox 444 2003 753 2099; x_wconf 87' lang='lat' dir='ltr'><strong>importunitatem</strong></span> <span class='ocrx_word' id='word_1_111' title='bbox 774 2001 895 2073; x_wconf 87' lang='lat' dir='ltr'><strong>matris</strong></span> <span class='ocrx_word' id='word_1_112' title='bbox 912 2025 932 2070; x_wconf 87' lang='lat' dir='ltr'><strong>a</strong></span> <span class='ocrx_word' id='word_1_113' title='bbox 947 1998 1014 2070; x_wconf 91' lang='lat' dir='ltr'><strong>filii</strong></span> <span class='ocrx_word' id='word_1_114' title='bbox 1031 1997 1146 2093; x_wconf 86' lang='lat' dir='ltr'><strong>capite</strong></span> <span class='ocrx_word' id='word_1_115' title='bbox 1163 1990 1226 2062; x_wconf 83' lang='lat' dir='ltr'><strong>de-</strong></span> 
     </span>
     <span class='ocr_line' id='line_1_17' title="bbox 164 2106 1226 2208; baseline -0.006 -30"><span class='ocrx_word' id='word_1_116' title='bbox 164 2107 299 2206; x_wconf 80' lang='lat' dir='ltr'><strong>pellite.</strong></span> <span class='ocrx_word' id='word_1_117' title='bbox 318 2110 424 2182; x_wconf 87' lang='lat' dir='ltr'><strong>Multi</strong></span> <span class='ocrx_word' id='word_1_118' title='bbox 442 2135 536 2208; x_wconf 83' lang='lat' dir='ltr'><strong>saepe</strong></span> <span class='ocrx_word' id='word_1_119' title='bbox 554 2114 592 2184; x_wconf 92' lang='lat' dir='ltr'><strong>in</strong></span> <span class='ocrx_word' id='word_1_120' title='bbox 606 2110 804 2208; x_wconf 88' lang='lat' dir='ltr'><strong>judicando</strong></span> <span class='ocrx_word' id='word_1_121' title='bbox 827 2125 972 2208; x_wconf 85' lang='lat' dir='ltr'><strong>peecata</strong></span> <span class='ocrx_word' id='word_1_122' title='bbox 991 2106 1144 2179; x_wconf 89' lang='lat' dir='ltr'><strong>liberum</strong></span> <span class='ocrx_word' id='word_1_123' title='bbox 1163 2126 1226 2199; x_wconf 90' lang='lat' dir='ltr'><strong>pa-</strong></span> 
     </span>
     <span class='ocr_line' id='line_1_18' title="bbox 163 2211 1227 2306; baseline -0.005 -19"><span class='ocrx_word' id='word_1_124' title='bbox 163 2231 310 2290; x_wconf 86' lang='lat' dir='ltr'><strong>rentum</strong></span> <span class='ocrx_word' id='word_1_125' title='bbox 340 2220 591 2294; x_wconf 73' lang='lat' dir='ltr'><strong>misericordie</strong></span> <span class='ocrx_word' id='word_1_126' title='bbox 617 2229 919 2296; x_wconf 80' lang='lat' dir='ltr'><strong>concesserunt²:</strong></span> <span class='ocrx_word' id='word_1_127' title='bbox 942 2241 1025 2305; x_wconf 83' lang='lat' dir='ltr'><strong>vos,</strong></span> <span class='ocrx_word' id='word_1_128' title='bbox 1052 2240 1098 2286; x_wconf 91' lang='lat' dir='ltr'><strong>ne</strong></span> <span class='ocrx_word' id='word_1_129' title='bbox 1118 2211 1227 2306; x_wconf 79' lang='lat' dir='ltr'><strong>hujus</strong></span> 
     </span>
     <span class='ocr_line' id='line_1_19' title="bbox 165 2321 1228 2404; baseline -0.008 -2"><span class='ocrx_word' id='word_1_130' title='bbox 165 2325 417 2404; x_wconf 83' lang='lat' dir='ltr'><strong>honestissime</strong></span> <span class='ocrx_word' id='word_1_131' title='bbox 443 2344 557 2402; x_wconf 83' lang='lat' dir='ltr'><strong>aetam</strong></span> <span class='ocrx_word' id='word_1_132' title='bbox 582 2335 691 2402; x_wconf 77' lang='lat' dir='ltr'><strong>vitam</strong></span> <span class='ocrx_word' id='word_1_133' title='bbox 712 2332 836 2403; x_wconf 85' lang='lat' dir='ltr'><strong>matris</strong></span> <span class='ocrx_word' id='word_1_134' title='bbox 863 2327 1065 2402; x_wconf 83' lang='lat' dir='ltr'><strong>crudelitati</strong></span> <span class='ocrx_word' id='word_1_135' title='bbox 1089 2321 1228 2401; x_wconf 79' lang='lat' dir='ltr'><strong>condo·</strong></span> 
     </span>
    </p>
   </div>
   <div class='ocr_carea' id='block_1_2' title="bbox 164 2434 1333 3090">
    <p class='ocr_par' dir='ltr' id='par_1_3' title="bbox 164 2434 1333 3090">
     <span class='ocr_line' id='line_1_20' title="bbox 165 2434 1333 2539; baseline -0.002 -31"><span class='ocrx_word' id='word_1_136' title='bbox 165 2439 259 2508; x_wconf 90' lang='lat' dir='ltr'><strong>netis</strong></span> <span class='ocrx_word' id='word_1_137' title='bbox 269 2434 297 2524; x_wconf 78' lang='lat'><strong>³,</strong></span> <span class='ocrx_word' id='word_1_138' title='bbox 316 2462 483 2534; x_wconf 80' lang='lat' dir='ltr'><strong>rogamus</strong></span> <span class='ocrx_word' id='word_1_139' title='bbox 500 2466 507 2510; x_wconf 92' lang='lat'><strong>:</strong></span> <span class='ocrx_word' id='word_1_140' title='bbox 525 2443 723 2539; x_wconf 72' lang='lat' dir='ltr'><strong>praesertim</strong></span> <span class='ocrx_word' id='word_1_141' title='bbox 738 2466 853 2538; x_wconf 90' lang='lat' dir='ltr'><strong>quum</strong></span> <span class='ocrx_word' id='word_1_142' title='bbox 870 2465 915 2522; x_wconf 70' lang='lat' dir='ltr'><strong>er</strong></span> <span class='ocrx_word' id='word_1_143' title='bbox 931 2440 1040 2512; x_wconf 82' lang='lat' dir='ltr'><strong>altera</strong></span> <span class='ocrx_word' id='word_1_144' title='bbox 1057 2449 1158 2534; x_wconf 87' lang='lat' dir='ltr'><strong>parte</strong></span> <span class='ocrx_word' id='word_1_145' title='bbox 1175 2445 1229 2506; x_wconf 81' lang='lat' dir='ltr'><strong>to·</strong></span> <span class='ocrx_word' id='word_1_146' title='bbox 1332 2494 1333 2503; x_wconf 69' lang='grc'>,</span> 
     </span>
     <span class='ocr_line' id='line_1_21' title="bbox 167 2546 1230 2648; baseline 0.008 -30"><span class='ocrx_word' id='word_1_147' title='bbox 167 2561 246 2620; x_wconf 86' lang='lat' dir='ltr'><strong>tum</strong></span> <span class='ocrx_word' id='word_1_148' title='bbox 277 2549 514 2646; x_wconf 83' lang='lat' dir='ltr'><strong>municipium</strong></span> <span class='ocrx_word' id='word_1_149' title='bbox 545 2549 668 2624; x_wconf 82' lang='lat' dir='ltr'><strong>ridere</strong></span> <span class='ocrx_word' id='word_1_150' title='bbox 703 2553 857 2648; x_wconf 87' lang='lat' dir='ltr'><strong>possitis.</strong></span> <span class='ocrx_word' id='word_1_151' title='bbox 893 2546 1053 2624; x_wconf 75' lang='lat' dir='ltr'><strong>Omnes4</strong></span> <span class='ocrx_word' id='word_1_152' title='bbox 1083 2549 1230 2627; x_wconf 84' lang='lat' dir='ltr'><strong>scitote,</strong></span> 
     </span>
     <span class='ocr_line' id='line_1_22' title="bbox 164 2651 1230 2756; baseline -0.007 -28"><span class='ocrx_word' id='word_1_153' title='bbox 164 2657 304 2752; x_wconf 82' lang='lat' dir='ltr'><strong>judices</strong></span> <span class='ocrx_word' id='word_1_154' title='bbox 319 2658 555 2756; x_wconf 86' lang='lat' dir='ltr'><strong>(incredibile</strong></span> <span class='ocrx_word' id='word_1_155' title='bbox 572 2660 672 2732; x_wconf 88' lang='lat' dir='ltr'><strong>dictu</strong></span> <span class='ocrx_word' id='word_1_156' title='bbox 691 2676 764 2750; x_wconf 83' lang='lat' dir='ltr'><strong>est,</strong></span> <span class='ocrx_word' id='word_1_157' title='bbox 782 2660 845 2734; x_wconf 90' lang='lat' dir='ltr'><strong>sed</strong></span> <span class='ocrx_word' id='word_1_158' title='bbox 862 2685 880 2732; x_wconf 85' lang='lat' dir='ltr'>a</span> <span class='ocrx_word' id='word_1_159' title='bbox 899 2684 956 2733; x_wconf 90' lang='lat' dir='ltr'><strong>me</strong></span> <span class='ocrx_word' id='word_1_160' title='bbox 975 2659 1156 2730; x_wconf 86' lang='lat' dir='ltr'><strong>verissime</strong></span> <span class='ocrx_word' id='word_1_161' title='bbox 1176 2651 1230 2722; x_wconf 87' lang='lat' dir='ltr'><strong>di-</strong></span> 
     </span>
     <span class='ocr_line' id='line_1_23' title="bbox 165 2755 1231 2868; baseline -0.008 -28"><span class='ocrx_word' id='word_1_162' title='bbox 165 2769 292 2864; x_wconf 89' lang='lat' dir='ltr'><strong>citur),</strong></span> <span class='ocrx_word' id='word_1_163' title='bbox 311 2794 438 2842; x_wconf 89' lang='lat' dir='ltr'><strong>omnes</strong></span> <span class='ocrx_word' id='word_1_164' title='bbox 456 2755 657 2859; x_wconf 74' lang='lat' dir='ltr'><strong>Larinates,</strong></span> <span class='ocrx_word' id='word_1_165' title='bbox 675 2774 739 2868; x_wconf 90' lang='lat' dir='ltr'><strong>qui</strong></span> <span class='ocrx_word' id='word_1_166' title='bbox 759 2767 988 2856; x_wconf 81' lang='lat' dir='ltr'><strong>valuerunt⁵‚</strong></span> <span class='ocrx_word' id='word_1_167' title='bbox 1006 2769 1144 2838; x_wconf 84' lang='lat' dir='ltr'><strong>venisse</strong></span> <span class='ocrx_word' id='word_1_168' title='bbox 1162 2767 1231 2837; x_wconf 88' lang='lat' dir='ltr'><strong>Ro·</strong></span> 
     </span>
     <span class='ocr_line' id='line_1_24' title="bbox 166 2879 1230 2978; baseline -0.008 -28"><span class='ocrx_word' id='word_1_169' title='bbox 166 2901 284 2966; x_wconf 87' lang='lat' dir='ltr'><strong>mam,</strong></span> <span class='ocrx_word' id='word_1_170' title='bbox 308 2893 351 2952; x_wconf 87' lang='lat' dir='ltr'><strong>ut</strong></span> <span class='ocrx_word' id='word_1_171' title='bbox 376 2879 475 2952; x_wconf 89' lang='lat' dir='ltr'><strong>huno</strong></span> <span class='ocrx_word' id='word_1_172' title='bbox 499 2880 620 2952; x_wconf 88' lang='lat' dir='ltr'><strong>studio</strong></span> <span class='ocrx_word' id='word_1_173' title='bbox 646 2879 922 2978; x_wconf 77' lang='lat' dir='ltr'><strong>frequentiaque</strong></span> <span class='ocrx_word' id='word_1_174' title='bbox 944 2903 1027 2963; x_wconf 86' lang='lat' dir='ltr'><strong>sua,</strong></span> <span class='ocrx_word' id='word_1_175' title='bbox 1052 2887 1230 2970; x_wconf 86' lang='lat' dir='ltr'><strong>quantum</strong></span> 
     </span>
     <span class='ocr_line' id='line_1_25' title="bbox 168 2981 1230 3090; baseline -0.008 -26"><span class='ocrx_word' id='word_1_176' title='bbox 168 3001 334 3085; x_wconf 82' lang='lat' dir='ltr'><strong>possent,</strong></span> <span class='ocrx_word' id='word_1_177' title='bbox 361 2990 400 3064; x_wconf 88' lang='lat' dir='ltr'><strong>iu</strong></span> <span class='ocrx_word' id='word_1_178' title='bbox 425 3003 528 3064; x_wconf 82' lang='lat' dir='ltr'><strong>tanto</strong></span> <span class='ocrx_word' id='word_1_179' title='bbox 558 2993 636 3086; x_wconf 90' lang='lat' dir='ltr'><strong>ejus</strong></span> <span class='ocrx_word' id='word_1_180' title='bbox 662 2991 824 3090; x_wconf 86' lang='lat' dir='ltr'><strong>periculo</strong></span> <span class='ocrx_word' id='word_1_181' title='bbox 847 2989 1083 3064; x_wconf 77' lang='lat' dir='ltr'><strong>sublevarent</strong></span> <span class='ocrx_word' id='word_1_182' title='bbox 1107 2981 1230 3055; x_wconf 85' lang='lat' dir='ltr'><strong>Pueris</strong></span> 
     </span>
    </p>
   </div>
   <div class='ocr_carea' id='block_1_3' title="bbox 168 3204 1233 3356">
    <p class='ocr_par' dir='ltr' id='par_1_4' title="bbox 168 3204 1233 3356">
     <span class='ocr_line' id='line_1_26' title="bbox 204 3204 1233 3266; baseline 0 -6"><span class='ocrx_word' id='word_1_183' title='bbox 204 3211 229 3260; x_wconf 78' lang='lat'><strong>8.</strong></span> <span class='ocrx_word' id='word_1_184' title='bbox 248 3211 370 3260; x_wconf 77' lang='lat' dir='ltr'><strong>Testatur.</strong></span> <span class='ocrx_word' id='word_1_185' title='bbox 383 3211 425 3260; x_wconf 85' lang='lat' dir='ltr'><strong>Sul</strong></span> <span class='ocrx_word' id='word_1_186' title='bbox 438 3213 536 3262; x_wconf 79' lang='lat' dir='ltr'><strong>sceleris</strong></span> <span class='ocrx_word' id='word_1_187' title='bbox 549 3224 622 3263; x_wconf 85' lang='lat' dir='ltr'><strong>testes</strong></span> <span class='ocrx_word' id='word_1_188' title='bbox 635 3230 680 3264; x_wconf 88' lang='lat' dir='ltr'><strong>vo·</strong></span> <span class='ocrx_word' id='word_1_189' title='bbox 761 3230 786 3264; x_wconf 79' lang='lat' dir='ltr'><strong>o.</strong></span> <span class='ocrx_word' id='word_1_190' title='bbox 814 3215 991 3266; x_wconf 67' lang='lat' dir='ltr'><strong>corroserunt.</strong></span> <span class='ocrx_word' id='word_1_191' title='bbox 1018 3211 1143 3260; x_wconf 74' lang='lat' dir='ltr'><strong>Nocentes</strong></span> <span class='ocrx_word' id='word_1_192' title='bbox 1167 3204 1233 3260; x_wconf 72' lang='lat' dir='ltr'><strong>filios</strong></span> 
     </span>
     <span class='ocr_line' id='line_1_27' title="bbox 168 3292 1233 3356; baseline -0.013 -9"><span class='ocrx_word' id='word_1_193' title='bbox 168 3300 243 3340; x_wconf 66' lang='lat'>⁰⁸¹⁸!</span> <span class='ocrx_word' id='word_1_194' title='bbox 256 3292 363 3340; x_wconf 69' lang='lat' dir='ltr'><strong>tdhlbet·</strong></span> <span class='ocrx_word' id='word_1_195' title='bbox 724 3293 894 3351; x_wconf 69' lang='lat' dir='ltr'><strong>absolverunt,</strong></span> <span class='ocrx_word' id='word_1_196' title='bbox 915 3292 983 3356; x_wconf 89' lang='lat' dir='ltr'><strong>quod</strong></span> <span class='ocrx_word' id='word_1_197' title='bbox 1005 3301 1130 3356; x_wconf 73' lang='lat' dir='ltr'><strong>pareutum</strong></span> <span class='ocrx_word' id='word_1_198' title='bbox 1148 3303 1233 3335; x_wconf 87' lang='lat' dir='ltr'><strong>eorum</strong></span> 
     </span>
    </p>
   </div>
   <div class='ocr_carea' id='block_1_4' title="bbox 204 3369 1353 3438">
    <p class='ocr_par' dir='ltr' id='par_1_5' title="bbox 204 3369 1353 3438">
     <span class='ocr_line' id='line_1_28' title="bbox 204 3369 1353 3438; baseline 0.003 -21"><span class='ocrx_word' id='word_1_199' title='bbox 204 3387 230 3433; x_wconf 72' lang='lat'><strong>9.</strong></span> <span class='ocrx_word' id='word_1_200' title='bbox 256 3371 359 3421; x_wconf 78' lang='lat' dir='ltr'><strong>Pietate.</strong></span> <span class='ocrx_word' id='word_1_201' title='bbox 384 3369 471 3435; x_wconf 79' lang='lat' dir='ltr'><strong>Neque</strong></span> <span class='ocrx_word' id='word_1_202' title='bbox 497 3373 576 3431; x_wconf 83' lang='lat' dir='ltr'><strong>eninr,</strong></span> <span class='ocrx_word' id='word_1_203' title='bbox 601 3373 682 3436; x_wconf 75' lang='lat' dir='ltr'><strong>inquit</strong></span> <span class='ocrx_word' id='word_1_204' title='bbox 724 3373 803 3438; x_wconf 75' lang='lat' dir='ltr'><strong>pietas</strong></span> <span class='ocrx_word' id='word_1_205' title='bbox 820 3371 953 3422; x_wconf 77' lang='lat' dir='ltr'><strong>utiliorum</strong></span> <span class='ocrx_word' id='word_1_206' title='bbox 967 3370 1099 3420; x_wconf 78' lang='lat' dir='ltr'><strong>sceleribus</strong></span> <span class='ocrx_word' id='word_1_207' title='bbox 1112 3381 1234 3432; x_wconf 65' lang='lat' dir='ltr'><strong>reposui·</strong></span> <span class='ocrx_word' id='word_1_208' title='bbox 1349 3385 1353 3391; x_wconf 62' lang='lat'><em>⁴</em></span> 
     </span>
    </p>
   </div>
   <div class='ocr_carea' id='block_1_5' title="bbox 169 3449 1238 4146">
    <p class='ocr_par' dir='ltr' id='par_1_6' title="bbox 169 3449 1235 3824">
     <span class='ocr_line' id='line_1_29' title="bbox 169 3449 1233 3516; baseline -0.002 -18"><span class='ocrx_word' id='word_1_209' title='bbox 169 3449 256 3498; x_wconf 66' lang='lat' dir='ltr'><strong>ctam</strong></span> <span class='ocrx_word' id='word_1_210' title='bbox 273 3465 320 3513; x_wconf 81' lang='lat' dir='ltr'><strong>pro</strong></span> <span class='ocrx_word' id='word_1_211' title='bbox 339 3449 420 3497; x_wconf 82' lang='lat' dir='ltr'><strong>Domo</strong></span> <span class='ocrx_word' id='word_1_212' title='bbox 436 3466 492 3508; x_wconf 78' lang='lat' dir='ltr'><strong>sus,</strong></span> <span class='ocrx_word' id='word_1_213' title='bbox 506 3462 543 3499; x_wconf 86' lang='lat' dir='ltr'><strong>est</strong></span> <span class='ocrx_word' id='word_1_214' title='bbox 557 3451 606 3500; x_wconf 81' lang='lat' dir='ltr'><strong>ulle</strong></span> <span class='ocrx_word' id='word_1_215' title='bbox 625 3467 680 3515; x_wconf 75' lang='lat' dir='ltr'><strong>erga</strong></span> <span class='ocrx_word' id='word_1_216' title='bbox 725 3464 774 3510; x_wconf 70' lang='grc' dir='ltr'><strong>ηις</strong></span> <span class='ocrx_word' id='word_1_217' title='bbox 798 3453 938 3516; x_wconf 85' lang='lat' dir='ltr'><strong>misertique</strong></span> <span class='ocrx_word' id='word_1_218' title='bbox 956 3461 1052 3516; x_wconf 69' lang='lat' dir='ltr'><strong>panum</strong></span> <span class='ocrx_word' id='word_1_219' title='bbox 1071 3461 1141 3497; x_wconf 75' lang='lat' dir='ltr'><strong>notos</strong></span> <span class='ocrx_word' id='word_1_220' title='bbox 1159 3458 1233 3512; x_wconf 73' lang='lat' dir='ltr'><strong>poent</strong></span> 
     </span>
     <span class='ocr_line' id='line_1_30' title="bbox 170 3523 982 3592; baseline 0.006 -17"><span class='ocrx_word' id='word_1_221' title='bbox 170 3527 231 3575; x_wconf 84' lang='lat' dir='ltr'><strong>slees</strong></span> <span class='ocrx_word' id='word_1_222' title='bbox 245 3529 336 3592; x_wconf 73' lang='lat' dir='ltr'><strong>pietas,</strong></span> <span class='ocrx_word' id='word_1_223' title='bbox 355 3529 402 3578; x_wconf 86' lang='lat' dir='ltr'><strong>nisi</strong></span> <span class='ocrx_word' id='word_1_224' title='bbox 419 3529 521 3579; x_wconf 78' lang='lat' dir='ltr'><strong>lruueue</strong></span> <span class='ocrx_word' id='word_1_225' title='bbox 537 3529 568 3579; x_wconf 86' lang='lat' dir='ltr'><strong>de</strong></span> <span class='ocrx_word' id='word_1_226' title='bbox 581 3531 680 3580; x_wconf 82' lang='lat' dir='ltr'><strong>numine</strong></span> <span class='ocrx_word' id='word_1_227' title='bbox 724 3523 805 3580; x_wconf 81' lang='lat' dir='ltr'><strong>debite</strong></span> <span class='ocrx_word' id='word_1_228' title='bbox 814 3531 982 3580; x_wconf 79' lang='lat' dir='ltr'><strong>exsolvebent.</strong></span> 
     </span>
     <span class='ocr_line' id='line_1_31' title="bbox 170 3599 1233 3674; baseline 0.005 -20"><span class='ocrx_word' id='word_1_229' title='bbox 170 3621 293 3654; x_wconf 73' lang='lat' dir='ltr'><strong>eoeumw</strong></span> <span class='ocrx_word' id='word_1_230' title='bbox 305 3617 385 3656; x_wconf 79' lang='lat' dir='ltr'><strong>mente</strong></span> <span class='ocrx_word' id='word_1_231' title='bbox 398 3609 497 3672; x_wconf 78' lang='lat' dir='ltr'><strong>opinio,</strong></span> <span class='ocrx_word' id='word_1_232' title='bbox 508 3625 583 3674; x_wconf 78' lang='lat' dir='ltr'><strong>quum</strong></span> <span class='ocrx_word' id='word_1_233' title='bbox 596 3611 681 3674; x_wconf 76' lang='lat' dir='ltr'><strong>expeti</strong></span> <span class='ocrx_word' id='word_1_234' title='bbox 760 3613 785 3660; x_wconf 78' lang='lat'><strong>3.</strong></span> <span class='ocrx_word' id='word_1_235' title='bbox 810 3609 963 3659; x_wconf 76' lang='lat' dir='ltr'><strong>Conderetr&#39;s.</strong></span> <span class='ocrx_word' id='word_1_236' title='bbox 982 3611 1012 3656; x_wconf 88' lang='lat' dir='ltr'><strong>In</strong></span> <span class='ocrx_word' id='word_1_237' title='bbox 1030 3605 1114 3658; x_wconf 70' lang='lat' dir='ltr'><strong>nutri·</strong></span> <span class='ocrx_word' id='word_1_238' title='bbox 1132 3599 1233 3666; x_wconf 61' lang='lat' dir='ltr'><strong>wilm</strong></span> 
     </span>
     <span class='ocr_line' id='line_1_32' title="bbox 171 3679 1235 3754; baseline -0.002 -22"><span class='ocrx_word' id='word_1_239' title='bbox 171 3685 235 3732; x_wconf 84' lang='lat' dir='ltr'><strong>nihil</strong></span> <span class='ocrx_word' id='word_1_240' title='bbox 248 3685 278 3733; x_wconf 79' lang='lat' dir='ltr'><strong>ab</strong></span> <span class='ocrx_word' id='word_1_241' title='bbox 290 3687 321 3734; x_wconf 85' lang='lat' dir='ltr'><strong>iis</strong></span> <span class='ocrx_word' id='word_1_242' title='bbox 338 3687 406 3750; x_wconf 89' lang='lat' dir='ltr'><strong>qued</strong></span> <span class='ocrx_word' id='word_1_243' title='bbox 420 3687 453 3736; x_wconf 83' lang='lat' dir='ltr'><strong>sit</strong></span> <span class='ocrx_word' id='word_1_244' title='bbox 466 3689 582 3749; x_wconf 79' lang='lat' dir='ltr'><strong>injustum</strong></span> <span class='ocrx_word' id='word_1_245' title='bbox 600 3705 627 3737; x_wconf 83' lang='lat' dir='ltr'><strong>ec</strong></span> <span class='ocrx_word' id='word_1_246' title='bbox 641 3690 681 3738; x_wconf 85' lang='lat' dir='ltr'><strong>in·</strong></span> <span class='ocrx_word' id='word_1_247' title='bbox 724 3689 857 3748; x_wconf 68' lang='lat' dir='ltr'><strong>clametis,</strong></span> <span class='ocrx_word' id='word_1_248' title='bbox 870 3689 996 3754; x_wconf 69' lang='lat' dir='ltr'><strong>potiemini</strong></span> <span class='ocrx_word' id='word_1_249' title='bbox 1007 3695 1104 3735; x_wconf 73' lang='lat' dir='ltr'><strong>erneue</strong></span> <span class='ocrx_word' id='word_1_250' title='bbox 1114 3679 1196 3734; x_wconf 74' lang='lat' dir='ltr'><strong>rexsn&#39;</strong></span> <span class='ocrx_word' id='word_1_251' title='bbox 1208 3689 1235 3728; x_wconf 84' lang='lat' dir='ltr'><strong>et</strong></span> 
     </span>
     <span class='ocr_line' id='line_1_33' title="bbox 171 3763 1080 3824; baseline 0.003 -14"><span class='ocrx_word' id='word_1_252' title='bbox 171 3763 299 3812; x_wconf 70' lang='lat' dir='ltr'><strong>honesturn</strong></span> <span class='ocrx_word' id='word_1_253' title='bbox 311 3765 436 3815; x_wconf 79' lang='lat' dir='ltr'><strong>eebitrere.</strong></span> <span class='ocrx_word' id='word_1_254' title='bbox 725 3768 891 3818; x_wconf 84' lang='lat' dir='ltr'><strong>eondernnsri.</strong></span> <span class='ocrx_word' id='word_1_255' title='bbox 905 3768 946 3816; x_wconf 78' lang='lat' dir='ltr'><strong>Cf.</strong></span> <span class='ocrx_word' id='word_1_256' title='bbox 962 3766 1024 3814; x_wconf 74' lang='lat' dir='ltr'><strong>infra</strong></span> <span class='ocrx_word' id='word_1_257' title='bbox 1040 3779 1080 3824; x_wconf 80' lang='lat'><strong>7⁰·</strong></span> 
     </span>
    </p>

    <p class='ocr_par' dir='ltr' id='par_1_7' title="bbox 169 3831 1238 4146">
     <span class='ocr_line' id='line_1_34' title="bbox 206 3831 1237 3911; baseline 0.005 -20"><span class='ocrx_word' id='word_1_258' title='bbox 206 3845 297 3892; x_wconf 79' lang='lat' dir='ltr'>LXIX.</span> <span class='ocrx_word' id='word_1_259' title='bbox 312 3861 335 3893; x_wconf 91' lang='lat' dir='ltr'><strong>r.</strong></span> <span class='ocrx_word' id='word_1_260' title='bbox 348 3846 472 3908; x_wconf 63' lang='lat' dir='ltr'><strong>Quosdam</strong></span> <span class='ocrx_word' id='word_1_261' title='bbox 483 3845 545 3894; x_wconf 74' lang='lat' dir='ltr'><strong>alles</strong></span> <span class='ocrx_word' id='word_1_262' title='bbox 557 3847 621 3896; x_wconf 85' lang='lat' dir='ltr'><strong>dees.</strong></span> <span class='ocrx_word' id='word_1_263' title='bbox 633 3848 682 3911; x_wconf 87' lang='lat' dir='ltr'><strong>Qui</strong></span> <span class='ocrx_word' id='word_1_264' title='bbox 762 3856 786 3904; x_wconf 68' lang='grc'><strong>4.</strong></span> <span class='ocrx_word' id='word_1_265' title='bbox 801 3849 897 3895; x_wconf 79' lang='lat' dir='ltr'><strong>Omnes.</strong></span> <span class='ocrx_word' id='word_1_266' title='bbox 913 3831 1047 3901; x_wconf 75' lang='lat' dir='ltr'><strong>Gentem,</strong></span> <span class='ocrx_word' id='word_1_267' title='bbox 1060 3837 1170 3896; x_wconf 67' lang='lat' dir='ltr'><strong>ommi-¹»</strong></span> <span class='ocrx_word' id='word_1_268' title='bbox 1190 3851 1237 3886; x_wconf 67' lang='grc' dir='ltr'><strong>ΝΘ</strong></span> 
     </span>
     <span class='ocr_line' id='line_1_35' title="bbox 171 3924 924 3988; baseline 0.004 -16"><span class='ocrx_word' id='word_1_269' title='bbox 171 3939 227 3972; x_wconf 84' lang='lat' dir='ltr'><strong>eum</strong></span> <span class='ocrx_word' id='word_1_270' title='bbox 237 3924 263 3971; x_wconf 86' lang='lat' dir='ltr'><strong>in</strong></span> <span class='ocrx_word' id='word_1_271' title='bbox 272 3924 358 3988; x_wconf 75' lang='lat' dir='ltr'><strong>cepitis</strong></span> <span class='ocrx_word' id='word_1_272' title='bbox 370 3925 490 3988; x_wconf 77' lang='lat' dir='ltr'><strong>periculo,</strong></span> <span class='ocrx_word' id='word_1_273' title='bbox 501 3935 624 3988; x_wconf 81' lang='lat' dir='ltr'><strong>tsmqnem</strong></span> <span class='ocrx_word' id='word_1_274' title='bbox 633 3927 681 3985; x_wconf 83' lang='lat' dir='ltr'><strong>dii,</strong></span> <span class='ocrx_word' id='word_1_275' title='bbox 726 3942 801 3975; x_wconf 74' lang='lat' dir='ltr'><strong>nore.</strong></span> <span class='ocrx_word' id='word_1_276' title='bbox 811 3928 827 3974; x_wconf 86' lang='lat' dir='ltr'>J</span> <span class='ocrx_word' id='word_1_277' title='bbox 830 3961 837 3974; x_wconf 91' lang='grc'><strong>.</strong></span> <span class='ocrx_word' id='word_1_278' title='bbox 849 3927 882 3970; x_wconf 84' lang='lat' dir='ltr'><strong>V·</strong></span> <span class='ocrx_word' id='word_1_279' title='bbox 895 3925 924 3970; x_wconf 82' lang='lat' dir='ltr'><strong>L·</strong></span> 
     </span>
     <span class='ocr_line' id='line_1_36' title="bbox 169 3993 1238 4067; baseline -0.004 -17"><span class='ocrx_word' id='word_1_280' title='bbox 169 4017 266 4050; x_wconf 75' lang='lat' dir='ltr'><strong>serum</strong></span> <span class='ocrx_word' id='word_1_281' title='bbox 273 4003 683 4067; x_wconf 76' lang='lat' dir='ltr'><strong>poultie,eteqoilrus,seeuudun</strong></span> <span class='ocrx_word' id='word_1_282' title='bbox 763 4005 787 4052; x_wconf 79' lang='lat'><strong>5,</strong></span> <span class='ocrx_word' id='word_1_283' title='bbox 803 4003 944 4050; x_wconf 79' lang='lat' dir='ltr'><strong>Valuerrme.</strong></span> <span class='ocrx_word' id='word_1_284' title='bbox 959 4000 1009 4060; x_wconf 86' lang='lat' dir='ltr'><strong>Qui</strong></span> <span class='ocrx_word' id='word_1_285' title='bbox 1018 4007 1088 4046; x_wconf 79' lang='lat' dir='ltr'><strong>aetste</strong></span> <span class='ocrx_word' id='word_1_286' title='bbox 1096 4009 1138 4047; x_wconf 79' lang='lat' dir='ltr'><strong>eut</strong></span> <span class='ocrx_word' id='word_1_287' title='bbox 1145 3993 1238 4046; x_wconf 80' lang='lat' dir='ltr'><strong>viribus</strong></span> 
     </span>
     <span class='ocr_line' id='line_1_37' title="bbox 171 4078 1025 4146; baseline -0.006 -16"><span class='ocrx_word' id='word_1_288' title='bbox 171 4081 522 4132; x_wconf 72' lang='lat' dir='ltr'><strong>enliunminsselntunsussn</strong></span> <span class='ocrx_word' id='word_1_289' title='bbox 533 4084 601 4146; x_wconf 84' lang='lat' dir='ltr'><strong>petit.</strong></span> <span class='ocrx_word' id='word_1_290' title='bbox 727 4082 785 4131; x_wconf 76' lang='lat' dir='ltr'><strong>eatis</strong></span> <span class='ocrx_word' id='word_1_291' title='bbox 797 4082 898 4130; x_wconf 79' lang='lat' dir='ltr'><strong>leemnt</strong></span> <span class='ocrx_word' id='word_1_292' title='bbox 909 4078 1025 4127; x_wconf 81' lang='lat' dir='ltr'><strong>veientes.</strong></span> 
     </span>
    </p>
   </div>
   <div class='ocr_carea' id='block_1_6' title="bbox 0 0 1506 4676">
    <p class='ocr_par' dir='ltr' id='par_1_8' title="bbox 0 0 1506 4676">
     <span class='ocr_line' id='line_1_38' title="bbox 0 0 1506 4676; baseline 0 0"><span class='ocrx_word' id='word_1_293' title='bbox 0 0 1506 4676; x_wconf 95' lang='lat' dir='ltr'><strong> </strong></span> 
     </span>
    </p>
   </div>
  </div>
 </body>
</html>
