3018 4664
401 384 405 402 ·
460 389 527 457 na
550 389 688 458 nucu
713 387 960 476 sonsum,
985 391 1035 458 11.
1209 389 1275 488 317

216 511 355 612 populo
373 531 525 580 romano
548 532 616 607 pro
635 532 693 580 me
715 507 871 603 majores
894 509 965 580 mei
986 511 1281 606 spoponderunt3

216 622 306 693 mihi
335 617 514 696 creditum
540 630 613 704 est3
642 642 663 689 a
689 641 748 688 me
776 632 915 715 petere,
944 617 1044 715 quod
1067 619 1204 709 debeo,
1222 646 1281 694 me

216 733 336 828 ipsum
368 726 593 826 appellareIl
622 725 773 798 debetis.
800 727 1139 820 Quemadmodum,
1166 755 1281 827 quum

218 838 406 940 petebam,
429 837 523 910 nulli
540 861 598 908 me
620 835 723 909 vobis
746 850 911 908 auctores
933 841 1074 934 generis
1090 840 1162 911 mei
1183 863 1282 914 com-

218 950 457 1037 mendarunt;
482 950 554 1036 sic,
576 948 607 1018 si
629 945 719 1044 quid
737 945 941 1043 deliquero,
964 947 1072 1018 nullae
1092 962 1178 1020 sunt
1200 950 1284 1021 ima·

221 1065 339 1163 gines,
359 1087 438 1159 quae
452 1086 511 1134 me
526 1060 663 1133 avobis
676 1061 920 1160 deprecentur
930 1057 970 1132 ¹⁵.

268 1177 448 1246 XXXVII.
475 1175 612 1263 Quare,
631 1170 742 1243 modo
767 1184 811 1241 ut
833 1171 905 1241 vita
926 1179 1117 1269 suppetat¹
1137 1169 1284 1269 (quam-

221 1308 332 1382 quam
354 1307 422 1381 ego
439 1306 519 1353 sum
537 1284 585 1371 is,
604 1283 669 1380 qui
685 1305 762 1352 eam
778 1281 913 1377 possim
927 1278 973 1351 ab
988 1285 1140 1352 istorum
1154 1282 1287 1354 scelere

222 1393 431 1491 insidiisque
453 1390 685 1488 defendere),
708 1388 883 1489 polliceor
905 1389 1001 1461 hoc’
1027 1389 1146 1480 vobis,
1165 1393 1287 1482 Quiri·

224 1518 297 1591 tes,
315 1501 412 1574 bona
434 1501 506 1575 fide
531 1500 820 1598 :rempublicam
845 1500 1004 1598 vigilanti
1029 1499 1187 1589 homini,
1214 1526 1289 1573 non

224 1612 372 1702 timid03
387 1612 565 1710 diligenti,
585 1638 661 1684 non
673 1607 802 1710 ignavo
820 1614 1056 1682 commisistis.
1073 1616 1147 1710 Ego
1160 1612 1189 1682 is
1205 1637 1290 1683 con-

225 1723 281 1795 sul
294 1721 323 1811 ³,
350 1725 415 1820 qui
440 1725 653 1795 concionem
679 1719 865 1793 metuam?
897 1721 961 1817 qui
984 1720 1290 1819 tribunusplebis

225 1831 515 1932 perhorrescam?
531 1837 595 1930 qui
613 1856 707 1929 saepe
722 1846 759 1904 et
772 1833 848 1903 sine
864 1855 972 1903 causa
989 1831 1212 1904 tumultuari
1227 1833 1293 1929 qui

228 1944 388 2032 timeam,
406 1968 454 2014 ne
472 1940 561 2013 mibi
577 1944 616 2012 in
632 1965 772 2014 carcere
790 1939 1026 2012 habitandum
1045 1943 1106 2031 sit,
1127 1943 1157 2014 si
1173 1941 1291 2016 tribu·

226 2079 297 2125 nus
321 2053 437 2151 plebis
459 2053 543 2125 duci
560 2053 743 2148 jussisset?
764 2058 840 2152 Ego
862 2054 1027 2126 nondum
1044 2059 1170 2128 vestris
1185 2057 1293 2128 armis

229 2179 402 2253 armatus,
416 2161 690 2261 insignibusque
704 2163 929 2262 amplissimis
943 2178 1114 2254 ornatus,
1129 2167 1292 2263 imperio,

230 2274 460 2360 auctoritate,
479 2298 555 2344 non
574 2273 702 2346 horrui
718 2276 756 2344 in
773 2273 872 2344 bunc
885 2273 1005 2345 locum
1024 2276 1212 2373 progredi,
1228 2298 1293 2345 vo-

231 2379 360 2480 bisque
371 2379 578 2454 auctoribus
590 2382 814 2482 improbitati
825 2383 982 2456 hominis
994 2388 1158 2458 resistere
1173 2414 1182 2457 ε
1196 2408 1296 2458 nunc

271 2548 312 2598 rt.
326 2542 400 2606 Quod
408 2541 499 2604 Meo,
515 2557 554 2590 me
567 2542 646 2608 ipsum
659 2542 744 2608 appel·
787 2557 837 2590 rem
849 2542 972 2606 pertinere
984 2543 1011 2590 P.
1024 2544 1152 2594 Manutius
1163 2543 1296 2594 existimet.

233 2621 287 2670 tm
305 2619 407 2670 debers's.
428 2621 591 2686 Appellantur
611 2622 744 2671 creditores
787 2621 857 2680 Nos,
871 2636 915 2682 eur
928 2637 959 2669 ex
977 2621 1104 2672 Ciceronis
1122 2624 1221 2689 ingenio
1238 2639 1297 2689 pro·

234 2716 247 2748 s
262 2698 426 2764 debitoribus,
445 2716 521 2765 quum
540 2699 571 2749 sb
587 2702 617 2748 iis
635 2701 745 2750 debitum
790 2702 851 2748 lecte
861 2715 913 2748 uon
926 2699 1131 2761 ridesntm,uon
1138 2704 1299 2768 assequimur,

234 2778 363 2843 llsgitstur.
790 2789 814 2828 et
828 2778 920 2844 optime
932 2789 997 2826 certe
1015 2779 1047 2828 ed
1064 2782 1230 2832 antecedentis
1240 2799 1300 2831 eon·

274 2859 313 2906 rs.
327 2861 499 2924 Deprecentar.
509 2861 639 2922 Qnsrmihi
649 2878 663 2910 s
674 2860 745 2909 vobis
789 2856 908 2907 firmanda
915 2856 1231 2928 valent.ciceropostqusm
1238 2861 1301 2910 dixit

237 2939 331 2986 veniam
350 2949 453 3005 petent,
466 2951 491 2990 et
510 2941 589 3005 cnlpae
610 2940 745 2990 ucusstio·
790 2936 849 2985 lorti
870 2950 899 2982 se
921 2934 1033 2999 diligenti
1050 2938 1145 2985 consuli
1163 2939 1300 2988 mandatam

237 3033 309 3076 nem,
320 3029 421 3082 propter
432 3021 552 3082 majorum
565 3019 665 3076 merite,
673 3019 748 3082 tlepo-
791 3029 869 3063 rerum
892 3011 1045 3076 publicarum
1064 3031 1159 3076 rursm,
1175 3019 1226 3079 ism
1239 3017 1303 3066 illud

239 3105 318 3143 sesut.
792 3091 933 3142 confirmet:
945 3091 1011 3140 Num
1019 3092 1060 3140 ille
1071 3109 1140 3154 snm,
1150 3097 1194 3159 qni
1203 3097 1303 3145 concio·

274 3173 410 3222 XXXVII.
432 3189 456 3222 r.
470 3174 546 3222 Modo
560 3185 587 3222 ut
598 3171 653 3222 mim
660 3189 748 3238 suppe-
793 3187 852 3220 uum
862 3169 996 3218 tumultum
1007 3171 1177 3235 reformidem
1186 3176 1228 3240 qni
1237 3177 1304 3224 insui

240 3262 286 3302 tat.
301 3251 401 3300 Utinam
415 3251 490 3301 modo
500 3253 549 3300 sits
561 3252 621 3301 milri
631 3254 749 3318 supersit;
793 3261 860 3298 metu
875 3250 1007 3298 conturber
1024 3267 1053 3299 se
1073 3268 1246 3332 commutem
1262 3257 1306 3318 qni

240 3331 375 3380 dnmmodo
387 3331 437 3380 vits
449 3333 644 3382 unsrun-Sic
654 3335 749 3381 Ernest.
794 3341 899 3378 metum
910 3345 941 3379 us
953 3346 993 3379 me
1004 3331 1032 3380 in
1045 3333 1144 3383 vincula
1157 3335 1213 3384 duci
1220 3335 1306 3398 jubeat

240 3409 339 3460 Isllem.
348 3411 429 3460 Aliter
439 3411 559 3461 Graevius.
573 3413 663 3476 Magus
672 3411 750 3460 verie-
765 3473 769 3482 Ι
795 3408 922 3457 tribunus?
930 3411 999 3473 quod
1009 3411 1116 3461 tubunis
1122 3412 1200 3478 plebis
1209 3415 1306 3464 licuisse

242 3490 312 3538 tuln
325 3491 397 3540 MSS,
408 3493 434 3541 J.
444 3494 478 3539 V.
488 3491 515 3540 L
796 3488 853 3536 satis
862 3487 937 3536 muln
950 3489 1060 3540 horeste
1073 3507 1136 3543 rom.
1146 3494 1256 3560 mpla
1266 3493 1309 3542 do·

277 3583 302 3616 a.
314 3569 435 3618 Polliceor
444 3568 496 3618 lsae.
508 3568 574 3618 Illud
583 3569 657 3618 vobis
667 3585 698 3616 ex
704 3568 753 3616 sni·
795 3579 860 3619 cent.
887 3571 1005 3620 Nondum
1028 3575 1155 3623 consulere
1177 3573 1307 3637 imperium

242 3646 277 3693 mi
290 3648 408 3696 mutantis
421 3682 429 3708 ,
445 3659 470 3696 et
488 3647 541 3696 sine
560 3647 619 3696 dolo
630 3647 751 3712 spondeo.
796 3665 861 3697 ersm
874 3649 996 3716 adeptus,
1012 3668 1087 3717 mum
1099 3669 1152 3702 non
1163 3650 1273 3700 uubtnvt
1282 3650 1308 3698 in

244 3723 333 3772 Messes
352 3735 376 3774 et
396 3726 537 3790 perturbate
554 3726 608 3775 bne
628 3737 698 3791 putat
722 3729 752 3776 B.
797 3739 903 3777 rutrum
924 3743 1084 3796 conspectum
1104 3730 1249 3796 procedere,
1271 3727 1307 3776 le·

244 3802 339 3852 Weisk.
348 3804 491 3869 quadseqni
499 3805 621 3855 debuisset
627 3822 685 3854 nvos
694 3821 757 3855 eom·
800 3822 901 3871 gemque
912 3808 1038 3858 blsntlism
1052 3821 1136 3858 contre
1147 3809 1248 3857 istorum
1261 3807 1312 3856 bo·

245 3881 371 3941 misisses,
383 3885 495 3946 quamvis
506 3885 606 3950 vulgata
619 3885 693 3935 lectio
704 3885 756 3934 lsti·
800 3885 893 3933 minum
913 3885 1097 3950 improbitatem
1114 3886 1215 3936 suadere
1226 3903 1233 3934 s
1244 3901 1311 3933 nune

245 3963 284 4010 uis
293 3961 325 4008 sit
338 3961 440 4010 omnino
451 3961 554 4026 probata
568 3964 675 4013 sufibus.
801 3976 882 4014 sutem
893 3981 977 4014 reresr
993 3982 1024 4014 ue
1044 3983 1108 4030 resp.
1123 3981 1177 4014 meo
1191 3963 1312 4013 consulari

284 4040 308 4089 3.
322 4041 376 4106 Ego
389 4041 410 4088 s‘s
424 4041 518 4090 masal.
528 4043 587 4090 uec
601 4054 626 4091 st
644 4057 699 4106 quse
717 4059 755 4090 ee·
800 4043 1012 4108 Imperiosrmsta,
1022 4043 1054 4093 sb
1063 4045 1118 4092 istis
1130 4043 1314 4093 seditimissIn·

247 4131 356 4183 quuutur
365 4119 492 4170 Ciceronis
501 4135 717 4187 nouesse‚neqne
725 4122 758 4170 sd
802 4123 825 4171 ci
839 4122 937 4186 possit?
