2976 4670
259 351 331 424 616
432 353 807 426 OBSERVATIONES
831 356 1162 426 APOLOGETICAE

259 491 308 538 est
319 475 372 555 jus
387 474 479 538 civile
489 525 499 556 ,
510 475 661 540 homines
677 476 814 542 fuerunt
827 477 916 542 stulti
929 493 962 542 et
978 477 1188 560 fraudulenti,
1202 501 1334 543 necesse

259 598 326 662 est,
344 598 382 644 ut
397 579 526 664 dolosa,
551 582 670 665 futilis,
690 599 723 647 et
737 583 871 648 ridicula
897 583 950 648 illa
972 606 1105 672 quoque
1122 585 1163 649 sit
1184 585 1333 666 scientia,

259 710 341 774 qua,
368 704 534 776 tamquam
552 689 785 768 instrumento,
814 691 864 754 usi
882 691 1037 771 fuerunt,
1065 706 1103 753 ut
1121 712 1186 754 suto
1205 692 1333 756 malitiae

258 811 292 859 et
311 793 482 860 dementiae
500 797 730 862 satisfacerent.
745 829 758 854 «ι
774 798 812 862 ln
834 799 924 862 omni
947 799 1020 879 jure
1042 799 1127 862 civili
1150 800 1333 886 aequitatem

260 902 480 990 reliquerunt,
504 903 603 968 rerba
623 905 691 993 ipsa
709 919 918 970 tenuerunt».
944 905 1066 984 Injusta
1087 927 1165 996 ergo
1182 920 1253 970 tota
1269 909 1334 970 Ro·

257 1031 431 1072 manorum
451 1025 500 1074 est
521 1009 792 1101 jurisprudentia,
818 1013 851 1075 in
872 1035 935 1100 qua
954 1011 1021 1075 sola
1049 1010 1145 1076 verba
1163 1033 1335 1094 remanse-

258 1131 357 1197 runt,
374 1116 507 1203 aequitas
526 1133 575 1180 est
591 1116 736 1200 sublata;
760 1118 900 1207 quippe,
925 1133 964 1181 ut
979 1139 1054 1182 vere
1070 1117 1258 1181 Lactantius
1273 1119 1333 1204 (1),

258 1250 271 1276 a
285 1219 416 1286 duobus
431 1221 565 1302 justitiae
579 1207 746 1301 fontibus,
764 1225 882 1313 pietate
900 1239 933 1287 et
948 1223 1119 1311 aequitate,
1139 1223 1333 1309 immutatis,

260 1329 367 1391 omnis
383 1329 486 1394 virtus
507 1345 540 1392 et
554 1330 660 1394 omnis
675 1331 793 1395 veritas
812 1330 947 1412 tollitur,
963 1345 997 1393 et
1016 1331 1085 1418 ipsa
1100 1329 1224 1408 justitia
1239 1329 1334 1394 remi·

257 1449 328 1521 grat
345 1434 380 1497 in
397 1436 512 1500 osclum
524 1467 547 1502 υ.

304 1539 355 1604 Ne
373 1541 484 1629 iniqua
501 1542 624 1607 idcirco
642 1543 767 1608 macula
785 1543 850 1623 juri
867 1565 1005 1606 romano
1021 1542 1159 1631 amplius
1175 1543 1333 1620 inuratur,

261 1647 382 1711 oratori
406 1647 527 1711 nullam
544 1647 599 1711 hic
633 1647 731 1712 fidem
751 1646 958 1729 habendam,
981 1647 1113 1736 planum
1139 1647 1246 1720 facere
1263 1667 1334 1734 ope·

261 1773 306 1814 rae
328 1751 390 1815 erit
407 1754 550 1842 pretium
573 1753 686 1842 (quod
709 1756 743 1819 in
760 1754 1002 1843 Prolegomenis
1027 1755 1106 1818 meis
1129 1754 1250 1843 partim
1272 1751 1332 1831 jam

262 1857 400 1944 praecepi
413 1856 425 1944 )
440 1859 530 1922 :·0b
548 1860 686 1924 nimium
708 1858 816 1950 gloriae
833 1881 998 1939 amorem,
1022 1875 1120 1946 atque
1138 1873 1178 1922 ut
1193 1857 1333 1924 facidtsti

262 1985 328 2025 suae
349 1963 495 2027 oratoriae
521 1965 612 2028 frena
627 1965 763 2047 laxaret,
789 1963 945 2028 decorum
973 1987 1056 2052 saepe
1080 1963 1236 2043 abjecisse
1258 1962 1333 2026 Tul·

262 2068 384 2151 liumu,
402 2071 490 2134 testis
506 2087 555 2135 est
569 2071 762 2136 Plutarchus
774 2071 837 2160 (a),
855 2071 913 2159 qui
929 2071 955 2134 si
973 2070 1058 2135 forte
1074 2087 1255 2151 recusetur,
1271 2069 1332 2158 ipse

263 2173 462 2240 adversarius
484 2193 595 2241 noster
611 2177 700 2242 citari
722 2192 836 2242 contra
858 2199 892 2240 se
909 2193 1026 2264 potest.
1050 2177 1268 2255 «Orationes,
1287 2175 1334 2236 in·

265 2280 337 2367 quit
346 2279 411 2369 (3),
429 2281 646 2346 multitudinis
657 2281 781 2362 judicio
799 2282 930 2370 probari
944 2282 1153 2362 volebamus3
1173 2279 1333 2371 popularis

265 2399 314 2447 est
329 2386 416 2448 enirn
435 2386 487 2448 illa
502 2384 651 2466 facultas,
667 2401 700 2448 et
715 2384 851 2449 effectus
870 2385 1062 2474 eloquentie
1075 2402 1124 2450 est
1136 2385 1332 2450 audientium

264 2490 475 2577 approbatio»
486 2513 541 2573 ,ac
552 2489 592 2555 de
605 2492 687 2570 jocis
700 2492 848 2555 oratoriis
859 2513 958 2580 agens
970 2489 1034 2578 (d):
1047 2522 1060 2548 ι
1073 2492 1270 2580 Perspicitis,
1286 2491 1333 2568 ait,

267 2596 332 2660 hoc
354 2619 457 2684 genus
478 2620 576 2684 quam
595 2598 637 2661 sit
653 2600 814 2679 facetum,
835 2621 933 2685 quam
952 2599 1094 2687 elegans,
1114 2620 1216 2685 quam
1232 2613 1333 2662 orato·

268 2702 368 2784 rium,
383 2705 450 2767 sive
463 2703 584 2768 'habeas
594 2727 669 2768 vere
686 2704 777 2792 quod
787 2727 916 2768 narrare
927 2705 1031 2792 possis
1043 2753 1052 2785 ,
1066 2703 1157 2791 quod
1170 2721 1280 2769 tamen
1291 2716 1334 2766 est

269 2809 546 2874 mendaciunculis
565 2809 845 2899 adspergendum‚
864 2810 930 2874 sive
948 2809 1071 2899 fingas·
1084 2834 1093 2890 ;
1108 2833 1180 2897 quas
1198 2810 1293 2876 verba
1309 2807 1332 2870 si

268 2914 352 2979 bene
370 2918 443 3005 quis
462 2917 731 3000 consideraverit,
752 2917 887 2980 minime
908 2917 1093 2998 mirabitur,
1111 2915 1201 3006 quod
1222 2939 1288 3005 cap.
1305 2913 1332 2976 ΙΙ

186 3055 193 3064 -
269 3017 354 3101 dixi,
373 3019 515 3086 fabulam
534 3021 615 3085 mihi
631 3021 733 3085 videri
751 3019 912 3110 quidquid
929 3020 971 3084 de
987 3020 1155 3085 occultetis
1173 3022 1275 3101 notis,
1297 3038 1332 3080 ne

268 3127 434 3190 actionum
444 3126 592 3192 formulae
602 3127 842 3217 detegerentur,
851 3127 945 3190 nobis
955 3144 1064 3191 narrat
1077 3128 1227 3193 Cicero...
1235 3129 1332 3191 Immo

268 3253 339 3296 uon
351 3247 478 3298 tantum
492 3233 754 3298 mendaciuncula
766 3235 962 3322 confingere,
986 3233 1152 3298 sedetiam
1167 3230 1331 3299 contrarias

307 3467 346 3574 (t)
364 3508 423 3556 Div.
439 3509 498 3555 Inst.
512 3507 554 3555 lih.
566 3511 600 3569 V,
619 3524 671 3572 cap.
685 3506 724 3554 15.

307 3615 345 3680 (a)
364 3617 474 3678 Toml,
489 3631 544 3679 pag.
557 3617 656 3676 873‚B.

308 3721 346 3788 (3)
358 3721 433 3768 Tusc.
443 3723 513 3785 Disp.
523 3719 566 3770 lib.
578 3723 618 3780 11,
629 3735 684 3785 cap.
701 3735 722 3767 t.

279 3895 282 3904 ⁸
309 3825 634 3891 (4)De0rat.lib.11,cap.
646 3821 688 3888 59.
701 3825 757 3872 Huc
771 3823 843 3872 etiam
856 3825 962 3888 pertinet
975 3821 1038 3870 illud
1049 3838 1081 3870 cx
1092 3823 1205 3871 oratione
1219 3838 1264 3888 pro
1272 3821 1329 3868 fdus.

274 3931 327 3979 cap.
340 3931 372 3976 9:
388 3935 400 3955 a
410 3916 493 3977 Atque
511 3915 576 3974 haec,
591 3929 737 3978 quamquam
751 3923 868 3976 presente
882 3915 910 3960 L.
924 3911 1028 3959 Lucullo
1041 3909 1147 3974 loquor,
1169 3921 1250 3960 tamen
1262 3925 1290 3956 ne
1306 3905 1332 3954 sb

271 4004 326 4064 ipso
342 4011 444 4066 propter
463 4001 599 4065 periculum
617 4011 727 4051 nostrum
746 4015 887 4049 concessam
902 4000 1028 4048 videamur
1040 3999 1131 4048 habere
1154 3998 1277 4048 licentiam
1292 3993 1331 4042 lin·

275 4088 368 4150 gendi,
388 4088 494 4151 publicis
502 4089 578 4136 literis
589 4099 673 4137 testata
686 4099 742 4136 sunt
750 4087 831 4135 omnia
839 4109 860 4134 a.
