3018 4664
184 379 188 386 ·
268 337 337 408 310
502 370 506 377 ·
586 341 634 408 Μ.
661 341 699 406 Τ.
726 336 1004 407 CICERONIS

266 458 411 556 publice
431 481 505 528 non
524 471 598 546 est,
615 456 668 530 ibi
684 456 804 556 gloriae
821 455 997 555 cupiditas
1011 478 1086 526 esse
1102 478 1177 526 non
1194 469 1326 552 potest.

264 571 348 639 Non
362 571 614 655 contentione,
627 593 702 639 non
713 564 1115 638 ambitionediscortles:
1130 565 1220 635 nihil
1230 569 1327 638 enim

263 693 469 775 supererat,
487 677 533 748 de
555 703 630 774 quo
649 692 849 762 certarent;
871 676 981 764 nihil,
1002 675 1103 772 qnod
1120 691 1246 747 contra
1263 700 1327 773 pe-

265 798 447 876 terent¹⁰;
472 787 586 874 nihil,
611 786 678 859 ubi
704 787 927 858 dissiderent.
953 790 1081 882 ltaque
1103 785 1200 856 illam
1221 790 1327 856 Cam·

264 922 394 997 panam
417 902 677 995 arrogantiam,
707 913 816 995 atque
847 896 1107 968 intolerandam
1135 892 1327 982 ferociam,

264 1009 403 1080 ratione
424 1023 460 1082 et
480 1009 630 1080 consilio
651 1007 805 1102 majores
821 1009 934 1078 nostri
955 1005 999 1076 ad
1019 1006 1272 1076 inertissimum
1291 1018 1329 1075 et

266 1114 585 1188 desidiosissimum
609 1121 725 1189 otium
752 1116 1010 1215 perduxerunt.
1036 1117 1094 1187 Sic
1117 1129 1153 1186 et
1169 1112 1328 1185 crudeli-

264 1234 346 1298 tatis
377 1225 559 1298 infamiam
590 1226 850 1325 eflugerunt¹¹,
878 1225 978 1325 quod
1006 1225 1133 1297 urbem
1159 1251 1202 1295 ea
1229 1223 1328 1295 ltalia

263 1337 544 1434 pulcherrimam
567 1363 641 1408 non
665 1338 904 1422 sustulerunt,
925 1352 961 1407 et
980 1335 1136 1406 multum
1152 1336 1190 1404 in
1210 1348 1327 1431 poste·

263 1473 345 1518 rum
370 1446 626 1546 providerunt,
653 1448 772 1544 quod,
798 1448 916 1519 nervis
942 1445 1044 1518 urbis
1068 1443 1238 1516 omnibus
1265 1469 1327 1514 ex·

262 1559 391 1644 sectis,
417 1555 546 1628 urbem
571 1558 683 1655 ipsam
712 1558 867 1629 solutam
893 1581 934 1628 ac
960 1556 1222 1629 debilitatam¹²
1245 1553 1328 1624 reli-

264 1680 434 1762 querunt.
1245 1723 1255 1764 ,

313 1779 475 1870 XXXIV.
497 1781 581 1848 Haec
595 1777 742 1848 consilia
761 1777 937 1872 majorum
957 1781 1006 1847 Μ.
1021 1783 1152 1863 Bruto,
1165 1791 1207 1847 ut
1224 1791 1328 1847 antea

176 1975 180 1987 ἴ
264 1883 358 1974 dixi,
380 1888 713 1986 reprehendenda¹‚
736 1903 772 1960 et
796 1893 834 1959 P.
861 1889 967 1960 Rullo
985 1888 1059 1958 visa
1077 1901 1185 1958 sunt:
1207 1911 1329 1983 neque

264 2011 321 2083 te,
342 2001 379 2068 P.
397 2000 521 2088 Rulle,
539 2001 660 2070 omina
684 2000 745 2070 illa
771 2003 820 2070 M.
845 2001 943 2069 Bruti
967 2012 1075 2094 atque
1102 1997 1329 2093 auspicia²a

264 2108 370 2179 simili
396 2108 520 2182 furore
546 2110 739 2181 deterrent.
767 2113 859 2180 Nam
879 2123 915 2180 et
936 2110 1031 2206 ipse,
1051 2112 1114 2204 qui
1138 2101 1327 2192 deduxit3,

264 2231 301 2288 et
331 2221 396 2316 qui
429 2220 676 2316 magistratum
698 2223 848 2318 Capuae,
873 2242 915 2289 ea
945 2219 1023 2315 lege
1051 2213 1199 2306 crearit,
1221 2241 1328 2314 cepe·

263 2344 372 2417 runt,
390 2344 427 2400 et
452 2331 516 2427 qui
537 2329 694 2426 aliquam
713 2345 852 2427 partem
875 2328 970 2399 illius
992 2327 1236 2413 deductionis,
1258 2325 1327 2397 ho-

264 2443 381 2524 noris,
413 2440 572 2512 muneris
600 2446 813 2538 attigerunt,
839 2463 966 2511 omnes
993 2436 1238 2509 acerbissimas
1262 2438 1329 2538 im·

262 2545 430 2644 piorum⁵
441 2574 567 2648 poenas
582 2551 822 2648 pertulerunt.
841 2553 885 2619 Et
898 2550 1072 2646 quoniam
1086 2550 1204 2629 Bruti,
1219 2561 1330 2643 atque

260 2665 435 2756 temporis
465 2661 560 2732 illius
588 2659 656 2732 feci
685 2663 925 2747 mentionem,
950 2657 1246 2730 commemorabo
1269 2658 1329 2742 id,

300 2902 339 2938 ro.
354 2887 505 2952 &peterent
519 2891 556 2938 De
570 2889 771 2955 competitoribus
815 2938 820 2943 ,
851 2890 875 2937 3.
910 2885 1024 2938 Deduxit.
1052 2887 1156 2936 Colonia
1189 2888 1286 2936 demum
1315 2905 1330 2936 a

262 2967 351 3015 dicitur
364 2968 474 3016 eumdem
488 2967 607 3018 honorem
621 2969 768 3034 petentibus.
815 2969 891 3016 Bruto
909 2967 1016 3032 Capuam
1033 2967 1136 3014 deducta
1153 2967 1262 3024 videtur,
1277 2983 1329 3030 quo

301 3063 340 3094 rr.
368 3045 524 3113 Effitgerurtt.
552 3051 703 3112 Quamquam
730 3047 771 3096 ille
814 3058 937 3112 tempore,
951 3045 1016 3094 Sulla
1029 3047 1055 3093 in
1066 3045 1261 3096 Mithridaticum
1273 3045 1329 3092 bel·

262 3125 319 3172 ntit
327 3137 399 3174 atrox
408 3126 642 3192 ultiori'tlatttr,qute
650 3127 770 3192 populum
814 3127 866 3174 lum
880 3127 993 3188 intento,
1008 3143 1051 3190 per
1066 3127 1158 3174 ltaliam
1171 3126 1274 3174 lllarltui
1290 3126 1330 3173 in·

261 3203 401 3252 uuiversum
410 3203 507 3254 civitate
516 3205 615 3265 multat,
626 3207 770 3270 magistrati·
814 3205 950 3254 valuerant.
971 3207 1049 3268 Quum
1065 3206 1187 3254 coloniam
1200 3204 1331 3252 verisimile

264 3283 425 3342 hunnum,
437 3286 771 3350 etomuiuomtuuucrulgo
816 3296 852 3332 est
874 3300 888 3332 ι
908 3284 972 3333 Sulla
993 3283 1177 3346 lubeltetatem,
1196 3283 1266 3330 simul
1285 3299 1330 3334 ec,

266 3360 364 3420 dicitur,
377 3363 443 3410 civili
453 3375 532 3412 morte
543 3361 626 3414 afficit.
816 3365 932 3414 Marianis
950 3364 1069 3424 devictis,
1087 3365 1191 3414 colonos
1207 3380 1263 3411 suos
1283 3365 1330 3412 Ct-

304 3455 344 3489 ra.
358 3441 524 3490 Debilitatem.
536 3447 573 3492 De
584 3444 612 3490 iis
622 3443 720 3504 dicitur,
729 3445 773 3508 qui
816 3461 902 3508 prtem,
916 3437 1038 3494 veterifiua
1050 3444 1135 3507 utique
1149 3443 1272 3505 expulsit,
1284 3443 1329 3490 itu·

266 3521 420 3580 manetho,
435 3533 476 3570 aut
490 3539 546 3572 catu
558 3523 660 3584 theulut
673 3524 775 3572 membri
817 3524 913 3572 mittere
923 3523 1048 3586 cogitavit.

267 3617 337 3648 usum
349 3601 515 3664 perdiderunt.
856 3611 879 3658 4.
890 3602 952 3650 MSS
964 3613 1092 3665 corrupte,
1108 3621 1119 3644 ι
1131 3612 1156 3649 et
1171 3601 1299 3650 Leocrauti
1308 3623 1329 3648 ι.

300 3682 424 3732 XXXIV.
441 3699 463 3730 r.
482 3679 694 3744 deprehendenda.
712 3681 775 3744 Quin
819 3680 964 3729 EmendatIo
971 3691 1006 3728 est
1017 3697 1029 3727 tt
1040 3681 1068 3728 Ρ.
1080 3681 1201 3729 nanum.
1212 3683 1293 3730 θην.
1305 3691 1330 3726 et

267 3757 298 3806 de
309 3759 405 3807 colonie
418 3761 525 3824 Capuam
536 3758 685 3806 deducendis
697 3759 775 3822 legem
820 3759 918 3807 Lullem.
939 3781 950 3800 ι
966 3760 997 3808 ab
1016 3760 1059 3807 illo
1081 3761 1155 3806 creati
1167 3781 1188 3808 ι.
1210 3759 1330 3806 rmum

267 3837 363 3885 tulerat.
821 3839 932 3888 mallebet
943 3863 955 3882 α
966 3852 989 3888 et
998 3841 1097 3888 Tarenti
1107 3861 1127 3888 n.

303 3932 328 3966 u.
347 3915 471 3981 Auspicia.
490 3915 542 3964 Nee
559 3915 628 3964 timec
643 3932 675 3964 ue
690 3917 775 3964 malem
857 3919 879 3966 5.
895 3920 1035 3983 Impletura.
1051 3921 1124 3982 Quasi
1137 3919 1168 3966 de
1178 3918 1273 3983 putria,
1287 3919 1330 3982 qui

269 4005 360 4058 pestem
380 4007 494 4060 oppetes,
507 4006 536 4042 ut
547 3997 636 4044 Bmtuc
655 3996 713 4055 ille,
733 3997 776 4060 qui
820 3998 922 4046 colono·
943 4009 968 4046 et
991 3998 1143 4062 megietnmt
1166 4000 1256 4062 Capua
1278 4011 1331 4044 eece

267 4076 376 4122 acerbam
389 4087 491 4123 mertem
502 4075 569 4123 bello
586 4075 651 4124 ciuili
665 4077 775 4140 oppetiit.
822 4077 955 4135 voluerint,
969 4077 1043 4141 imple
1056 4076 1192 4141 eoglmrlnt.
