2958 4670
370 361 564 430 ORATIO
587 363 691 432 PRO
716 364 755 430 L.
783 363 1018 432 MURENA.
1159 360 1224 434 521

164 485 294 556 ceteris
315 480 503 569 omuibus,
529 481 720 553 consulatu
742 495 779 555 et
806 486 907 552 omni
928 482 1069 554 honore
1088 507 1230 585 semper

165 593 413 690 dignissimum
434 590 601 686 judicavi.
625 589 735 682 Quod
755 593 903 689 quidem
923 595 983 688 jus
1010 593 1112 666 civile
1138 595 1230 668 didi-

166 703 263 792 cisti;
278 727 353 772 nou
369 699 505 789 dicam,
518 726 665 798 operam
683 701 871 798 perdidisti
888 731 896 773 ε
914 702 977 775 sed
993 702 1084 776 illud
1098 703 1231 790 fflcam,

166 813 301 884 nullam
320 836 396 886 esse
410 814 448 882 iu
467 810 529 882 illa
543 809 730 909 disciplina
748 812 926 884 munitam
942 811 987 884 ad
1004 814 1230 886 consulatum

165 924 270 994 riam.
290 929 426 994 Omnes
450 923 547 993 enim
570 936 683 1010 artes,
711 945 792 1018 quae
811 921 919 994 uobis
939 922 1066 1021 populi
1090 927 1232 1010 romani

165 1032 283 1105 studia
301 1031 511 1119 conciliant,
531 1043 568 1102 et
584 1029 832 1104 admirabilem
848 1030 1079 1132 dignitatem,
1095 1048 1133 1106 et
1149 1058 1231 1134 per·

104 1223 107 1230 ,
165 1156 302 1240 gratam
321 1142 513 1214 utilitatem
528 1139 666 1213 debent
685 1140 830 1214 habere.

212 1257 360 1324 Summa
376 1250 530 1350 dignitas
546 1265 599 1326 est
617 1253 653 1322 iu
676 1251 737 1340 iis,
758 1252 824 1349 qui
842 1252 987 1324 militari
1009 1252 1115 1324 laude
1133 1269 1231 1326 ante-

165 1361 333 1434 cellunt:
361 1363 482 1433 omnia
516 1363 630 1448 euim,
656 1385 736 1458 quae
764 1362 911 1434 suntin
935 1362 1104 1460 imperio,
1131 1377 1168 1434 et
1191 1367 1230 1432 in

165 1485 261 1542 statu
296 1473 468 1560 civitatis,
496 1469 542 1542 ab
570 1471 613 1541 iis
642 1469 787 1542 defendi
817 1486 854 1543 et
879 1470 1014 1544 firmari
1044 1485 1228 1570 putantur.

165 1585 312 1652 Summa
334 1585 441 1654 etiam
468 1580 634 1652 utilitas:
659 1581 839 1682 siquidem
867 1608 995 1656 corum
1022 1582 1173 1654 consilio
1195 1598 1231 1656 et

164 1691 343 1788 periculo,
368 1717 483 1788 quum
504 1689 710 1789 republica,
739 1707 816 1763 tum
840 1697 947 1766 etiam
971 1695 1102 1766 nostris
1120 1693 1230 1766 rebus

163 1799 304 1898 perfrui
320 1826 521 1899 possumus.
542 1803 669 1874 Gravis
683 1805 791 1874 etiam
803 1799 865 1874 illa
878 1819 933 1876 est
946 1819 981 1875 et
995 1803 1103 1901 plena
1116 1803 1230 1900 digni·

165 1911 263 1999 tatis,
276 1910 421 2006 dicendi
436 1910 601 2010 facultas,
618 1937 698 2010 quae
714 1937 809 2012 saepe
822 1913 934 1985 valuit
948 1917 986 1984 iu
1001 1913 1149 1984 consule
1165 1913 1228 1984 de-

163 2021 329 2120 ligendo,
350 2047 455 2122 posse
481 2024 632 2095 consilio
657 2038 767 2121 atque
795 2026 980 2124 oratioue,
1003 2039 1040 2095 et
1063 2039 1229 2110 senatus,

163 2146 201 2203 et
217 2133 364 2230 populi,
391 2147 593 2222 eteorum,
616 2137 757 2232 quires
778 2132 958 2230 judicant,
983 2120 1122 2223 mentes
1145 2157 1227 2231 per·

164 2267 319 2314 movere.
345 2245 528 2333 Quaeritur
541 2244 689 2334 consul,
707 2246 770 2342 qui
784 2244 938 2317 dicendo
951 2268 1228 2346 nonnumquam

163 2355 375 2451 comprimat
394 2353 602 2426 tribunitius
615 2353 775 2442 furores,
797 2357 861 2453 qui
875 2355 1095 2426 concitatum
1110 2376 1227 2451 popu-

162 2461 238 2534 lum
256 2463 396 2551 flectat,
416 2468 481 2561 qui
495 2465 675 2562 largitioni
692 2467 842 2538 resistat.
862 2468 945 2537 Nou
965 2465 1115 2551 mirum,
1132 2465 1160 2532 si
1177 2461 1227 2532 ob

162 2569 256 2643 hanc
284 2571 517 2644 facultatem²
550 2574 717 2646 homiues
740 2599 833 2674 saepe
857 2576 965 2645 etiam
992 2599 1068 2644 uon
1087 2571 1228 2645 nobiles

163 2682 389 2754 consulatum
402 2689 619 2782 consequuti
632 2701 734 2756 sunt:
748 2686 945 2784 praesertim
958 2708 1072 2780 quum
1082 2681 1159 2754 baec
1170 2708 1226 2754 ea-

162 2790 245 2863 dem
258 2818 317 2864 res
330 2793 504 2890 plurimas
518 2797 668 2893 gratias,
686 2793 903 2865 firmissimas
916 2795 1103 2880 amicitias,
1116 2797 1226 2864 maxi-

161 2927 221 2972 ma
249 2902 367 2973 studia
395 2905 519 2999 pariat.
549 2908 717 2995 Quorum
741 2905 779 2974 iu
810 2905 880 2976 isto
905 2915 1024 2972 vestro
1052 2900 1203 2973 artificio
1216 2921 1232 2992 ,'

160 3009 314 3108 Sulpici,
333 3010 425 3082 nihil
443 3027 508 3084 est.

209 3123 270 3192 Xl.
297 3121 458 3194 Primum
486 3121 639 3220 dignitas
672 3126 711 3194 iu
744 3137 817 3196 tam
846 3123 945 3194 tenui
976 3123 1123 3194 scientia
1147 3145 1227 3220 quae
1289 3191 1293 3202 ,

162 3246 283 3330 potest
303 3232 404 3304 esse?
422 3257 480 3305 res
497 3235 593 3304 euim
611 3248 698 3306 sunt
721 3258 858 3330 parvae,
887 3257 1001 3331 prope
1019 3234 1058 3304 iu
1080 3233 1228 3331 singulis

162 3343 295 3414 literis¹
316 3357 426 3442 atque
444 3343 803 3442 interpunctionibus
820 3342 1016 3415 verborum
1033 3359 1225 3442 occupatae.

162 3452 322 3542 Deinde,
342 3455 449 3526 etiam
471 3455 503 3526 si
524 3453 613 3550 quid
636 3453 734 3553 apud
759 3453 913 3550 majores
935 3469 1078 3526 nostros
1099 3452 1166 3525 luit
1187 3455 1225 3524 in

198 3707 222 3738 a.
235 3689 272 3737 Ob
284 3690 349 3738 lanc
354 3687 514 3755 sacrileatem.
525 3689 644 3750 Dicendi,
656 3705 671 3736 a
715 3707 761 3755 pro
776 3691 872 3740 Caecins
885 3691 986 3756 laqueos
998 3691 1129 3739 verborum
1142 3701 1166 3739 et
1181 3708 1227 3740 an·

160 3786 209 3832 qua
220 3785 272 3818 nou
280 3779 400 3816 motum
414 3782 494 3819 tamen
504 3769 672 3834 Sulpiciumin
715 3772 805 3834 gnatius
817 3769 936 3836 appellat,
949 3782 974 3820 et
982 3787 1084 3836 quarum
1096 3781 1186 3834 quauta
1195 3771 1227 3820 rit

161 3851 238 3896 Bruto
247 3847 360 3896 declarat.
717 3850 753 3897 vis
766 3851 791 3898 in
801 3851 946 3916 syngraphis
955 3884 963 3912 ,
974 3851 1000 3897 in
1011 3851 1191 3910 contractibus,
1200 3851 1225 3898 iu

197 3929 242 3975 ttl.
266 3945 287 3976 ι.
303 3925 673 3996 Singulislitaris.1nuniuocu·
716 3929 881 3988 testamentis,
896 3939 941 3977 etc.
951 3929 989 3976 vel
1002 3929 1159 3993 quotidianus
1170 3943 1226 3978 usus

159 4009 247 4072 jusqu
257 4007 332 4056 literae
344 4006 513 4055 observatione
526 4018 636 4066 constat,
649 4017 674 4055 et
717 4008 775 4054 ratis
795 4007 876 4055 docet.
894 4007 958 4056 Male
971 4007 1030 4056 olim
1048 4007 1166 4058 Pithoeur·
1178 4009 1226 4057 «iu

162 4085 360 4137 distinctionibus
367 4085 510 4146 verborum,
519 4101 578 4150 quur
587 4087 673 4135 Cicero
718 4085 873 4150 pactionibus
882 4107 904 4134 n.
