2988 4668
248 373 327 447 638
418 375 793 447 OtsEthTtottEs
816 377 1148 448 APOLOGETICAE

255 499 342 564 fuiti
359 500 465 581 Num,
484 500 559 587 quia
575 499 628 580 jus
644 499 735 563 civile
754 497 924 580 didicerat,
941 521 1067 563 caussas
1084 523 1153 564 uon
1170 499 1324 566 alluebat?

252 623 327 688 aut,
347 606 421 694 quia
450 620 576 694 poterat
600 604 724 688 dicere,
749 607 830 686 juris
852 607 1019 670 scientiam
1046 608 1250 698 negligebat?
1274 612 1320 672 tr

249 731 391 802 utroque
408 714 442 776 in
459 735 577 802 genere
593 728 626 777 et
640 713 814 795 laborarit,
832 727 865 776 et
880 714 1038 802 praestitit.
1055 714 1166 795 Num,
1182 732 1322 803 propter

249 821 334 884 bane
352 841 390 882 ex
404 818 602 906 privatorum
623 817 763 906 negotiis
777 818 943 882 collectam
962 820 1114 907 gratiam,
1139 817 1261 883 tardior
1283 821 1320 883 in

248 947 315 1014 rep.
335 922 528 1011 capessenda
548 921 632 986 fuit?
647 921 753 986 Nemo
772 921 860 1010 apud
882 923 1042 1011 populum
1059 923 1194 1004 fortior,
1219 923 1320 989 tiemo

248 1029 363 1094 melior
382 1043 538 1092 senator:
562 1026 649 1092 idern
674 1027 766 1092 facile
787 1029 930 1116 optimus
953 1029 1152 1116 imperator:
1175 1027 1323 1117 denique

248 1135 329 1199 nibil
349 1135 382 1197 in
407 1135 468 1196 hac
488 1133 617 1197 civitate
640 1133 845 1220 temporibus
863 1133 924 1196 illis
951 1133 1025 1198 sciri
1050 1133 1171 1198 discive
1192 1135 1321 1222 potuit,

191 1271 193 1276 ·
249 1239 340 1328 quod
356 1239 408 1304 ille
423 1261 489 1303 non
508 1259 610 1326 quum
628 1239 827 1327 investigarit
845 1255 878 1303 et
893 1241 1021 1321 scierit,
1042 1241 1224 1304 tumetium
1236 1261 1321 1304 con-

250 1345 449 1434 scripserit».
470 1344 600 1426 Quibus
622 1345 703 1408 nihil
725 1343 837 1424 video,
862 1345 952 1433 quod
969 1347 1133 1427 ,ornanum
1146 1345 1237 1433 quod
1253 1367 1323 1410 rua·

249 1449 470 1540 gnificentius,
485 1449 518 1512 in
532 1471 587 1514 sex
599 1449 755 1514 tutorum
772 1447 902 1513 laudem
921 1448 983 1514 dici
999 1451 1139 1514 aTullio
1152 1433 1319 1539 potuerit,

155 1571 157 1576 ’
249 1557 307 1645 qui
327 1557 454 1644 quoties
474 1553 515 1618 de
531 1555 665 1644 egregiis
685 1571 837 1643 sugente
856 1577 913 1620 sua
932 1557 1006 1620 viris
1029 1557 1119 1645 loqui
1143 1557 1247 1646 cupit,
1265 1573 1321 1622 to·

256 1663 315 1726 ties
333 1662 473 1749 aliquem
489 1682 529 1724 ex
542 1659 653 1748 peritis
670 1661 789 1724 nostris
811 1661 844 1724 in
862 1661 1045 1749 exemplum
1061 1659 1180 1725 laudat.
1195 1663 1320 1726 Verum
1420 1700 1425 1711 ·

249 1789 317 1833 non
336 1769 436 1831 unius
454 1766 596 1832 hominis
620 1767 807 1830 testimonio
823 1767 916 1832 nobis
938 1787 1021 1855 opus
1044 1781 1103 1831 est.
1123 1767 1238 1831 Totius
1256 1791 1320 1856 po-

248 1873 318 1960 puli
326 1869 450 1950 judicio
462 1871 531 1934 haec
544 1869 687 1934 stultitiae
701 1871 860 1934 calumnia
872 1871 1043 1935 refutatur.
1055 1871 1179 1936 Stultos
1193 1874 1320 1960 quippe

249 1999 310 2042 nos
328 1974 490 2056 dicamus,
514 1997 598 2066 quos
617 1975 818 2064 prudentum
840 1975 935 2042 titulo
956 1979 1141 2059 universos,
1170 1979 1320 2068 singulos

19 2127 21 2184 ξ
116 2119 122 2128 .
249 2087 423 2165 Catomm,
437 2083 639 2172 Sophorum,
659 2085 866 2173 Sapientem,
880 2079 1111 2175 Catonumque
1123 2087 1259 2150 nomine
1270 2109 1325 2150 on

249 2207 409 2255 naverunt
442 2189 581 2254 Romani
603 2212 610 2254 :
647 2191 681 2255 S.
709 2189 855 2274 AElium,
886 2189 977 2274 dico,
1005 2193 1042 2256 P.
1069 2193 1321 2280 Sempronium,

248 2297 285 2360 1..
301 2295 441 2360 Acilium
460 2294 524 2383 (1),
550 2295 598 2359 M.
614 2294 782 2361 Porcium.
803 2294 893 2379 Quid
909 2296 1039 2362 tandem
1056 2297 1323 2386 jurisprudentiae

249 2403 381 2484 decora,
396 2420 574 2490 utrumque
585 2403 787 2491 Scipionem,
800 2420 925 2493 patrem
940 2404 1102 2489 etlilium,
1118 2427 1321 2489 memorem,

249 2530 391 2596 quorim
407 2507 461 2571 ille
473 2508 604 2587 juvenis
619 2499 767 2573 nondum
781 2512 975 2597 quaestorius
992 2517 1048 2576 etr
1064 2512 1200 2577 civitam
1218 2513 1322 2578 totius

248 2615 384 2702 optimus
404 2635 422 2676 a
446 2627 561 2676 senatu
581 2612 759 2698 judicatus,
781 2615 836 2678 hic
852 2637 931 2679 vero
951 2617 995 2681 ob
1013 2617 1165 2681 amariam
1187 2619 1321 2705 sapien·

248 2720 326 2784 uam
345 2716 512 2785 Corculum
522 2717 571 2806 (a)
583 2717 688 2783 dictus
701 2719 774 2784 fuit.
788 2717 838 2783 llli
862 2721 958 2784 etiam
975 2725 1047 2784 uiro
1060 2723 1177 2809 optimo
1188 2723 1324 2810 publius

250 2825 370 2890 domus
387 2826 421 2889 in
438 2826 611 2909 Sacraria,
628 2843 665 2890 ut
682 2827 806 2891 facilius
823 2831 949 2893 consuli
966 2844 1086 2918 posset,
1105 2827 1179 2892 data
1197 2830 1269 2893 luit.
1281 2829 1324 2893 Et

249 2933 311 2998 bos
326 2929 433 3017 viros,
452 2933 493 2996 de
507 2934 627 3021 quibus
641 2949 706 2998 tam
725 2933 944 2998 honorificum
965 2935 1085 3000 civium
1101 2955 1237 2999 suorum
1258 2934 1324 2997 fuit

247 3039 426 3121 judicium,
445 3038 568 3104 Stultos
586 3040 693 3105 dicere
707 3040 802 3104 nobis
817 3041 949 3106 licebit?
969 3039 1146 3106 Credemus
1162 3063 1238 3122 nos,
1258 3063 1323 3128 po-

251 3148 366 3237 pulum
383 3169 574 3228 romanum,
588 3147 742 3212 libertatis
754 3169 822 3212 sues
834 3164 900 3212 tam
911 3148 1044 3212 sollicite
1058 3163 1218 3212 amantem
1229 3194 1238 3228 ,
1251 3169 1324 3210 rer-

250 3250 427 3340 sutiloquas
445 3252 520 3316 istas
540 3252 765 3317 consultorum
779 3253 916 3342 ineptias
928 3253 1088 3342 patienter
1102 3251 1184 3316 adeo
1197 3251 1322 3332 tulisse,

250 3375 287 3423 ut
304 3358 539 3448 gloriosissimis
557 3359 744 3422 nominibus
764 3359 926 3424 sincerum
947 3367 1092 3424 amorem
1111 3357 1322 3423 venatoribus

250 3465 316 3528 suis
331 3463 525 3528 testaretur?
542 3461 608 3546 Qui
625 3464 688 3528 hoc
704 3463 849 3528 animum
864 3463 1020 3530 inducere
1038 3466 1159 3555 possit,
1173 3465 1216 3546 is,
1232 3463 1322 3529 Tbe-

250 3591 306 3634 seo
320 3567 420 3656 magis
436 3566 603 3650 credulus,
618 3589 710 3632 suam
727 3567 844 3656 habeat
859 3569 921 3633 sibi
935 3570 1136 3658 sapientiam.

293 3673 471 3762 Aliquanto
493 3673 620 3763 plenius
641 3673 776 3739 forsitan
793 3676 926 3739 crimina
942 3676 958 3738 J
962 3676 1031 3740 Ctis
1047 3677 1206 3765 imputata
1226 3697 1322 3740 amo·

287 3921 325 3990 (r)
338 3920 401 3972 vide
414 3923 492 3972 Cicer.
502 3919 532 3970 de
542 3919 673 3983 Amicitia,
691 3936 745 3987 etp.
764 3939 787 3972 s.
800 3924 922 3988 Pomponi.
938 3924 968 3972 de
980 3925 1049 3988 Orig.
1062 3927 1116 3974 Jur.
1129 3923 1145 3988 S
1158 3925 1204 3985 58,
1224 3927 1254 3975 P.
1264 3925 1322 3974 stt-

250 4011 311 4059 lium
322 4023 402 4059 vocat.
414 4010 477 4059 Vide
486 4014 620 4075 Rupertum
630 4026 685 4076 pag.
698 4011 759 4071 357.

258 4129 260 4134 -
289 4096 327 4161 (a)
345 4099 408 4146 Vide
420 4097 473 4148 Cic.
483 4099 557 4146 Tusc.
569 4101 662 4162 Quust.
679 4097 724 4165 lib.
734 4101 761 4162 l,
771 4114 823 4164 cap.
833 4115 859 4162 9.
873 4101 957 4148 Festus
970 4118 994 4149 v.
1009 4101 1146 4152 Comatam.
