3018 4664
177 445 182 452 ,
259 369 327 465 398
579 371 627 438 Μ.
654 371 692 439 Τ.
719 369 999 440 CICERONIS

258 515 424 576 manum,
443 488 635 562 consulum
656 506 693 562 et
712 491 919 588 principum
938 490 1089 560 civitatis
1106 489 1326 564 interficien-

259 602 389 674 dorum
419 623 544 688 causa‚
574 601 778 698 paravisse?
802 599 928 670 sceleri
955 623 996 670 ac
1022 597 1137 672 furori
1162 615 1226 671 tuo
1246 629 1324 674 uon

255 731 415 788 mentem
430 715 586 812 aliquam
596 723 640 800 ¹²,
654 729 718 785 aut
736 715 904 785 timorem
920 728 1045 802 tuum,
1061 713 1125 786 sed
1140 713 1323 788 fortunam

254 826 462 926 reipublicae
475 824 679 896 obstitisse?
697 827 748 896 Ac
758 825 831 919 jam
850 823 909 894 illa
924 827 1074 894 omitto:
1093 827 1323 921 nequeenim

256 952 343 1008 sunt
363 952 426 1008 aut
452 935 626 1022 obscura,
653 949 715 1006 aut
741 959 817 1005 non
841 933 956 1005 multa
976 931 1099 1031 post¹³
1122 937 1322 1007 commissa.

257 1048 409 1138 Quoties
430 1059 472 1116 tu
495 1069 554 1116 me
581 1044 827 1142 designatum,
847 1045 992 1141 quoties
1016 1044 1244 1117 considem¹l
1265 1049 1322 1118 in·

257 1155 420 1228 terficere
448 1170 600 1227 conatus
632 1155 694 1226 es?
725 1168 820 1252 quot
852 1178 920 1251 ego
950 1170 1030 1226 tuas
1056 1157 1250 1252 petitiones
1274 1159 1323 1228 ite

256 1267 459 1362 conjectas,
486 1280 529 1337 ut
552 1261 700 1336 vitari¹⁵
723 1289 802 1335 non
828 1289 933 1362 posse
964 1264 1184 1355 viderentur,
1214 1293 1324 1364 parva

255 1377 411 1476 quadam
425 1375 687 1464 declinatione,
707 1389 764 1464 et,
783 1390 824 1446 ut
841 1377 942 1447 aiunt
953 1372 996 1462 ¹⁶,
1014 1401 1168 1474 corpore
1187 1375 1297 1474 effugi
1304 1381 1323 1448 ἱ)

255 1489 346 1560 nihil
371 1489 464 1585 agis,
485 1485 576 1557 nihil
594 1487 812 1583 assequeris,
833 1484 923 1556 nihil
942 1485 1097 1574 moliris,
1115 1479 1217 1584 qnod
1234 1487 1323 1558 mihi

254 1599 365 1670 latere
391 1595 567 1668 valentin
592 1605 825 1692 tempore¹⁷t
848 1619 968 1693 neque
993 1611 1113 1668 tamen
1135 1601 1260 1668 conari
1281 1622 1323 1668 ac

253 1708 346 1780 velle
367 1706 519 1778 desistis.
545 1707 697 1797 Quoties
723 1707 798 1800 jam
823 1704 889 1776 tibi
914 1721 1056 1778 extorta
1082 1722 1137 1779 est
1162 1711 1236 1779 sica
1256 1710 1324 1782 ista

255 1817 301 1890 de
332 1816 526 1888 manibus?
554 1817 698 1914 quoties
726 1841 813 1887 vero
839 1815 972 1888 excidit
1002 1841 1088 1890 casu
1115 1818 1260 1916 aliquo,
1286 1834 1324 1890 et

210 1993 212 2000 .
254 1929 374 2026 elapsa
397 1928 475 1998 est?
499 1919 669 1997 tumen18
699 1949 742 1997 ea
770 1950 892 1998 curere
921 1926 1058 1998 diutius
1088 1953 1164 1998 non
1193 1943 1320 2027 potes:

254 2063 335 2137 quae
356 2036 503 2136 quidem
523 2035 659 2134 quibus
676 2034 740 2107 abs
761 2051 797 2106 te
812 2037 950 2107 initiata
966 2039 1075 2108 sacris
1086 2049 1118 2095 ¹9
1136 2063 1177 2108 ac
1193 2037 1322 2109 devota

256 2153 320 2235 sit,
340 2151 482 2236 nescio,
501 2145 603 2244 quod
621 2169 700 2218 eam
718 2169 865 2218 necesse
882 2162 987 2245 putas
1007 2147 1166 2219 consulis
1187 2149 1226 2218 in
1243 2173 1323 2219 cor·

255 2284 345 2359 pore
363 2255 531 2354 defigere.

302 2372 379 2439 VII.
407 2369 513 2437 Nunc
537 2389 644 2452 vero,
669 2389 750 2461 quae
779 2378 840 2436 tua
860 2379 916 2436 est
938 2355 1007 2436 ista
1029 2368 1123 2438 vita?
1147 2369 1199 2438 sic
1223 2369 1320 2438 enim

251 2482 326 2578 jam
349 2492 468 2548 tecum
488 2475 636 2571 loquar,
663 2497 740 2543 non
770 2489 810 2545 ut
834 2473 919 2546 odio
950 2491 1137 2575 permotus
1167 2501 1245 2548 esse
1268 2479 1321 2546 vi·

254 2591 353 2674 deur,
373 2611 449 2685 quo
468 2583 602 2673 debeo,
621 2581 685 2655 scd
702 2599 744 2654 ut
764 2585 1026 2677 misericordia,
1044 2612 1125 2684 quae
1142 2583 1209 2656 tibi
1223 2585 1321 2656 nulla

254 2699 420 2772 debetur.
442 2696 579 2768 Venisti
597 2693 720 2793 paullo
743 2709 827 2766 ante
848 2700 886 2766 in
907 2710 1095 2767 senatum:
1117 2697 1199 2793 quis
1218 2710 1254 2766 te
1276 2721 1322 2767 ex

255 2877 306 2911 non
313 2872 370 2922 est,
382 2859 462 2908 sedin
481 2874 543 2908 non,
563 2856 668 2906 februar.
682 2857 765 2906 dilgia.
811 2850 922 2916 eorporis
943 2849 1106 2900 deelimtione
1124 2850 1201 2898 ictum
1223 2850 1321 2914 effugit.

257 2945 320 2991 Tum
334 2955 432 3005 quoque
446 2938 689 2986 nimissestinstione
702 2936 765 2986 cati·
848 2931 935 2990 17.1n
958 2941 1075 2994 tempore.
1098 2929 1175 2992 Quod
1194 2929 1320 2978 occultum
1343 2953 1350 2960 -

169 3012 173 3022 ’
254 3021 411 3084 linssignum
430 3017 512 3076 dedit,
529 3017 670 3081 priusquam
680 3032 764 3064 omnes
807 3009 867 3058 mihi
889 3025 986 3058 manere
1005 3011 1085 3074 possit
1106 3010 1133 3057 in
1154 3025 1184 3058 eo
1203 3011 1321 3075 temporis

254 3101 340 3150 armati
352 3100 535 3156 convenissent,
548 3098 581 3144 its
595 3105 622 3144 ut
640 3096 763 3144 turbatum
806 3099 915 3152 puncto,
924 3105 974 3152 quo
984 3089 1010 3135 id
1024 3089 1086 3137 scire
1099 3087 1202 3136 multum
1213 3091 1320 3136 interest.

254 3181 354 3230 omnino
370 3179 442 3228 luerit
456 3175 592 3224 consilium.
613 3175 686 3224 Conf.
705 3175 763 3223 Sell.
807 3169 892 3217 Minus
906 3169 1017 3216 usitatim
1029 3168 1092 3216 hanc
1102 3168 1266 3216 elocutionem
1275 3168 1321 3216 ula·

257 3261 287 3308 18
299 3275 306 3315 ς
316 3259 382 3306 Suet.
397 3259 423 3304 in
432 3257 448 3304 J
450 3255 482 3305 ul.
494 3271 519 3318 9.
807 3258 858 3297 tere
868 3247 945 3296 mihi·
959 3247 1068 3296 defendit
1076 3247 1195 3308 Gravius,
1202 3260 1228 3297 et
1237 3263 1321 3296 omnes

292 3354 333 3386 ια.
356 3338 463 3384 Mentem
484 3331 602 3397 aliquam.
628 3329 687 3380 Non
707 3333 763 3396 quis
804 3327 1009 3394 jsmspprobsnt.

254 3415 384 3464 eonsilium
395 3413 532 3461 mutaveris.
846 3409 887 3458 18.
905 3404 1032 3456 Sehdtzius
1046 3422 1074 3454 en
1085 3405 1173 3467 verbs,
1185 3417 1279 3454 tamen.
1290 3441 1297 3454 .
1308 3440 1315 3450 .

293 3495 405 3544 13.Non
426 3492 503 3540 multa
516 3499 582 3554 post.
596 3488 689 3537 Omitto
703 3488 763 3548 ills,
802 3499 888 3551 potes,
900 3497 998 3534 auctore
1008 3489 1201 3543 Heumauno,ut
1209 3485 1320 3550 ineptum

253 3592 308 3640 que
321 3573 462 3622 commisisti
475 3569 595 3629 iscinom,
611 3567 668 3632 quin
684 3568 764 3616 omni·
807 3565 939 3620 emblema,
955 3563 1054 3612 delevit.
1066 3564 1090 3611 J.
1105 3565 1137 3610 V.
1147 3563 1275 3612 L.-Sed
1288 3564 1320 3612 ad

252 3657 299 3704 bns
308 3663 429 3703 suntnots
438 3685 445 3710 ,
455 3662 479 3698 et
488 3647 608 3715 permulta
617 3646 663 3694 slis
673 3647 762 3696 selerne
806 3645 934 3709 sequentis
948 3643 1043 3708 optime
1055 3643 1153 3704 velent;
1165 3653 1189 3691 et
1201 3645 1260 3691 mire
1271 3644 1320 3692 ca·

251 3749 360 3798 possum.
369 3731 451 3794 Vulgo
461 3729 549 3794 legitur
560 3725 649 3774 “multo
656 3737 762 3790 postes».
806 3724 901 3774 tilinsm
911 3721 1065 3780 describunt,
1076 3721 1117 3785 qui
1128 3721 1234 3785 quodam
1244 3722 1322 3771 veluti

289 3821 329 3868 st.
344 3811 432 3860 Alme
442 3807 573 3858 consulem.
585 3807 609 3856 J.
618 3808 650 3853 V.
664 3807 690 3855 L.
719 3797 722 3803 ’
806 3802 898 3852 lntoad
913 3818 965 3852 enm
979 3801 1128 3850 tractandum
1146 3801 1220 3850 sicam
1234 3800 1320 3867 impel-

291 3895 330 3940 15.
352 3889 418 3947 Alii,
438 3887 530 3937 uvitsri
543 3901 615 3950 posse
627 3899 679 3932 non
691 3883 763 3934 vitle-
804 3881 877 3931 latur.

252 3983 336 4019 rentur
345 3993 365 4020 ι,
376 3973 401 4018 J.
411 3972 478 4018 v.1„
845 3977 885 4024 19.
899 3961 1003 4009 Initiata
1016 3959 1103 4008 sacris.
1124 3958 1163 4008 dd
1173 3971 1245 4007 atrox
1257 3956 1320 4004 illud

289 4051 329 4096 16.
355 4051 386 4094 Ut
399 4047 476 4096 uisset.
491 4047 540 4110 Qui
555 4047 585 4095 de
606 4045 703 4095 duobus
715 4060 762 4108 pu·
807 4041 895 4090 alludit
908 4057 1017 4098 saccum,
1032 4041 1101 4100 cnjus
1115 4039 1226 4088 meminit
1239 4037 1320 4086 Sallu·

251 4127 380 4190 guantibus
410 4129 562 4192 loquuntur,
596 4141 672 4191 quum
702 4124 763 4172 alter
807 4123 879 4183 stim,
896 4137 950 4184 cup.
965 4135 1006 4168 αα.
