3026 4680
246 371 317 462 458
570 377 619 449 Μ.
641 377 681 446 Τ.
708 377 1000 445 CICERONIS

245 496 462 598 supplicatio
486 500 515 568 si
531 499 621 568 'cum
639 501 767 570 ceteris
786 496 1010 586 conferatur,
1038 499 1214 589 Quirites,
1242 499 1316 571 boc

243 615 385 684 intersit
396 611 552 710 ¹⁴,quod
573 627 700 686 ceterae
718 612 814 686 bene
829 628 944 711 gesta,
961 611 1037 686 baec
1055 639 1148 702 una,
1169 637 1318 685 conser-

244 737 325 796 vata
344 721 550 822 republica,
571 724 768 795 constituta
789 739 853 796 est.
874 727 993 822 Atque
1018 722 1125 812 illud,
1148 723 1249 821 quod
1266 723 1317 794 la·

244 832 416 906 ciendum
435 834 594 932 primum
616 832 705 922 tuit,
721 833 858 906 factum
878 849 988 933 atque
1011 848 1233 906 transactum
1252 849 1317 906 est.

242 945 334 1016 Num
353 947 391 1014 P.
416 942 611 1031 Lentulus,
632 969 855 1043 quamquam
886 943 1085 1044 patefactus
1112 944 1253 1026 indiciis
1279 959 1319 1016 et

244 1052 534 1126 confessionibus
553 1057 645 1144 suis,
660 1055 798 1152 judicio
817 1071 981 1142 senatus,
998 1079 1075 1128 non
1096 1054 1208 1126 modo
1226 1078 1317 1154 prae·

243 1163 332 1235 toris
355 1163 433 1258 jus,
455 1187 582 1236 verum
604 1167 711 1237 etiam
741 1167 828 1238 civis
847 1167 1033 1254 emiserat,
1056 1181 1177 1241 tamen
1204 1169 1317 1262 magi·

241 1289 357 1346 stratu
374 1299 413 1346 se
430 1271 609 1347 abdicavit
630 1303 639 1346 :
658 1291 717 1364 ut,
732 1301 813 1374 quse
831 1273 1000 1374 religio¹⁵
1032 1281 1071 1349 C.
1087 1277 1221 1364 Mario,
1246 1275 1316 1346 cla-

241 1385 384 1454 rissirno
395 1384 491 1470 viro,
513 1409 590 1456 non
604 1384 743 1474 isserat,
765 1392 973 1498 queminus
987 1391 1026 1459 C.
1042 1387 1246 1472 Glauciam,
1268 1385 1315 1458 de

242 1517 318 1590 quo
337 1491 426 1564 nihil
445 1497 659 1566 nominatim
681 1512 759 1568 erat
778 1496 983 1586 decretum,
1006 1513 1198 1595 pretorem
1219 1497 1315 1568 occi·

241 1601 360 1691 deret,
379 1628 498 1676 eanos
510 1605 686 1702 religione
697 1609 734 1677 in
747 1610 888 1706 privato
904 1611 941 1678 P.
954 1607 1112 1679 Lentulo
1124 1603 1314 1703 puniendo

241 1711 490 1790 liberaremur.

288 1829 368 1896 Vll.
390 1827 516 1912 Nunc,
534 1829 709 1924 quoniam
723 1839 755 1911 ¹,
780 1829 965 1918 Quirites,
984 1827 1315 1926 sceleratissimipe

240 1935 560 2035 riculosissimique
584 1937 694 2010 belli³
714 1935 871 2009 nefarios
896 1937 1008 2012 duces
1031 1950 1155 2036 ¹captos
1174 1937 1248 2032 jam
1277 1951 1316 2008 et

240 2044 524 2142 comprehensos
542 2050 690 2136 tenetis,
711 2049 914 2120 existimare
931 2047 1091 2135 debetis,
1102 2069 1229 2118 omnes
1243 2050 1314 2118 Ca·

240 2152 351 2224 tilinae
374 2157 517 2254 copies,
534 2179 660 2229 omnes
678 2181 759 2256 spes
781 2173 892 2256 atque
921 2182 1011 2256 opes
1030 2155 1044 2204 ³
1070 2157 1128 2228 his
1154 2155 1314 2254 depulsis

239 2263 341 2336 urbis
363 2265 552 2362 periculis,
572 2266 784 2340 concidisse.
806 2271 926 2358 Quem
943 2267 1091 2366 quidem
1109 2291 1177 2363 ego
1195 2290 1311 2363 quum

240 2395 284 2442 ex
301 2373 392 2446 urbe
407 2374 587 2470 pollebam
598 2379 626 2464 4,
638 2377 709 2448 hoc
723 2377 959 2475 providebam
976 2369 1116 2464 animo,
1133 2379 1311 2468 Quirites,

241 2497 382 2553 remoto
404 2483 573 2572 Catilina,
587 2510 655 2556 nec
682 2485 772 2558 mibi
790 2512 868 2558 esse
881 2492 919 2558 P.
940 2485 1106 2559 Lemuli⁵
1120 2511 1312 2574 somnum,

276 2669 318 2719 rt.
330 2663 413 2713 Grues.
423 2679 437 2715 e
447 2662 521 2716 este.
531 2665 639 2716 tremi.
650 2669 712 2718 tv.
721 2668 749 2716 L.
795 2679 892 2722 muetos
901 2667 1032 2718 mentun
1039 2678 1144 2732 petum
1152 2684 1178 2716 ee
1186 2667 1310 2718 ebdicere.

277 2740 752 2812 15.ue,quentffl0.1tet,dutuu·
830 2749 926 2796 vlts.
947 2747 1173 2813 Numqui-tam·
1191 2747 1309 2812 ffilfflll'
1395 2803 1401 2817 .

238 2817 752 2886 st0,eerupntns.ergumeummsminore
796 2837 848 2876 tote
867 2842 907 2886 re,
927 2827 1069 2888 conjuretoe
1085 2826 1206 2884 resmdit·
1219 2827 1312 2875 hm·

238 2894 364 2959 edusius.
378 2901 404 2948 Si
413 2901 507 2954 Metius
519 2918 570 2952 uon
582 2904 664 2954 timuit
674 2903 752 2954 Gleu·
795 2921 844 2970 qne
849 2906 913 2953 eires
920 2903 1058 2965 confirmet,
1064 2905 1310 2970 ostenditquequenti

239 2975 301 3024 ciem
320 2989 463 3041 pretorem,
481 2984 524 3046 qui
544 2998 602 3032 cum
619 2984 751 3036 &tommo
796 2983 895 3048 publice
908 2985 1046 3034 interfuerit
1060 2983 1189 3034 Csu'liuem
1205 2999 1237 3032 ex
1249 2983 1310 3032 nrbe

239 3053 339 3106 tribuno
359 3058 439 3122 plebis
460 3061 579 3124 leciebet,
601 3059 751 3120 interficere,
795 3063 866 3126 pellis
878 3079 1010 3126 uuuqnem
1020 3066 1085 3112 enim
1096 3063 1206 3112 inmense
1219 3063 1309 3123 fuisse,

238 3148 284 3181 nos
306 3135 403 3187 liberati
424 3155 508 3192 sumus
530 3139 597 3196 omni
619 3141 750 3204 religione,
795 3142 883 3190 utbeo
892 3153 942 3190 tent
951 3142 1021 3193 ficile
1030 3142 1226 3208 reprimerentur,
1238 3143 1258 3189 ei
1268 3141 1310 3188 ille

238 3227 281 3259 eeu
292 3225 372 3276 metu,
386 3218 407 3266 si
419 3219 549 3270 Lentulum
562 3219 702 3286 pontem
718 3223 749 3272 C.
794 3222 820 3268 in
831 3221 893 3270 urbs
904 3221 1066 3270 remansisset.

238 3292 320 3340 Mes-io
332 3305 426 3346 tentum
436 3299 564 3348 commisse
576 3309 627 3348 eret
635 3297 751 3362 respubli·
831 3315 855 3347 π.
869 3298 1069 3348 Periculosusimi
1080 3299 1144 3349 belli.
1156 3301 1250 3364 Nempe
1260 3299 1309 3347 do·

238 3385 282 3428 ce,
292 3371 353 3422 nibil
364 3375 507 3430 nominetim
518 3376 548 3428 de
557 3376 657 3426 Glencie
667 3377 750 3428 deose-
796 3379 889 3430 ntestici
900 3389 926 3426 et
937 3378 1062 3439 intestim,
1081 3393 1131 3441 quo
1143 3377 1308 3426 vehementius

238 3457 290 3498 tuus
301 3463 361 3500 eret.
376 3453 410 3502 At
418 3465 514 3506 senatus
525 3465 681 3506 nonnosum
691 3455 751 3506 teibi
795 3457 905 3506 imminet
915 3457 1061 3522 periculum.
1071 3483 1106 3494 -
1118 3455 1307 3504 &elemu'ssiesi

237 3541 314 3594 remp.
324 3521 460 3590 commisit,
474 3532 518 3580 sed
527 3532 599 3583 etiem
607 3533 750 3583 nominatius
795 3537 860 3598 Quis
870 3536 901 3586 sb
911 3533 1052 3584 horninibus
1060 3534 1236 3584 scelestissimis
1246 3550 1307 3583 eon·

238 3605 362 3668 decrevit,
383 3623 412 3660 ut
430 3611 546 3662 unimus
567 3612 594 3662 in
612 3613 748 3665 costodiens
793 3625 829 3668 tre
843 3617 944 3680 possiem
958 3613 1060 3678 geritur.

237 3685 387 3748 truderetuu
404 3707 454 3758 quo
471 3690 569 3742 decreto
583 3691 748 3742 ridetnreunt
830 3695 855 3744 3.
876 3696 946 3758 Opes.
971 3692 1097 3752 l’teneidie,
1123 3692 1236 3754 mean,
1252 3707 1310 3757 qna

237 3765 418 3821 condemnasse.
438 3771 538 3824 caucia
561 3782 653 3836 preston
677 3783 745 3834 eret;
790 3789 848 3822 suos
860 3772 908 3822 eibi
925 3772 1018 3824 lsturos
1036 3787 1089 3822 esee
1101 3771 1182 3820 moine
1194 3771 1307 3838 sperebet

237 3845 354 3898 lentulus
366 3865 417 3900 nors
428 3850 504 3900 modo
517 3851 629 3916 pretor-is
638 3851 692 3912 jus,
704 3851 748 3902 sed
793 3851 908 3905 Cetilius.

236 3922 298 3974 ⁰le
317 3926 388 3981 etiem
408 3931 496 3982 amisit.
511 3931 592 3982 lilerio
614 3942 693 3984 temen
711 3948 747 3980 re-
828 3931 989 3990 cretatae
1001 3929 1304 3982 circumuentum

239 3999 299 4064 ligio
321 4009 438 4060 nonfuit
457 4011 582 4064 Glanum
605 4009 748 4063 interficere.
794 4010 953 4076 deportem.

239 4081 748 4152 lloeutexreligtonelibereremnr,voluir
830 4091 855 4140 ⁵.
871 4090 966 4142 wind
974 4105 1092 4140 semem.
1102 4086 1304 4144 somnolentiesn,
