2934 4680
325 395 525 466 ORATIO
550 397 648 467 PRO
673 397 814 467 LEGE
839 395 1071 468 MANILIA.
1183 395 1231 482 43

157 516 253 616 apud
273 516 457 617 populum
476 543 668 592 romanum
682 519 875 592 auctoritas
893 533 973 608 tua,
991 537 1101 616 quam
1118 519 1232 617 ipsius

156 628 287 726 populi
315 631 458 699 romani
486 630 580 702 salus
606 643 643 702 et
671 654 753 702 vera
783 648 888 702 causa
915 629 1098 716 valuisset,
1122 627 1233 700 hodic

157 735 253 809 hanc
274 733 430 835 gloriam
456 752 564 836 atque
586 739 658 812 hoc
676 740 776 812 orbis
794 755 897 811 terrae
915 739 1109 836 imperium
1127 753 1229 809 tene·

156 849 305 919 remus?
330 855 386 918 An
413 847 480 919 tibi
502 865 581 920 tum
607 851 801 949 imperium
828 873 905 920 esse
931 848 1003 920 hoc
1027 847 1230 936 videbatur,

156 977 275 1054 quum
294 959 422 1058 populi
441 962 582 1030 romani
605 961 733 1060 legati,
755 973 942 1058 praetores,
960 974 1230 1058 quaestoresque

158 1067 419 1167 capiebantur?
431 1092 546 1167 quum
559 1094 604 1142 ex
617 1070 789 1142 omnibus
804 1068 997 1169 provinciis
1011 1085 1230 1157 commeatu,

146 1189 195 1250 et
203 1181 365 1276 privato,
379 1194 416 1251 et
428 1179 591 1276 publico,
607 1179 915 1282 prohibebamur?
925 1203 1040 1279 quum
1051 1178 1231 1251 itsclauaa

159 1303 262 1361 erant
293 1289 402 1362 nobis
428 1294 550 1364 omnia
581 1295 711 1379 maria,
739 1307 780 1363 ut
807 1315 928 1390 neque
955 1293 1128 1391 privatam
1150 1313 1228 1360 rem
1303 1386 1305 1390 ι

159 1403 454 1490 transmarinam,
475 1425 594 1500 neque
613 1403 796 1503 publicam
811 1403 884 1498 jam
900 1401 1002 1474 obire
1019 1402 1230 1501 possemus?

204 1513 337 1584 XVIII.
365 1517 455 1604 Quae
478 1513 600 1585 civitas
622 1528 726 1586 antea
745 1536 919 1611 umquam
941 1509 1026 1599 fuit,
1047 1532 1122 1582 non
1144 1508 1227 1581 dico

158 1619 449 1712 Atheniensium,
481 1647 562 1722 quae
599 1627 694 1696 satis¹
715 1624 785 1696 late
819 1624 1006 1723 quondam
1036 1645 1135 1693 mare
1173 1635 1225 1693 te·

157 1732 302 1801 nuisse¹
328 1731 475 1823 dicitur;
495 1758 571 1805 uon
592 1733 963 1832 Carthaginiensium,
986 1733 1050 1831 qui
1066 1731 1226 1832 permul-

156 1842 364 1914 tumulasse
389 1847 650 1942 maritimisque
671 1843 781 1916 rebus
798 1845 1009 1932 valuerunt3
1032 1865 1107 1913 non
1126 1843 1226 1913 Rho·

155 1948 321 2038 diorum,
341 1975 499 2049 quorum
520 1975 637 2051 usque
652 1953 697 2025 ad
712 1967 872 2025 nostram
891 1956 1101 2024 memoriam
1119 1951 1225 2022 disci·

155 2059 254 2157 plina
268 2062 403 2134 navalis
417 2079 453 2134 et
470 2064 583 2160 gloria
597 2065 790 2135 remansit:
810 2083 891 2160 quae
909 2063 1033 2132 civitas
1047 2079 1222 2158 umquam

154 2185 262 2242 antea
286 2185 359 2241 tam
389 2177 527 2261 tenuiS,
548 2199 628 2271 quae
655 2186 726 2244 tam
754 2195 863 2271 parva
892 2170 1010 2243 insula
1033 2169 1122 2256 fuit,
1144 2191 1225 2268 quae

153 2303 229 2351 non
245 2297 374 2379 portus
387 2307 489 2370 suos,
505 2297 541 2355 et
555 2307 679 2381 agros,
693 2299 731 2355 et
743 2283 899 2380 aliquam
914 2297 1053 2379 partem
1067 2282 1224 2377 regionis

152 2403 265 2488 atque
281 2417 352 2463 orae
365 2395 551 2464 maritime
567 2417 633 2492 per
649 2419 686 2466 se
702 2383 778 2492 ipsa
790 2391 1023 2464 defenderet?
1042 2395 1088 2462 At
1102 2390 1223 2463 hercle

151 2499 293 2598 aliquot
320 2526 435 2574 annos
465 2505 658 2575 continuos
687 2519 769 2574 ante
791 2503 912 2603 ⁴legem
942 2501 1133 2573 Gabiniam
1162 2501 1221 2574 ille

152 2611 313 2710 populus
333 2635 524 2700 mmauus,
547 2614 669 2709 cujus,
691 2637 808 2713 usque
832 2614 879 2685 ad
903 2628 1063 2685 nostram
1084 2635 1221 2684 memo·

150 2723 263 2812 riam,
284 2749 418 2796 nomen
437 2725 612 2796 invictum
634 2727 673 2796 in
691 2724 879 2796 navalibus
901 2727 1033 2822 pugnis
1051 2747 1219 2820 perman-

93 2887 96 2894 .
149 2848 265 2921 serat,
289 2841 417 2933 magna
438 2859 479 2906 ac
499 2835 616 2907 multo
637 2837 792 2907 maxima
813 2849 915 2932 parte
934 2858 1010 2904 non
1028 2831 1139 2903 modo
1153 2835 1222 2904 uti·

149 2944 295 3032 litatis²‚
327 2944 390 3016 sed
423 2945 606 3043 dignitatis
641 2962 750 3044 atque
788 2945 928 3042 imperii
963 2945 1088 3014 caruit.
1123 2945 1220 3030 Nos,

148 3079 307 3154 quorum
330 3056 485 3152 majores
506 3053 725 3128 Antiochum
750 3080 872 3152 regem
894 3053 1004 3126 classe
1013 3049 1041 3142 ³,
1066 3051 1219 3126 Persen·

146 3247 431 3300 uabntuauamautimi
439 3251 497 3300 belli
507 3252 660 3302 administra·
705 3251 871 3315 vectigalibuu
883 3276 919 3288 -
931 3249 981 3296 Sed
991 3249 1064 3298 etiam
1080 3249 1216 3314 diguitatis.

146 3331 401 3396 tiousPonpaiouni
414 3331 559 3382 mandanda.
580 3335 659 3398 nepe·
704 3331 799 3395 Emptis
821 3331 951 3378 duodecim
975 3331 1113 3389 arentibus,
1140 3333 1217 3396 captis

145 3409 229 3456 uluiu
241 3409 321 3458 Dione
330 3411 422 3470 Cassio,
435 3413 658 3475 xxxv1,s‚19,
704 3410 849 3475 quibusdam
871 3410 971 3474 legatis,
994 3409 1170 3474 quaestoribus,
1191 3421 1218 3458 et

145 3489 270 3537 orationes
289 3490 425 3538 contrarias
450 3491 546 3539 Gabinii
567 3489 659 3540 tribuni
703 3491 859 3556 pratoribus.

145 3566 225 3630 ΡΜ
248 3579 273 3616 at
294 3568 384 3618 Garuli.
410 3570 555 3618 Plutarchus
577 3577 659 3619 uerat
739 3571 763 3619 3.
777 3569 924 3619 Antiochum
938 3568 1114 3635 regemalasto.
1129 3566 1218 3614 Antio·

145 3645 315 3712 hssflmssu
324 3650 577 3700 numdi-entem
585 3651 658 3700 latam
703 3648 751 3698 ebo
763 3650 830 3715 apud
843 3649 1022 3714 Thermopylas
1035 3649 1102 3695 victo
1114 3655 1137 3693 et
1149 3645 1218 3692 Gru·

144 3739 238 3786 aqut
247 3729 351 3776 alterurn
361 3729 576 3793 consummem
587 3729 659 3778 rehe-
702 3729 740 3777 cit
754 3729 869 3795 expulso,
887 3730 915 3778 C.
933 3730 1016 3778 Livius
1029 3727 1158 3790 praefectus
1176 3740 1218 3774 ro·

144 3803 248 3854 mentius
253 3806 302 3872 lagi
310 3807 559 3873 refraganturfflrope
566 3825 580 3856 a
588 3808 659 3873 plebe
703 3825 779 3858 manse
788 3807 886 3870 olmis',
899 3807 1030 3868 adjuvmte
1041 3807 1148 3852 Eumene
1158 3820 1216 3868 rege

144 3885 293 3950 ὤκει-μω
304 3887 386 3936 tuine
702 3889 781 3945 Asin,
792 3887 977 3954 'Polyxenidam
996 3883 1112 3936 Antiochi
1129 3886 1217 3950 prufe-

180 3966 274 4014 KVIH.
296 3983 318 4014 r.
338 3969 410 4014 Mare
427 3965 540 4016 tenuisse.
560 3965 590 4014 ut
608 3976 659 4024 eat,
703 3979 771 4018 otum
798 3968 831 4017 ad
857 3968 981 4031 Corycum
1009 3976 1107 4030 portum
1126 3965 1216 4016 ¹rravcli

145 4045 271 4108 iniperium
286 4045 369 4093 maris.
702 4047 788 4113 praelio
814 4046 888 4105 visit,
911 4045 1025 4094 tredecim
1052 4061 1125 4092 naver
1148 4044 1214 4108 oepit

180 4141 205 4174 a.
223 4127 279 4174 Nou
292 4125 366 4174 modu
380 4124 498 4175 nummu.
518 4127 660 4192 lutererptis
703 4141 759 4176 euru
777 4123 895 4174 militibus
916 4141 944 4173 ao
966 4123 1113 4189 mmiglbus,
1130 4124 1212 4174 desem
