2986 4670
222 299 293 386 24⁸
541 301 590 368 u.
617 302 656 367 r.
682 298 973 369 crusnonls

220 419 436 508 memoravi,
475 421 661 510 Quirites,
688 417 790 518 quod
826 419 898 492 hoc
931 417 1074 492 bonore
1110 445 1155 493 ex
1189 429 1293 500 novis

219 528 429 602 hominibus
442 529 602 628 primum
616 553 689 618 me,
709 529 830 600 multis
848 531 932 627 post
946 532 1090 621 annisa,
1105 521 1292 626 affecistis3

219 640 319 740 quod
336 644 452 740 prima
471 641 665 740 petitione3
692 640 794 737 quod
822 666 920 712 anno
942 666 1053 714 meo:
1084 643 1148 715 sed
1168 660 1292 720 tamen

219 751 508 850 magnificentius
529 767 638 849 atque
665 755 829 823 ornatius
853 775 930 824 esse
954 752 1017 825 illo
1040 754 1132 825 nihil
1151 773 1293 854 potest,

225 862 322 961 pund
339 863 429 934 meis
450 864 604 934 comitiis
632 888 705 942 uon
738 858 947 956 tabellaml,
974 864 1154 938 vindicem
1177 871 1293 942 tacitae

217 973 413 1061 libertatis,
433 971 496 1044 sed
519 997 643 1044 vocem
663 976 781 1044 vivam
804 997 877 1072 pras
901 971 1025 1063 vobis,
1054 976 1212 1049 indicem
1231 1006 1292 1052 ve·

218 1101 374 1167 strarum
388 1107 472 1182 erga
490 1109 548 1154 me
565 1083 795 1154 voluntatum
817 1107 859 1155 ac
884 1082 1087 1155 studiorum
1108 1141 1118 1175 ,
1146 1087 1290 1161 tulistis.

216 1199 344 1290 Itaque
354 1217 413 1264 me
427 1217 504 1284 non
517 1207 674 1264 extrema
686 1191 800 1266 tribus
813 1190 1101 1291 suffragiorum,
1111 1198 1172 1270 sed
1184 1200 1294 1296 primi

219 1305 271 1375 illi
286 1307 393 1376 vestri
408 1328 625 1394 concursus,
644 1328 765 1401 neque
779 1305 928 1402 singulae
941 1330 1047 1378 voces
1061 1332 1292 1406 praeconum,

219 1415 284 1487 sed
304 1441 378 1487 una
395 1440 484 1488 voce
504 1417 695 1487 universus
721 1415 880 1514 populus
901 1441 1074 1490 romanus
1103 1420 1292 1493 consulem

221 1527 425 1600 declaravit.
1177 1589 1183 1605 ,

267 1643 345 1708 Ηοο
359 1663 426 1736 ego
439 1649 470 1684 ¹⁰
492 1653 564 1711 tam
579 1643 735 1740 insigne,
757 1655 830 1713 tam
850 1643 1030 1740 singulare
1045 1658 1206 1716 vestrum
1225 1642 1292 1716 be·

219 1745 409 1837 neficium,
424 1751 601 1840 Quirites,
615 1777 729 1850 quum
744 1751 790 1823 ad
804 1756 914 1824 animi
927 1757 998 1825 snei
1009 1753 1168 1826 fructum
1181 1769 1293 1854 atquc

217 1856 376 1928 laetitiam
396 1856 491 1930 duco
512 1885 588 1932 esse
607 1886 867 1960 permagnum,
894 1877 974 1936 tum
990 1864 1035 1935 ad
1055 1889 1179 1937 curam
1197 1866 1294 1938 solli·

218 1967 492 2068 citudinemquc
504 1971 621 2042 multo
633 1972 760 2068 majus.
776 1977 1098 2063 Versanturenirn,
1113 1976 1290 2066 Quirites,

217 2080 256 2149 in
272 2080 394 2152 animo
407 2105 491 2152 meo
510 2083 632 2153 rnultae
647 2097 820 2181 etgraves
839 2086 1091 2183 cogitationes,
1106 2110 1188 2184 quae
1201 2087 1293 2157 mihi

217 2259 284 2310 unde
313 2260 469 2310 manifestum
496 2262 542 2310 fuit
568 2262 655 2328 populi
679 2279 735 2329 erge
774 2263 849 2329 frugis
862 2222 1155 2313 mnusfisnliumAEocus
1171 2264 1291 2313 illeindi·

216 2337 300 2403 ipsum
313 2340 431 2391 studium.
450 2339 634 2406 Amplissiuusm
653 2354 733 2392 cutem
775 2353 814 2390 ost
841 2341 984 2391 Ciceronem
1013 2343 1128 2408 suffragio
1155 2343 1291 2408 primarum

216 2417 281 2467 illud
305 2414 412 2470 oratorie
435 2421 565 2488 praedicit,
580 2423 648 2488 quorl
668 2434 734 2472 certe
774 2423 936 2490 centuriarum
955 2422 1139 2482 obtinuisse,et
1157 2423 1215 2472 ideo
1236 2439 1289 2474 non

113 2529 115 2534 -
216 2497 280 2546 illusi
293 2501 371 2549 multo
388 2504 463 2566 magis
482 2512 518 2550 est
536 2501 644 2568 amplum
656 2519 733 2567 quum
777 2516 875 2549 necesse
888 2502 960 2550 fuisse
973 2501 1004 2549 ad
1017 2513 1136 2551 extremes
1146 2519 1225 2568 usque
1240 2521 1292 2552 een

219 2577 276 2642 quis
290 2579 442 2630 consulatum
453 2599 504 2632 non
523 2595 608 2648 petens
623 2583 732 2644 obtinet,
777 2580 1099 2646 producere;p0pulumque
1106 2598 1233 2632 muranum
1241 2599 1293 2632 uon

218 2667 262 2706 sut
272 2673 348 2722 quum
359 2659 453 2724 legibus
462 2662 571 2720 solutus,
580 2664 666 2712 consul
677 2673 734 2712 ante
778 2669 922 2708 contentum
940 2659 1014 2708 fuisse
1024 2659 1149 2710 consulem
1162 2679 1217 2711 euru
1238 2663 1293 2710 suf·

219 2747 315 2785 retstem
329 2750 474 2800 ereatur,ut
492 2741 617 2806 quondam
639 2759 686 2808 pro
705 2743 733 2792 P.
777 2739 860 2804 fragiis
882 2737 1014 2798 declarare,
1039 2739 1082 2787 ssd
1098 2739 1246 2790 clamoribus
1267 2753 1293 2791 ot

219 2816 336 2882 Scipione
348 2828 438 2890 ectum.
776 2817 903 2884 plausibus
913 2815 985 2868 etism
994 2835 1049 2867 eum
1060 2818 1184 2869 alutem.

256 2913 280 2958 7.
293 2897 344 2946 Alii
353 2914 492 2964 perperam,
500 2911 528 2950 ut
538 2901 643 2964 videtur,
652 2901 733 2952 multis
816 2913 857 2947 so.
867 2896 920 2946 Hoc
927 2913 983 2964 ego.
990 2897 1123 2962 Postquam
1131 2906 1293 2964 tottsutaque

215 2975 370 3042 posthabitis.
381 2981 407 3029 J.
416 2983 449 3030 V.
460 2985 487 3030 L.
776 2975 804 3026 iu
820 2993 845 3026 se
858 2975 946 3025 collata
960 2974 1077 3026 beneficis
1095 2977 1184 3042 populi
1197 2979 1292 3027 rossad

256 3057 280 3106 8.
305 3057 438 3108 Tabellaria.
461 3057 527 3108 Illud
540 3061 568 3110 in
589 3061 732 3110 mandendis
777 3058 926 3106 enumeravit
940 3066 1100 3122 crator,qnss
1108 3058 1293 3123 propenssmin

220 3135 401 3200 magistratibus
413 3137 519 3203 primum
531 3141 658 3206 usurpavit
677 3140 731 3206 lege
776 3153 801 3184 se
815 3133 895 3201 plebis
917 3135 1069 3185 voluntatem
1094 3145 1143 3186 tam
1165 3137 1294 3188 manifesto

219 3213 324 3262 Gabinis
336 3216 444 3281 populus
458 3234 588 3282 romanus3
602 3221 628 3269 in
643 3220 731 3268 tabulis
774 3225 906 3273 testentur,
917 3212 1023 3264 declarat
1033 3231 1058 3264 se
1069 3217 1232 3281 quoquelrsec
1240 3233 1294 3266 om·

221 3292 321 3340 nomina
332 3294 581 3360 candidatorum,sed
588 3299 673 3363 primis
682 3309 731 3346 ten·
775 3294 941 3358 nisoccepisse
948 3295 1216 3360 tamquamimpositum
1224 3307 1294 3362 gnte

221 3381 273 3420 tum
285 3369 362 3422 literis
378 3373 555 3425 scribebantur.
776 3375 858 3422 animo
871 3389 944 3434 cuns,
955 3385 980 3422 et
989 3375 1070 3422 omnic
1084 3383 1229 3422 serstorum
1237 3391 1294 3440 que

256 3467 283 3515 9.
307 3453 363 3501 Non
382 3465 493 3503 extremo
513 3453 733 3523 tribussuffmgs'o-
776 3451 871 3519 populo
885 3453 933 3500 tale
946 3451 1091 3502 beneficium
1101 3455 1198 3518 possint
1213 3451 1295 3502 exsol-

220 3533 582 3598 rum.Trsuspositsillsverbs
596 3534 733 3584 sicadsen-
777 3545 851 3580 vere:
867 3529 937 3581 nullo
959 3529 1035 3580 modo
1060 3543 1157 3596 poteret
1180 3531 1294 3581 callidius

219 3628 274 3661 sum
284 3613 513 3674 suntradtuenda,
527 3613 642 3678 suffragia
654 3627 733 3664 extre·
776 3609 841 3659 hanc
854 3609 953 3658 brevem
963 3627 1042 3658 remos
1052 3627 1150 3660 sucrum
1158 3609 1294 3676 amplilice·

218 3707 265 3740 ω
279 3692 370 3754 tribus,
383 3692 410 3741 id
422 3705 472 3754 ese,
481 3692 596 3756 suffr-egis
607 3694 732 3742 centuri,-
777 3689 871 3738 tionem
885 3687 1044 3750 concludere,
1056 3705 1130 3754 quam
1142 3688 1294 3754 profitendo,

218 3787 274 3819 rum
285 3788 345 3836 quas
362 3782 468 3820 extrem
480 3771 559 3820 tribus
572 3772 730 3836 coutiuebet3
778 3785 804 3817 sc
819 3767 912 3832 optime
926 3768 1011 3831 quanti
1031 3769 1104 3833 pretii
1124 3768 1204 3834 plebis
1218 3771 1294 3836 gretie

217 3865 324 3915 namque
337 3851 423 3900 Cicero
436 3850 524 3900 consul
534 3849 614 3900 tuem
627 3863 730 3913 creatus,
776 3847 809 3896 sit
820 3845 932 3895 habenta
943 3863 1105 3911 cognoscere,
1116 3864 1191 3913 seque
1205 3865 1295 3898 consu·

217 3929 245 3980 iu
254 3931 360 3979 comitiis
367 3946 412 3996 per
422 3931 550 3992 centurias,
560 3946 611 3980 nou
619 3949 678 3982 vero
686 3949 730 3998 per
776 3927 823 3975 lem
834 3941 886 3974 ¹²⁰⁰
897 3924 929 3974 &tl
943 3925 1021 3974 otium
1033 3927 1108 3976 animi
1126 3937 1151 3975 et
1164 3927 1292 3991 letitiam,

216 4007 302 4057 tribus.
315 4036 350 4046 -·
365 4009 471 4075 Singula
489 4027 565 4060 voces
575 4027 726 4076 proeconum.
774 4004 817 4054 sed
827 4005 858 4052 tul
867 4004 1008 4070 reipublice
1019 4007 1118 4056 tutelam
1130 4017 1155 4055 et
1168 4005 1291 4059 detenue-

216 4087 314 4152 Populo
327 4105 384 4136 sane
403 4092 521 4155 cujusquo
541 4093 657 4141 centuriis
676 4092 726 4140 sul·
771 4101 827 4134 nem
839 4101 889 4132 οδω
902 4096 1018 4134 creatum·
