3020 4668
251 302 321 398 378
400 302 449 369 M.
473 303 512 370 T.
531 301 620 376 cle.
643 301 776 375 ORAT.
799 302 889 374 PRO
914 303 953 370 C.
980 303 1176 374 RABIRIO.

249 424 436 524 republica
451 417 661 508 cicomces³
677 446 719 496 ao
731 435 838 496 notas
856 423 996 496 virtutis
1013 426 1154 524 accepit
1166 428 1196 513 ⁴,
1210 424 1258 510 is,
1275 451 1324 498 ne

248 533 349 634 quod
361 534 513 631 accipiat
529 530 631 604 famae
643 531 796 621 vulnus,
813 531 1060 630 pertimescit⁵
1075 563 1084 614 ς
1099 559 1207 632 quem
1223 559 1322 608 nun·

246 670 356 744 quam
379 637 630 719 incursiones⁶
653 640 815 717 hostium
834 640 917 718 ioco
937 669 1084 718 movere
1104 657 1322 742 potuerunt,

248 758 277 826 is
302 776 402 834 nunc
423 753 602 850 impetum
630 752 778 839 civium,
804 753 862 826 cui
888 755 1090 828 necessario
1115 752 1318 830 cedendum

250 879 321 954 est,
350 863 604 962 perhorrescit.
632 864 761 960 Neque
785 887 806 936 a
827 861 932 938 vobis
948 863 1023 960 jam
1038 864 1135 938 benc
1157 863 1319 950 vivendi,

249 975 312 1048 sed
333 975 487 1046 honeste
515 971 694 1043 moriendi
718 969 924 1044 facultatem
948 976 1056 1072 petit;
1077 985 1222 1074 neque⁷
1246 987 1316 1044 tam

247 1100 289 1159 ut
308 1085 419 1162 domo
439 1109 504 1160 sua
526 1081 686 1169 fruatur,
712 1105 822 1180 quarn
846 1108 893 1154 ne
918 1085 1035 1181 patrio
1060 1083 1228 1182 sepulcro
1247 1085 1318 1184 pri·

246 1210 368 1281 vetur,
391 1193 542 1272 laborat
568 1192 668 1264 Nihil
689 1188 789 1264 aliud
803 1193 877 1288 jam
897 1217 962 1266 vos
983 1207 1063 1266 orat
1081 1209 1192 1290 atque
1211 1193 1317 1266 ohse-

247 1320 342 1398 crat,
354 1307 422 1384 nisi
434 1309 487 1378 uti
501 1329 548 1382 ne
558 1328 595 1376 se
606 1301 766 1404 legitimo
776 1299 960 1390 funcre‚et
974 1299 1187 1376 domestica⁸
1201 1318 1317 1376 morte

247 1417 409 1515 privetis3
423 1431 571 1504 nterim,
580 1415 645 1513 qui
659 1437 726 1511 pro
738 1415 853 1510 patria
861 1413 1002 1488 nullum
1016 1440 1179 1513 unquam
1192 1413 1317 1490 mortis

247 1528 451 1625 periculum
470 1524 583 1624 sugit,
607 1527 645 1595 in
663 1522 779 1621 patria
794 1525 887 1594 mori
902 1526 1100 1621 patiamini.

295 1639 379 1714 Dixi
408 1636 453 1709 ad
479 1637 515 1708 id
543 1651 711 1736 tempus,
738 1631 839 1739 quod
866 1634 955 1706 mihi
981 1661 1000 1707 a
1023 1636 1173 1706 tribuno
1199 1635 1315 1737 plebis

248 1750 488 1845 praestitutum
508 1763 562 1819 est
577 1775 584 1818 :
601 1772 622 1818 a
637 1744 742 1818 vohis
759 1757 871 1843 perot
891 1771 1104 1844 quaesoque,
1120 1758 1203 1820 ut¹⁰
1223 1747 1317 1819 hanc

247 1879 364 1927 meam
389 1856 639 1929 defensionem
664 1877 731 1956 pro
753 1857 857 1926 amici
880 1859 1042 1956 periculo
1062 1855 1227 1946 fidelem,
1249 1881 1316 1958 pro

246 1965 453 2068 reipublicae
471 1965 585 2045 salute
603 1963 830 2042 consularem
854 1969 998 2064 putetis.

196 2120 205 2134 ·
283 2111 307 2156 3.
327 2109 464 2160 Cicatrices.
481 2113 548 2159 Inter
564 2109 709 2176 pronissime
726 2111 759 2172 Q.
803 2125 911 2157 renone
923 2110 1022 2174 quidem
1032 2111 1137 2159 intento
1150 2109 1316 2175 tuopericnio

248 2190 374 2238 Hortensii
394 2201 566 2252 monuments,
586 2183 641 2255 qhse
660 2201 701 2239 sut
718 2190 760 2237 iile
804 2189 985 2253 perhorrescis?
998 2215 1011 2235 ι
1033 2195 1079 2241 He
1104 2201 1185 2238 entem
1208 2205 1281 2239 voces
1300 2206 1315 2239 e

247 2269 337 2334 scripte
354 2269 469 2334 reliquit,
485 2282 556 2320 ente
576 2271 680 2338 posteris
697 2269 760 2318 iects
803 2268 909 2318 lihrsriis
925 2281 1116 2334 permutentur:
1133 2279 1157 2318 et
1175 2271 1202 2318 in
1218 2269 1315 2321 Cefflin.

247 2348 345 2398 {uerunt
353 2388 362 2412 ,
376 2361 427 2398 eret
440 2351 511 2399 etism
525 2351 553 2401 C.
567 2351 662 2400 Rabirii
675 2350 702 2399 in
714 2349 760 2397 hsc
804 2349 839 2406 11,
855 2366 877 2397 c.
892 2365 915 2410 r,
927 2351 970 2398 uhi
982 2351 1056 2399 ceteri
1069 2349 1126 2398 libri
1135 2365 1220 2398 omnes
1231 2351 1314 2398 :intre

247 2427 299 2492 ipse
308 2445 380 2477 oense
391 2429 501 2478 defensio
513 2445 520 2480 :
532 2447 561 2479 ex
571 2427 761 2494 qunquaeohn-
804 2427 950 2480 domesticos
970 2431 1074 2496 perietes
1094 2430 1313 2496 pertimescemus·

247 2507 331 2572 ricius,
343 2525 369 2572 p.
386 2513 555 2568 roo‚serrevit
565 2509 654 2570 verbs,
665 2507 761 2557 eieatri·
803 2505 900 2570 legunt,
917 2525 995 2568 unns,
1015 2521 1039 2558 et
1061 2511 1082 2557 is
1099 2511 1172 2573 plene
1189 2510 1313 2574 egregius,

246 2601 302 2632 eum
311 2603 434 2647 mewom,
446 2589 569 2638 edlocum
581 2605 681 2654 prorsus
693 2589 760 2636 simi·
804 2586 868 2634 intes
889 2589 1127 2654 Isgomsrsinisnos,
1145 2589 1313 2654 perhorresce·

246 2662 293 2711 tem
311 2657 454 2730 pertinuisse
473 2680 594 2734 eppsret,
613 2667 656 2716 obi
678 2678 760 2715 temen
804 2679 856 2713 mus
865 2667 1059 2733 exhihet31tque
1070 2669 1206 2728 id‚utmee
1216 2668 1313 2732 quiden

246 2742 373 2792 liebirinm
380 2745 523 2814 loquentem
532 2747 671 2796 indurent.
685 2747 758 2795 Nrrs.
803 2735 889 2809 opinio
902 2746 965 2806 ieet,
977 2759 1049 2797 mete.
1061 2747 1137 2797 Nise.

283 2829 307 2877 4.
326 2825 433 2887 Accepit.
450 2827 536 2876 Cicero
549 2825 635 2874 eodem
648 2826 678 2874 sd
691 2841 760 2874 eom·
839 2825 864 2872 6.
887 2827 1048 2876 Incursiones.
1065 2825 1216 2875 Membrone
1233 2826 1312 2876 ineer-

245 2903 380 2952 movendos
392 2906 488 2954 enimos
501 2906 592 2954 effectu
605 2906 692 2962 utitur,
708 2921 758 2969 qno
803 2903 893 2952 siem:
909 2915 934 2953 et
950 2907 1012 2954 infre
1025 2905 1135 2969 patriam
1153 2921 1199 2970 pso
1213 2905 1311 2970 parde,-

244 2981 382 3030 Antonium
395 3000 441 3048 pro
454 2983 498 3033 Μ’.
511 2985 621 3048 Aquiliio
638 2983 758 3033 dicentem
803 2985 940 3044 cetiusmoeii
953 2985 1040 3033 menda
1052 2985 1178 3033 hominem
1190 2985 1262 3050 piene
1275 2985 1312 3032 in-

247 3075 316 3110 usum
326 3063 487 3112 fnisssnsrrst
499 3065 526 3111 in
535 3063 648 3124 Verr.V‚
663 3081 686 3113 r.
803 3063 904 3111 doctum
926 3075 951 3112 et
970 3067 1066 3114 rustice
1085 3065 1174 3128 iiogue
1193 3075 1310 3112 essuetum

283 3142 306 3189 5.
313 3143 404 3190 Voitsrts
408 3141 563 3206 pertimescit.
574 3143 614 3192 Sic
622 3141 757 3202 emendari,
801 3142 920 3207 produnt.
934 3143 1007 3191 Nm.

246 3235 320 3284 Qum
334 3222 361 3269 in
371 3222 516 3272 membranis
527 3223 644 3290 scriptum
657 3224 689 3272 sit
697 3239 756 3286 per·
838 3239 862 3283 7.
877 3223 965 3288 Neque
977 3217 1035 3272 tari.
1050 3221 1090 3271 stc
1104 3221 1247 3280 emendavi,
1264 3235 1310 3286 pro

245 3297 375 3359 horrescit,
394 3317 474 3366 neqm
491 3305 556 3351 enim
570 3319 683 3370 umquem
696 3303 757 3352 mini
798 3301 860 3365 iem.
874 3301 947 3350 Nus.

244 3379 383 3440 persmderi
396 3381 474 3448 perier
486 3391 514 3429 ut
527 3382 623 3430 oredem
636 3381 699 3430 hene
712 3398 756 3430 vo-
837 3382 862 3430 0.
883 3380 1030 3429 Domestica.
1047 3381 1115 3428 intre
1131 3378 1247 3444 proprios
1266 3393 1309 3444 pe·

246 3473 298 3504 cern
326 3476 381 3522 qua
406 3463 489 3524 prucis
515 3472 571 3530 post
593 3461 704 3510 versibus
729 3461 756 3509 iss
801 3469 876 3509 netu.

246 3538 356 3600 proxime
369 3541 538 3608 subsequentis
547 3541 618 3589 incisi
629 3541 697 3589 exito
708 3541 755 3590 ite·
836 3555 860 3603 9.
877 3541 941 3586 Peto.
954 3541 992 3587 De
1004 3539 1130 3587 locutione
1140 3553 1213 3602 quem
1224 3537 1310 3586 sertis·

244 3631 298 3664 rom
307 3619 433 3682 occurrit(
440 3621 555 3685 impetum
563 3619 649 3668 civium
654 3620 757 3686 petitor·
799 3619 862 3667 simo
880 3617 1050 3684 supplemento
1066 3617 1161 3666 restitui
1178 3617 1210 3664 oi.
1228 3615 1310 3664 Duke-

244 3695 347 3762 rescit),
357 3699 417 3747 sdeo
427 3699 520 3764 ingrate
530 3715 543 3748 e
555 3699 673 3748 Cicerone
682 3699 756 3748 inisse
800 3712 853 3744 rum
864 3697 896 3744 ed
908 3695 1046 3753 Liv.v111,
1058 3713 1080 3746 c.
1096 3713 1128 3760 9,
1145 3713 1167 3757 7.
1181 3697 1256 3744 Nm.

242 3777 360 3828 iteratam.
385 3780 443 3842 Quo
463 3793 521 3826 vero
540 3777 596 3826 ioco
617 3778 755 3827 emendatio
838 3791 877 3824 ro.
899 3775 1014 3825 Uticae.
1029 3777 1140 3825 Vosoro
1154 3785 1183 3824 nt
1196 3792 1209 3823 s
1223 3791 1261 3822 me
1277 3775 1309 3821 ite

243 3855 380 3906 adhihenda
396 3869 473 3916 esset,
485 3873 560 3922 quum
578 3872 647 3905 eures
661 3857 755 3907 indies-
800 3856 923 3904 defensum
932 3855 1059 3905 Rabirium
1069 3855 1310 3918 existimassem·

245 3935 318 3994 heret,
339 3947 391 3984 tum
410 3937 451 3986 rel
472 3938 575 3985 mulne
597 3937 658 3984 eiius
677 3938 755 4002 ipsius
798 3934 930 3983 trimodum
948 3935 1040 3984 amicus
1053 3934 1083 3983 rh
1095 3935 1187 3988 emico,
1202 3935 1309 3981 etinno·

247 4015 351 4062 oratoris
358 4014 444 4063 locus:
454 4015 480 4063 in
488 4018 598 4077 Verrem,
608 4017 656 4075 rt,
666 4025 713 4064 ect.
725 4032 755 4079 s,
800 4025 893 4063 centem
900 4030 928 4063 sc
935 4015 1059 4064 trihuoitis
1069 4015 1159 4064 invidis
1167 4027 1308 4079 oppressum

183 4089 191 4098 '
246 4105 267 4138 c.
279 4093 312 4139 35
322 4107 329 4143 t
347 4092 467 4142 «henctu
479 4105 570 4142 tentem
579 4093 720 4158 religionem
733 4095 754 4144 si
798 4093 930 4143 sconsole
950 4093 1056 4159 publice
1077 4093 1161 4144 ssiutis
1179 4092 1306 4154 studioso,

246 4179 297 4216 tom
314 4169 341 4218 in
357 4171 462 4236 imperio
482 4188 532 4222 non
550 4171 753 4239 pertimeseebss,
799 4171 896 4224 defendi
907 4171 1016 4224 decehst.
