3018 4664
457 373 512 444 ru
537 372 576 440 L.
603 375 1009 463 carnuntum.
1193 375 1263 462 sss

200 495 364 572 omnium
382 490 568 567 confessus
586 507 650 568 est.
672 500 726 566 Ita
742 520 826 568 eum
844 521 921 568 non
943 495 1055 568 modo
1078 499 1266 596 ingenium

198 604 309 693 illud,
327 619 364 678 et
378 603 522 678 dicendi
537 607 744 678 exercitatio
755 603 785 695 ὅ,
802 631 876 704 qua
893 631 1037 706 semper
1054 608 1185 698 valuit,
1203 610 1267 682 sed

199 718 328 802 etiam,
349 730 501 816 propter
528 717 600 788 vim
627 715 771 788 sceleris
800 715 981 789 manifesti
1007 731 1116 816 atque
1136 718 1269 817 depre-

198 825 323 914 hensi,
342 825 593 926 impudentia,
618 851 691 924 qua
715 824 909 925 superabat
928 851 1073 914 omnes,
1098 830 1269 928 improbi-

198 949 326 1032 usque
347 935 488 1010 defecit.
506 935 716 1011 Vulturcius
735 961 823 1008 vero
838 936 959 1010 subito
974 937 1129 1036 proferri
1148 940 1268 1016 literas

197 1059 308 1143 atque
326 1049 457 1144 aperiri
473 1047 597 1142 jussit,
616 1071 708 1144 quas
723 1045 792 1120 sibi
810 1048 1001 1120 aLentulo
1014 1048 1060 1121 ad
1078 1051 1268 1122 Catilinam

137 1243 139 1248 ι
197 1154 299 1228 datas
318 1181 394 1230 esse
412 1155 565 1230 dicebat.
582 1161 701 1254 Atque
720 1155 773 1228 ibi
790 1157 1105 1232 vehementissime
1125 1175 1268 1258 pertur-

197 1263 303 1338 batus
320 1265 515 1354 Lentulus,
535 1280 658 1338 tamen
687 1282 724 1339 et
747 1269 891 1365 signum
912 1293 1035 1358 sunm,
1059 1284 1096 1340 et
1119 1293 1269 1341 manum

197 1379 380 1472 cognovit.
401 1379 515 1448 Erant
530 1389 652 1450 autem
671 1379 812 1476 scriptas
831 1380 908 1450 sine
930 1380 1099 1467 nomine,
1121 1379 1185 1452 sed
1198 1382 1267 1452 ita:

197 1485 299 1574 «Qui
317 1485 406 1574 sim,
424 1509 471 1558 en
488 1509 551 1570 eo,
571 1487 743 1583 quemad
762 1489 913 1576 tamisi,
936 1511 1141 1586 cognosces.
1156 1494 1267 1579 Cura,

196 1607 269 1666 «ut
294 1596 350 1666 vir
378 1597 445 1683 sia3
471 1611 507 1668 et
534 1620 645 1694 quem
665 1596 846 1668 inlocum
871 1602 919 1670 sis
941 1623 1173 1697 progressus,
1204 1625 1264 1674 co·

197 1706 320 1802 «gita3
346 1720 383 1776 et
404 1705 524 1794 videi,
549 1704 639 1804 quid
662 1707 737 1801 jam
761 1707 826 1778 tibi
845 1709 892 1780 sit
915 1733 1067 1781 necesse.
1090 1715 1205 1800 Cura,
1227 1729 1268 1782 ut

197 1817 390 1886 «omnium
404 1815 472 1887 tibi
483 1815 617 1888 auxilia
630 1815 822 1914 adjungas,
839 1821 947 1889 etiam
961 1819 1169 1892 intimorum
1182 1829 1248 1892 ¹⁰».

244 1922 420 1996 Gabinius
438 1923 571 1998 deinde
591 1926 843 2014 introductus,
868 1951 984 2024 quum
1008 1930 1127 2026 primo
1145 1931 1266 2028 impu·

197 2031 326 2106 denter
352 2033 574 2132 respondere
601 2036 790 2132 coepisset,
815 2033 860 2105 ad
883 2051 1086 2108 extremum
1109 2039 1200 2116 nihil
1224 2065 1268 2112 ex

195 2145 256 2231 iis,
271 2170 353 2242 quae
370 2145 462 2218 Galli
484 2143 762 2232 insimulabant,
781 2148 936 2242 negavit.

244 2259 296 2328 Ac
320 2255 409 2326 mibi
437 2256 609 2352 quidem,
632 2255 810 2345 Quirites,
839 2279 955 2352 quum
981 2256 1041 2326 illa
1070 2261 1267 2332 certissima
1327 2297 1329 2304 >

196 2353 375 2436 sunt'risa
397 2379 609 2466 argumenta
635 2379 744 2464 atque
765 2364 895 2436 indicia
920 2364 1084 2454 sceleris,
1106 2367 1267 2460 tabellae,

195 2473 314 2571 signa,
327 2499 474 2560 manus,
492 2473 651 2572 denique
669 2473 957 2572 uniuscujusque
974 2473 1169 2566 confestim
1185 2492 1264 2552 tum

132 2627 135 2634 ,
195 2584 311 2656 multo
330 2585 389 2656 illa
409 2589 579 2672 certiora,
598 2584 711 2673 color,
731 2584 848 2669 oculi,
868 2585 1008 2674 vultus,
1028 2588 1262 2660 taciturnitas.

139 2709 141 2715 ’
194 2695 251 2766 Sic
269 2695 366 2776 enim
388 2693 672 2794 obstupuerant,
700 2698 750 2767 sic
772 2682 909 2766 ‘terram
930 2695 1185 2787 intuebantur,
1213 2701 1264 2770 sic

193 2803 319 2878 furtim
349 2829 629 2904 nonnumquam
657 2809 753 2876 inter
777 2830 814 2878 se
838 2805 1102 2903 adspiciebaut,
1128 2822 1263 2880 utnon

192 2915 265 3008 jam
279 2914 326 2987 ab
342 2916 418 2988 aliis
432 2917 595 3004 indicari,
608 2915 672 3000 ,sed
688 2914 845 2998 indicare
859 2939 897 2984 se
910 2917 980 3013 ipsi
993 2927 1019 2958 ¹¹
1038 2917 1258 2988 viderentur.

242 3027 304 3106 Vt.
326 3025 474 3101 Iudiciis
496 3025 670 3122 expositis
687 3039 797 3122 atque
815 3023 937 3111 editis,
957 3026 1133 3115 Quirites,
1157 3051 1262 3100 sena-

194 3147 273 3202 tum
287 3134 470 3222 consului,
480 3134 525 3206 de
533 3157 673 3205 summa
681 3132 889 3233 republica¹
904 3133 992 3232 quid
1001 3133 1080 3206 fieri
1092 3136 1259 3234 placeret.

194 3245 307 3314 Dictae
320 3260 404 3317 sunt
420 3269 439 3314 a
454 3242 700 3346 principibus²
712 3245 893 3318 acerrimae
908 3268 950 3316 ac
963 3243 1164 3323 fortissimae
1179 3273 1260 3332 sen-

228 3471 253 3518 8.
272 3468 376 3517 Dicendi
391 3467 542 3518 maincia.
565 3467 661 3516 'fullio
676 3467 703 3514 in
747 3466 863 3528 danna,
877 3483 922 3516 uec
932 3469 977 3516 ulli
986 3471 1037 3531 jam
1055 3469 1088 3520 sit
1105 3472 1141 3518 rel
1153 3485 1258 3536 parcen·

192 3548 268 3598 Bruta
279 3549 416 3598 referem
428 3549 492 3598 inter
502 3559 623 3608 catores,
637 3547 703 3594 flor·
748 3546 819 3610 dun,
830 3547 877 3596 sibi
887 3563 1013 3598 sarromm
1023 3549 1113 3598 auxilia
1131 3551 1257 3615 adjungat.

193 3627 265 3675 renni
275 3627 390 3692 aequales.
785 3643 825 3676 rr.
838 3627 1259 3693 Alii,=sadipai'aseviderentur».

228 3721 256 3768 9.
270 3705 334 3766 sla,
344 3706 492 3770 -etsoglta,
504 3723 530 3771 q.
539 3707 582 3756 i.l.
591 3725 611 3754 s.
624 3723 665 3771 p.;
679 3715 703 3754 ct
781 3706 825 3754 Vl.
836 3721 858 3756 r.
871 3709 910 3754 De
921 3723 1016 3755 summa
1023 3707 1155 3772 republica.
1170 3709 1208 3756 De
1218 3723 1258 3756 re·

193 3783 279 3833 vids.-
290 3785 394 3833 HL.
747 3785 793 3834 bu
808 3785 840 3834 ssi
857 3801 975 3836 mmmm
992 3787 1052 3850 reip.
1069 3785 1256 3849 pertinentibus.

231 3875 270 3911 ro.
283 3861 368 3910 nuum
376 3861 522 3930 infimorum.
534 3864 654 3926 Catilina,
665 3864 702 3912 di·
747 3864 883 3929 Oportsbm
895 3865 977 3927 enim,
992 3866 1025 3913 ait
1036 3865 1131 3924 Varro,
1145 3881 1199 3913 eum
1214 3865 1257 3930 qui

193 3941 291 4005 goinus
316 3955 401 3998 mun,
426 3957 508 3990 urvo·
534 3943 703 4006 npudinom
745 3955 856 3993 mun
864 3943 970 3995 habebnt
980 3943 1121 3992 mimam
1132 3943 1257 3993 mdeflnlra

88 4071 91 4078 ,
192 4021 235 4084 qui
245 4019 277 4067 ad
286 4020 367 4084 lpum
377 4019 548 4084 eoubgmts
560 4022 705 4079 lentulusei
749 4022 779 4072 cle
788 4039 840 4087 rap.
849 4031 891 4070 aut
900 4019 932 4070 (le
939 4021 1040 4086 singulis
1053 4021 1124 4070 rebus
1135 4021 1211 4073 fluite.

193 4098 703 4163 mummium-mansa
785 4099 1257 4167 2.Apsn0atsu.sssaqnpemi
