2988 4668
242 363 312 450 584
408 365 780 436 OBSERVATIONES
804 363 1140 436 APOLOGETICAE

241 485 379 557 nefauos
388 485 449 550 hos
459 487 672 553 formularum
684 502 831 550 cantores
842 501 945 550 certas
953 484 1129 548 verborum
1141 483 1312 574 ambages,

243 607 276 656 et
305 591 455 658 ridiculas
486 592 706 665 solemnitates
735 592 950 680 excogitasse,
979 590 1114 677 illasque
1140 613 1208 654 una
1233 615 1311 655 cum

243 699 332 768 lauis
354 698 542 766 occultasse.
561 699 594 762 si
621 699 813 786 gravissimae
836 698 1051 762 accusationis
1073 713 1240 762 auctorem
1258 719 1309 762 re-

243 805 370 893 quires,
396 827 483 868 unus
502 803 645 892 prodibit
669 804 880 893 Pomponius.
898 804 929 866 Is
950 803 1016 866 ait:
1038 802 1188 867 «Deinde
1204 827 1241 866 ex
1258 804 1310 867 his

239 910 366 1000 legibus
381 909 464 998 (XII
482 909 606 997 Tabb.)
628 909 744 974 eodem
762 925 910 997 tempore
927 908 993 1000 fere
1008 909 1152 972 actiones
1175 931 1310 997 compo-

242 1018 311 1084 site
326 1032 420 1099 suut,
439 1016 559 1104 quibus
571 1017 862 1082 interscbomines
874 1015 1110 1104 disceptarent,
1121 1017 1310 1103 quasactio·

144 1159 147 1170 ·
243 1145 300 1188 nes
334 1146 376 1188 ne
402 1121 561 1210 populus,
585 1135 683 1210 prout
700 1122 816 1206 ¹vellet,
842 1119 1043 1202 institueret,
1066 1135 1168 1185 certas
1193 1123 1310 1185 solem

243 1249 366 1314 nosque
389 1249 458 1292 esse
482 1227 676 1306 noluerunt,
702 1241 736 1292 et
751 1227 931 1316 appellatur
953 1227 1021 1290 hoec
1043 1228 1123 1306 juris
1144 1249 1216 1314 pars
1230 1225 1309 1314 legis

244 1335 386 1400 actiones
400 1335 420 1400 i.
439 1359 467 1400 e.
485 1336 634 1424 legitimae
653 1337 876 1402 actiones.
895 1335 1055 1398 Omnium
1070 1351 1178 1398 tamen
1194 1336 1308 1398 harum

244 1458 276 1506 ct
289 1440 523 1529 interpretandi
536 1442 668 1505 scientia
684 1459 716 1505 et
728 1442 871 1505 actiones
884 1439 972 1529 apud
988 1441 1161 1529 collegium
1180 1439 1308 1529 pontifi·

245 1569 320 1612 cum
341 1563 448 1627 crant,
471 1569 509 1610 ex
535 1547 654 1634 quibus
672 1547 947 1628 constituebatur,
969 1547 1042 1634 quis
1068 1569 1202 1634 quoquo
1223 1567 1309 1609 anno

243 1669 395 1742 preesset
412 1652 553 1739 privatis.
647 1654 778 1733 Postea,
799 1675 902 1740 quum
932 1655 990 1740 Ap.
1009 1651 1164 1718 Claudius
1188 1673 1309 1740 propo·

248 1759 380 1838 suisset,
406 1757 492 1822 etad
505 1759 643 1822 formam
659 1758 832 1848 redeffl'sset
849 1759 908 1822 has
920 1758 1081 1837 actiones,
1095 1753 1157 1821 Cu.
1169 1757 1309 1838 Flavius,

247 1863 351 1928 scriba
371 1865 455 1946 ejus,
480 1863 621 1928 libertini
639 1864 738 1947 lilius,
756 1865 948 1952 subreptum
967 1863 1088 1928 librum
1106 1863 1230 1951 populo
1247 1879 1310 1926 trs-

246 1967 346 2050 didit,
371 1986 404 2032 et
421 1969 502 2033 adeo
520 1986 648 2058 gratum
672 1969 734 2033 urit
753 1969 787 2032 id
804 1990 925 2033 munus
940 1970 1085 2058 populo,
1106 1984 1144 2032 ut
1160 1969 1309 2032 tribunus

246 2074 349 2164 plebis
362 2073 467 2155 fieret,
484 2089 517 2138 et
530 2091 676 2154 senator,
690 2093 723 2139 et
733 2075 832 2140 radlia
847 2076 997 2140 curulisu
1015 2075 1071 2156 dt,
1090 2095 1132 2138 ne
1143 2089 1310 2163 tangamus

248 2204 302 2263 ea,
321 2205 393 2269 quoe
416 2183 450 2244 in
469 2181 624 2246 hocloco
642 2181 837 2269 reprehendi
859 2177 1173 2269 possunt,·quaeque
1191 2181 1310 2244 nullius

246 2311 286 2352 ex
297 2287 459 2351 veteribus
477 2288 664 2352 testimonio
679 2286 1036 2368 mnlirmanmr,·M·
1046 2289 1104 2350 uni
1122 2288 1222 2376 igitur
1237 2287 1311 2349 lruic

246 2393 432 2481 Pomponio
457 2391 535 2456 fides
561 2390 709 2456 habenda
730 2408 795 2474 est,
816 2389 988 2480 dl'ulliique
1016 2388 1313 2479 auctoritas'negli·

248 2497 370 2588 gendal
388 2496 477 2579 Quid
489 2496 542 2560 ille
552 2497 586 2559 in
600 2497 719 2578 faceta,
734 2519 834 2586 quam
846 2513 1040 2578 uaeramus,
1057 2513 1169 2562 contm
1180 2498 1312 2584 jurispe

246 2604 326 2668 ritos
347 2602 601 2668 declamatione?
619 2603 669 2666 Ne
690 2605 843 2686 verbum,
867 2625 911 2668 ue
924 2625 1025 2667 unam
1041 2603 1175 2691 quidem
1188 2603 1311 2667 literam

247 2710 289 2776 de
326 2711 387 2776 hac
423 2715 498 2774 ante
536 2709 682 2775 Flavium
711 2711 801 2774 facu-
818 2709 1037 2780 somnularum
1066 2709 1312 2798 compositiones

247 2817 360 2882 Festos
377 2816 499 2904 populo
523 2815 713 2881 ediscendus
736 2817 904 2880 hominem
921 2813 1072 2880 callidum
1087 2815 1312 2903 proposuisse,

248 2939 280 2986 et
296 2922 384 2986 lianc
403 2919 530 2985 dissum
545 2921 765 3010 cognitionem
777 2921 818 2986 ab
830 2921 908 3009 ipsis
918 2921 1019 2985 cauus
1031 2915 1116 2985 sciis
1126 2919 1313 3007 compilasse

249 3043 364 3091 narrat
378 3028 451 3092 TJam
464 3028 491 3090 si
503 3043 718 3107 veraessent,
731 3049 803 3114 quas
817 3027 1034 3116 Pomponius,
1046 3021 1312 3106 fidejussor-haud

248 3133 323 3196 satis
346 3133 504 3220 locuples,
532 3131 645 3214 tradit,
672 3131 732 3196 cu'r
759 3134 792 3196 in
820 3133 881 3198 hac
906 3133 1053 3196 oratione
1078 3131 1214 3210 Cicero,
1230 3131 1313 3194 sctis

249 3247 419 3302 certenon
445 3237 540 3300 nimis
563 3236 688 3317 favens,
713 3236 851 3324 primam
868 3237 963 3302 istaut
979 3235 1028 3323 (r)
1045 3236 1257 3300 formularum
1278 3249 1314 3296 et

248 3343 326 3432 legis
339 3343 503 3406 actionum
520 3341 757 3406 fraudulentam
773 3333 1101 3430 compositionem-iis
1115 3335 1183 3406 non
1196 3355 1312 3427 expro-

248 3447 374 3512 brarit?
394 3470 468 3528 cur,
488 3449 613 3534 queso!
631 3447 758 3536 insigne
772 3447 837 3513 hoc
852 3445 1010 3535 probrum
1020 3445 1192 3512 ¹illislraud
1206 3444 1312 3534 inges-

249 3554 314 3624 sit?
325 3554 452 3618 ⁴lllirum
465 3553 564 3638 Tullii
579 3554 762 3618 silentium!
775 3555 880 3618 mirus
898 3553 1021 3642 pudor!
1032 3554 1115 3617 rnira
1129 3545 1312 3617 clementia!

248 3661 370 3727 Verum
395 3661 577 3742 enimvero,
597 3660 727 3740 objiciat
751 3661 885 3748 aliquis,
912 3683 980 3724 uon
998 3661 1067 3741 hic,
1091 3657 1148 3724 sed
1164 3660 1198 3723 in
1221 3655 1312 3722 libris

273 3967 312 4032 (r)
331 3969 434 4018 Primam
447 3969 518 4028 dico,
533 3971 590 4035 quis
604 3971 660 4020 dein
670 3971 702 4020 ab
715 3972 781 4022 iratis
795 3970 903 4036 patriciis
915 3969 970 4018 aliar
983 3969 1133 4032 compositae,
1143 3979 1169 4032 et
1178 3984 1194 4016 a
1203 3969 1231 4016 ὅ.
1245 3966 1308 4018 AElio

240 4057 357 4120 evulgata
368 4055 503 4122 finguntur,
521 4057 552 4106 dc
569 4075 620 4122 quo
634 4070 726 4122 postea
