2976 4670
258 378 331 472 614
429 385 804 456 OBSERVATIONES
831 383 1164 455 APOLOGETICAE

260 533 359 575 suum
375 510 419 573 ita
436 523 544 600 egerat
561 509 714 584 Crassus,
729 523 767 572 ut
785 523 852 573 tota
868 505 1067 571 redundaret
1082 505 1242 570 hilaritate
1262 525 1344 592 qua-

261 617 336 682 dam
351 633 384 680 et
396 615 489 697 joco,
508 614 630 702 illoque
646 614 832 678 facetiarum
851 635 984 702 genere,
998 613 1033 676 in
1051 634 1119 701 quo
1137 611 1218 675 nulli
1236 611 1342 674 aculei

261 721 466 786 contumeliae
487 721 628 800 inerant,
649 719 902 808 disputationem
922 719 1007 783 illam
1023 717 1167 800 luderet,
1186 733 1288 804 atque
1303 740 1342 781 eo

262 825 363 891 modo
379 825 551 890 adversarii
568 825 716 914 dignitati
735 841 890 914 parceret.
909 826 984 890 Hoc
997 825 1058 890 sibi
1076 824 1186 914 magni
1201 824 1344 888 oratoris

260 933 444 1022 exemplum
462 933 531 1021 pari
545 955 622 996 casu
636 931 831 995 imitandum
846 933 972 1022 putarit
988 933 1121 1014 Cicero,
1133 954 1170 994 ac
1187 912 1340 994 Serrium

262 1041 489 1128 Catonemque
503 1036 617 1128 lepidis
634 1036 727 1102 dictis
744 1038 789 1102 sic
802 1039 943 1128 pupugit
955 1037 1021 1125 (ι),
1037 1053 1159 1101 utnon
1175 1038 1343 1124 ipsorum,

262 1145 320 1210 sed
333 1146 420 1226 ejus,
437 1143 528 1233 quod
545 1149 770 1232 sequerentur,
787 1144 928 1208 scientiae
947 1144 1092 1234 generis,
1110 1165 1163 1206 res
1179 1143 1230 1231 agi
1247 1140 1344 1204 ride·

171 1335 176 1346 Ι
263 1267 381 1332 retusa
398 1249 455 1314 ubi
481 1250 522 1313 ab
541 1250 638 1313 altera
663 1265 755 1337 parte
777 1249 857 1314 illud
880 1250 1053 1314 consilium
1071 1246 1282 1328 intendebat,
1306 1261 1344 1310 ut

265 1355 380 1446 (quod
396 1379 526 1443 semper
539 1355 589 1445 (a)
604 1356 638 1419 in
664 1355 866 1420 orationibus
887 1354 1055 1443 studebat)
1078 1375 1234 1418 coronam
1251 1352 1344 1416 dele·

264 1478 384 1543 curet,
398 1477 497 1550 atque
513 1459 661 1540 judicum
676 1461 802 1525 animos
820 1461 956 1543 laxaret,
969 1477 1002 1526 et
1015 1484 1033 1524 a
1047 1459 1215 1526 severitate
1230 1459 1275 1524 ad
1291 1458 1343 1522 hi·

266 1569 426 1634 laritatem
450 1568 619 1654 risumque
642 1566 838 1632 traduceret.
865 1568 966 1632 Omni
991 1590 1051 1632 suo
1072 1565 1208 1632 artificio
1225 1565 1290 1630 hac
1310 1565 1343 1627 in

268 1697 380 1739 caussa
395 1696 475 1738 usus
490 1689 560 1754 est,
577 1695 756 1762 omnesque
769 1675 924 1738 oratorias
938 1674 1074 1738 fallacias
1087 1672 1248 1754 adhibuit,
1262 1673 1346 1736 Hor·

266 1783 428 1859 tensium,
442 1779 504 1844 sibi
517 1780 551 1844 in
565 1779 712 1844 Murenae
723 1780 913 1844 defensione
925 1781 1050 1845 socium
1061 1830 1070 1858 ‚
1085 1801 1239 1868 superare
1250 1793 1344 1842 tanto

267 1887 378 1955 studio
392 1905 550 1970 conatus,
566 1904 605 1951 ut
616 1887 731 1977 vigiliis
748 1905 781 1952 et
796 1886 1008 1953 meditatione
1022 1887 1192 1953 conlectus
1209 1885 1345 1950 inferior

269 1994 386 2059 aemulo
404 2015 473 2058 esse
491 1993 657 2057 rideretur
670 1992 728 2080 (3).

314 2099 373 2163 His
389 2118 467 2188 ergo
483 2098 664 2162 rationibus
680 2098 952 2187 perpensis,quas
966 2121 1005 2163 ex
1020 2099 1119 2188 ipsius
1138 2097 1344 2186 potissimum

273 2203 370 2272 Tullii
401 2205 528 2293 scriptis
555 2205 727 2292 plerasque
754 2202 924 2286 duximus,
955 2205 1029 2293 quis
1053 2203 1203 2288 demum,
1220 2203 1344 2266 veritati

269 2311 478 2399 aequitatique
495 2332 562 2375 non
580 2333 714 2398 prorsus
730 2311 901 2392 inimicus,
915 2312 1001 2375 lCtis
1016 2334 1055 2376 ex
1072 2311 1131 2375 ista
1141 2310 1278 2375 oratoris
1296 2331 1344 2372 sa·

270 2429 342 2501 tyra
358 2412 552 2475 immeritam
569 2409 886 2500 culpamimpingat,
904 2414 996 2500 quasi
1008 2411 1195 2477 mortalium
1210 2411 1344 2475 luissent

269 2515 539 2594 ambitiosissimi,
553 2515 765 2603 iniquissimi,
790 2517 1018 2602 crudelissimi,
1035 2541 1072 2583 ac
1082 2516 1345 2606 jurisprudentia

271 2643 414 2686 romanae
439 2619 556 2685 unicus
580 2620 634 2684 hic
653 2621 766 2686 luisset
788 2619 878 2704 linis,
902 2639 940 2686 ut
957 2625 1081 2688 miserae
1102 2623 1223 2711 plebis,
1251 2622 1344 2686 variis

272 2726 422 2791 formulis
434 2743 467 2790 et
477 2727 737 2791 solemnitatibus
745 2728 884 2809 irretitae,
893 2728 989 2810 bona,
1001 2728 1153 2810 fortune,
1161 2730 1343 2807 facultates,

273 2833 433 2914 honores,
444 2828 485 2895 ad
497 2831 646 2919 patricios
660 2830 860 2920 callidosque
874 2833 1013 2921 peritos,
1026 2817 1193 2922 tamquam
1205 2835 1239 2898 in
1256 2857 1344 2899 com-

273 2961 410 3004 munem
425 2937 631 3027 voraginem,
648 2937 872 3004 confluerent?
893 2941 995 3005 Tanta
1019 2941 1175 3005 nimirum
1198 2943 1233 3004 in
1256 2941 1344 3005 testi·

273 3044 385 3109 monio
407 3040 580 3108 adversarii
598 3059 646 3108 est
666 3027 857 3108 auctoritas!
880 3045 1041 3133 Equidem
1060 3047 1170 3112 mirari
1190 3045 1265 3111 satis
1278 3069 1342 3110 non

269 3173 405 3244 possum
431 3148 694 3216 doctissimorum
720 3151 881 3233 virorum,
912 3175 1009 3240 quam
1022 3153 1187 3217 ·Ciceroni
1204 3153 1344 3234 habent,

273 3255 392 3337 fidem3
415 3277 507 3336 nam,
533 3255 657 3319 etiamsi
682 3254 797 3320 demus
817 3257 940 3321 nullam
965 3258 1010 3322 illi
1027 3259 1230 3328 roltmtatem
1249 3259 1343 3323 fuisse

269 3361 447 3451 prudentes
464 3377 497 3426 et
512 3362 692 3450 Sulpicium
710 3362 864 3451 carpendi
881 3380 938 3429 aut
950 3362 1127 3447 irridendi,
1150 3389 1192 3430 an
1208 3366 1343 3446 oratori,

272 3492 312 3533 an
327 3467 454 3532 homiui
469 3468 633 3532 erroribus
651 3468 812 3552 obnoxio,
827 3493 866 3536 eo
885 3493 990 3559 usque
1006 3470 1205 3536 credendum
1228 3487 1289 3555 est,
1308 3488 1344 3535 ut

272 3575 422 3664 protinus
438 3571 548 3666 omnia
564 3573 633 3654 ejus
648 3574 766 3655 rerba,
782 3577 871 3640 velut
885 3575 1023 3642 totidem
1040 3577 1173 3642 veridici
1189 3579 1344 3668 Apollinis

274 3679 414 3762 oracula,
433 3679 643 3768 accipiantur,
663 3696 695 3743 et
711 3681 865 3746 universo
883 3683 1159 3748 severissimorum
1175 3684 1343 3749 bominum

310 3921 348 3986 (r)
361 3919 466 3984 Quintil.
475 3921 536 3968 Inst.
547 3921 616 3968 Orat.
627 3919 670 3970 lib.
680 3921 733 3982 xl,
747 3935 801 3986 cap.
817 3937 839 3980 1,
850 3936 905 3987 pag.
915 3923 975 3984 976.

312 4011 351 4075 (a)
369 4008 437 4058 Iden
450 4007 494 4056 lib.
505 4009 565 4066 111,
588 4022 643 4072 cap.
662 4023 704 4067 so,
721 4023 778 4072 pag.
794 4025 868 4074 1097.

315 4098 357 4164 (3)
374 4098 440 4146 rtur.
455 4109 515 4146 tom.
529 4099 558 4158 1,
575 4114 630 4162 pag.
646 4099 713 4160 878,
726 4099 755 4147 D.
