2986 4670
424 318 489 386 on
513 317 650 388 Lscs
673 317 929 404 scalam,
953 317 1002 385 11.
1176 314 1244 389 305

178 439 290 511 detur
312 462 333 508 a
353 434 481 536 plebe,
499 451 534 508 et
553 461 574 508 a
593 435 725 536 plebe³
745 442 883 536 optima
904 452 941 509 et
961 435 1245 512 modestissima:

153 625 157 630 ,
178 547 285 647 quod
303 571 417 645 genus
437 547 630 618 hominum
650 549 785 646 optime
805 561 1007 637 moratum,
1025 550 1248 647 optimorum

182 673 223 730 et
246 671 429 729 aratorum
455 671 492 728 et
515 657 687 747 militum,
709 657 755 730 ab
779 656 850 730 hoc
875 655 1076 756 plebicolal
1100 657 1249 732 tribuno

182 767 349 840 funditus
371 770 520 866 ejicitur.
541 773 661 865 Atque
680 767 732 839 illi
754 768 892 855 miseri,
913 767 988 838 nati
1009 771 1047 838 in
1068 767 1137 840 illis
1158 771 1250 866 agris

181 893 221 950 et
241 878 403 964 educati,
422 876 537 974 glebis
561 873 797 976 subigendis⁵
815 877 1013 963 exercitati,
1038 901 1113 973 quo
1131 902 1170 950 se
1190 903 1250 950 su·

179 987 261 1060 bito
280 987 490 1076 conferant,
513 1013 588 1060 non
610 986 825 1059 habebunt:
851 987 908 1058 his
929 984 1108 1076 robustis,
1130 1002 1167 1063 et
1189 1012 1249 1058 va·

180 1098 362 1187 lentibus,
386 1115 423 1172 et
442 1097 640 1172 audacibus
664 1098 910 1170 decemvirum
936 1096 1149 1169 satellitibus
1175 1101 1251 1198 agri

181 1215 356 1314 Campani
375 1212 553 1309 possessio
570 1224 646 1282 tota
661 1208 842 1297 tradetur;
861 1222 917 1296 et,
937 1223 980 1279 ut
998 1233 1062 1279 vos
1081 1233 1180 1281 nnnc
1205 1209 1251 1282 de

181 1323 311 1392 vestris
331 1319 529 1417 majoribus
547 1318 767 1418 praedicatis:
790 1323 898 1390 Hunc
914 1343 1040 1415 agrum
1056 1317 1164 1390 nobis
1177 1344 1253 1390 ma·

178 1433 280 1526 jores
307 1433 422 1503 nostri
448 1431 693 1528 reliquerunt;
718 1432 768 1502 sic
790 1433 900 1501 vestri
926 1431 1062 1527 posteri
1087 1428 1131 1501 de
1149 1428 1253 1502 vobis

182 1538 454 1639 praedicabunt:
474 1547 580 1612 Hunc
604 1565 732 1639 agrum
757 1545 876 1638 patres
894 1543 1009 1611 nostri
1028 1553 1216 1639 acceptum
1234 1566 1256 1612 a

183 1650 348 1749 patribus
370 1651 444 1722 suis
463 1649 713 1748 perdiderunt.
730 1650 908 1748 Equidem
928 1652 1111 1740 existimo,
1132 1653 1163 1722 si
1181 1650 1255 1746 jam

183 1785 334 1860 campus
353 1765 506 1832 Martius
527 1759 718 1851 dividatur,
733 1774 768 1831 et
780 1761 979 1857 unicuique
996 1773 1175 1848 vestrum,
1189 1758 1254 1831 ubi

184 1876 376 1960 consistat,
393 1869 473 1941 bini
491 1869 602 1968 pedes
617 1871 867 1968 assignentur:
887 1884 1006 1940 tamen
1024 1865 1254 1966 promiscue⁶

185 1995 284 2067 toto,
304 2004 415 2078 quam
432 1981 581 2078 proprie
598 2003 708 2077 parva
726 1977 796 2050 frui
814 1993 916 2078 parte
932 1979 1098 2050 malitis7.
1115 1982 1255 2070 Quare,

184 2091 326 2162 etiarnsi
351 2089 396 2160 ad
427 2115 491 2161 vos
518 2104 613 2162 esset
644 2088 805 2187 singulos
833 2088 972 2186 aliquid
997 2112 1041 2160 ex
1070 2087 1142 2160 hoc
1167 2114 1254 2186 agro

184 2214 446 2298 perventurum
455 2194 484 2285 ⁸,
506 2200 572 2296 qui
598 2197 702 2270 vobis
726 2198 944 2285 ostenditur,
970 2197 1045 2268 aliis
1067 2222 1253 2295 compara-

185 2325 269 2382 tur:
293 2324 415 2381 tamen
441 2307 630 2380 honestius
655 2333 739 2380 eum
763 2331 829 2379 vos
853 2308 1029 2394 universi,
1048 2332 1159 2405 quam
1180 2309 1253 2378 sin·

182 2419 260 2518 guli
278 2417 520 2519 possideretis.
541 2422 648 2491 Nunc
665 2443 773 2507 vero,
792 2442 908 2516 quum
926 2417 971 2488 ad
990 2440 1054 2490 vos
1071 2416 1161 2490 nihil
1175 2442 1254 2516 pen·

183 2531 322 2619 tinent,
349 2529 411 2601 sed
443 2544 590 2627 paretur
618 2529 714 2618 aliis,
744 2530 918 2626 eripiatur
945 2526 1102 2599 vobis⁹z
1130 2553 1254 2600 nonne

183 2644 376 2728 acerrime,
397 2653 581 2737 tamquam
606 2654 743 2711 armato
772 2638 887 2726 hosti,
909 2641 960 2709 sic
983 2636 1070 2708 huic
1090 2617 1160 2736 legi
1185 2664 1254 2737 pro

185 2751 313 2821 vestris
331 2753 424 2848 agris
441 2749 635 2821 resistetis?
652 2749 827 2845 Adjungit
841 2748 1022 2820 Stellatem
1035 2759 1065 2791 ¹⁰
1083 2772 1253 2846 campum

184 2883 273 2957 agro
303 2863 510 2958 Campano,
531 2873 568 2931 et
594 2861 633 2930 in
660 2885 705 2931 eo
733 2857 902 2931 duodena
927 2856 1099 2930 describit
1122 2861 1160 2928 in
1179 2863 1253 2930 sin-

222 3099 248 3148 3.
260 3097 338 3147 Abest
349 3119 361 3142 ι
372 3107 421 3147 ete
431 3098 505 3164 plebe
515 3120 539 3148 n.
554 3099 582 3148 J.
591 3101 624 3148 V.
637 3102 666 3148 L.
778 3100 802 3148 8.
814 3103 992 3148 Perventum.
1006 3099 1110 3163 Exrgrn
1120 3099 1256 3165 Campano,

223 3189 249 3236 4.
270 3179 400 3230 Pledicola.
422 3180 472 3243 Qui
491 3179 570 3244 plebis
592 3195 697 3229 romense
741 3177 784 3243 qni
795 3193 846 3226 non
859 3177 928 3227 vobis
938 3177 1110 3242 assignabitur,
1122 3179 1166 3228 sed
1174 3179 1254 3230 laomi-

182 3273 269 3306 amm
279 3273 309 3306 ec
319 3257 442 3306 studiosus
451 3257 530 3307 videri
539 3258 600 3307 vult.
740 3257 813 3306 nibus
826 3257 868 3322 qui
880 3273 925 3306 vot
937 3267 1022 3321 poetes
1034 3259 1182 3323 oppriment.

223 3337 248 3385 ⁵.
261 3336 501 3403 cresanciacum.
515 3339 599 3400 Quum
608 3347 698 3386 em
777 3353 804 3400 9.
820 3336 945 3402 neptam
956 3334 1035 3386 wie.
1052 3339 1135 3400 Quum
1147 3351 1254 3392 vm
1349 3319 1352 3324 ’

183 3425 249 3464 artes
263 3416 391 3479 ignorent,
404 3416 494 3480 quibus
507 3417 599 3466 victum
613 3431 697 3481 perere
741 3417 774 3463 sit
785 3415 968 3480 patrimonium.

184 3496 292 3559 poetisne
305 3511 400 3560 neque,
414 3505 443 3543 nt
455 3495 647 3544 demvirnrnm
660 3511 698 3544 et·
780 3511 821 3546 ro.
831 3493 954 3542 Stellatem
963 3511 1084 3560 cerepum.
1094 3496 1144 3559 Qui
1152 3495 1254 3562 Campe-

184 3571 363 3632 tellitee,serro
372 3584 398 3622 et
408 3573 569 3622 seditionibus
580 3573 679 3622 assueti.
741 3573 789 3621 nia
812 3573 908 3623 vicinus
932 3573 989 3622 ideo
1011 3591 1112 3639 campus
1134 3587 1254 3636 vocetur,

223 3651 249 3700 6.
257 3652 403 3702 Pronoea«.
413 3653 698 3715 communica-eonium
742 3651 810 3714 qnod
830 3661 891 3700 esset
910 3651 962 3700 eine
984 3653 1108 3704 montibu·
1130 3651 1252 3716 planities,

184 3745 244 3778 enm
252 3730 314 3780 aliie.
531 3772 534 3780 .
570 3737 576 3748 '
604 3759 609 3768 ·
649 3741 653 3748 ·
690 3768 693 3780 .
741 3732 1158 3796 quaminegmcrmpenomontee
1166 3745 1253 3783 aunt.

223 3825 247 3871 7.
261 3809 364 3859 natas.
378 3810 450 3872 Alii,
471 3809 622 3860 malletis».
639 3811 713 3858 Tres.
742 3811 822 3859 Coeetr
838 3820 923 3873 postea
938 3810 1050 3874 mmdern
1062 3810 1130 3858 laune
1143 3825 1254 3877 cerepum

184 3887 630 3953 eoddeoniemmeletieqquod
642 3904 700 3954 pro·
743 3905 799 3936 eum
817 3887 942 3951 Cempino
962 3903 1021 3952 agro
1040 3889 1091 3936 anis
1112 3888 1209 3950 divisit,
1227 3903 1256 3940 nt

183 3967 226 4016 bat
243 3969 405 4018 eom-nd
418 3969 656 4019 Ciceromdctdem.
672 3971 698 4031 1,
743 3967 826 4015 videre
839 3977 875 4013 eet
892 3965 1024 4029 apudtiic.
1039 3968 1071 4017 ad
1088 3969 1141 4016 ae.
1158 3970 1196 4030 Π,
1212 3987 1257 4032 17,

184 4063 239 4114 cap.
253 4063 278 4097 ι.
294 4051 319 4097 J.
328 4052 361 4097 V.
375 4049 404 4096 L.
745 4047 843 4094 etSuet.
856 4043 955 4116 incas.

258 4136 320 4205 lll.
342 4149 388 4198 Cic
397 4147 568 4210 parmmda.
906 4153 909 4160 '
1089 4157 1135 4202 20
