<?xml version="1.0" encoding="UTF-8"?>
<!DOCTYPE html PUBLIC "-//W3C//DTD XHTML 1.0 Transitional//EN"
    "http://www.w3.org/TR/xhtml1/DTD/xhtml1-transitional.dtd">
<html xmlns="http://www.w3.org/1999/xhtml" xml:lang="en" lang="en">
 <head>
  <title>
</title>
<meta http-equiv="Content-Type" content="text/html;charset=utf-8" />
  <meta name='ocr-system' content='tesseract 3.04.00' />
  <meta name='ocr-capabilities' content='ocr_page ocr_carea ocr_par ocr_line ocrx_word'/>
</head>
<body>
  <div class='ocr_page' id='page_1' title='image "./mtciceronisquae00lemagoog_0226.png"; bbox 0 0 3020 4666; ppageno 0'>
   <div class='ocr_carea' id='block_1_1' title="bbox 560 384 1273 479">
    <p class='ocr_par' dir='ltr' id='par_1_1' title="bbox 560 384 1273 479">
     <span class='ocr_line' id='line_1_1' title="bbox 560 384 1273 479; baseline -0.003 -23"><span class='ocrx_word' id='word_1_1' title='bbox 560 384 936 456; x_wconf 88' lang='lat' dir='ltr'><strong>ARGUMENTUM.</strong></span> <span class='ocrx_word' id='word_1_2' title='bbox 1207 407 1273 479; x_wconf 83' lang='lat'><strong>2¹7</strong></span> 
     </span>
    </p>
   </div>
   <div class='ocr_carea' id='block_1_2' title="bbox 221 503 1280 4172">
    <p class='ocr_par' dir='ltr' id='par_1_2' title="bbox 221 503 1280 4172">
     <span class='ocr_line' id='line_1_2' title="bbox 257 503 1278 584; baseline -0.001 -20"><span class='ocrx_word' id='word_1_3' title='bbox 257 525 357 584; x_wconf 88' lang='lat' dir='ltr'><strong>ugrum</strong></span> <span class='ocrx_word' id='word_1_4' title='bbox 373 504 571 578; x_wconf 86' lang='lat' dir='ltr'><strong>Corinthium,</strong></span> <span class='ocrx_word' id='word_1_5' title='bbox 596 525 680 584; x_wconf 83' lang='lat' dir='ltr'><strong>agros</strong></span> <span class='ocrx_word' id='word_1_6' title='bbox 700 505 731 562; x_wconf 92' lang='lat' dir='ltr'><strong>in</strong></span> <span class='ocrx_word' id='word_1_7' title='bbox 751 504 891 582; x_wconf 85' lang='lat' dir='ltr'><strong>Hispania</strong></span> <span class='ocrx_word' id='word_1_8' title='bbox 907 503 1205 582; x_wconf 38' lang='lat' dir='ltr'><strong>apudvmrthaginem</strong></span> <span class='ocrx_word' id='word_1_9' title='bbox 1223 525 1278 563; x_wconf 89' lang='lat' dir='ltr'><strong>no-</strong></span> 
     </span>
     <span class='ocr_line' id='line_1_3' title="bbox 254 599 1278 681; baseline -0.002 -19"><span class='ocrx_word' id='word_1_10' title='bbox 254 623 337 675; x_wconf 82' lang='lat' dir='ltr'><strong>vam,</strong></span> <span class='ocrx_word' id='word_1_11' title='bbox 352 622 435 681; x_wconf 87' lang='lat' dir='ltr'><strong>agros</strong></span> <span class='ocrx_word' id='word_1_12' title='bbox 447 602 553 662; x_wconf 87' lang='lat' dir='ltr'><strong>veteris</strong></span> <span class='ocrx_word' id='word_1_13' title='bbox 566 602 760 680; x_wconf 81' lang='lat' dir='ltr'><strong>Carthaginis,</strong></span> <span class='ocrx_word' id='word_1_14' title='bbox 776 621 859 680; x_wconf 83' lang='lat' dir='ltr'><strong>agros</strong></span> <span class='ocrx_word' id='word_1_15' title='bbox 873 599 997 678; x_wconf 89' lang='lat' dir='ltr'><strong>denique</strong></span> <span class='ocrx_word' id='word_1_16' title='bbox 1008 620 1081 678; x_wconf 91' lang='lat' dir='ltr'><strong>quos</strong></span> <span class='ocrx_word' id='word_1_17' title='bbox 1095 621 1147 659; x_wconf 86' lang='lat' dir='ltr'><strong>rex</strong></span> <span class='ocrx_word' id='word_1_18' title='bbox 1162 601 1278 660; x_wconf 86' lang='lat' dir='ltr'><strong>Mithri-</strong></span> 
     </span>
     <span class='ocr_line' id='line_1_4' title="bbox 255 698 1277 780; baseline -0.001 -20"><span class='ocrx_word' id='word_1_19' title='bbox 255 700 336 760; x_wconf 86' lang='lat' dir='ltr'><strong>dates</strong></span> <span class='ocrx_word' id='word_1_20' title='bbox 349 703 379 759; x_wconf 90' lang='lat' dir='ltr'><strong>in</strong></span> <span class='ocrx_word' id='word_1_21' title='bbox 394 701 605 779; x_wconf 80' lang='lat' dir='ltr'><strong>Paphlagonia,</strong></span> <span class='ocrx_word' id='word_1_22' title='bbox 628 707 736 773; x_wconf 91' lang='lat' dir='ltr'><strong>Ponto,</strong></span> <span class='ocrx_word' id='word_1_23' title='bbox 756 698 998 777; x_wconf 85' lang='lat' dir='ltr'><strong>Cappadociaque</strong></span> <span class='ocrx_word' id='word_1_24' title='bbox 1009 698 1188 780; x_wconf 80' lang='lat' dir='ltr'><strong>possederit,</strong></span> <span class='ocrx_word' id='word_1_25' title='bbox 1208 720 1234 773; x_wconf 89' lang='lat'><strong>1,</strong></span> <span class='ocrx_word' id='word_1_26' title='bbox 1249 719 1277 760; x_wconf 78' lang='lat' dir='ltr'><strong>a.</strong></span> 
     </span>
     <span class='ocr_line' id='line_1_5' title="bbox 254 796 1278 877; baseline -0.001 -20"><span class='ocrx_word' id='word_1_27' title='bbox 254 798 470 877; x_wconf 87' lang='lat' dir='ltr'><strong>Iniquissimum</strong></span> <span class='ocrx_word' id='word_1_28' title='bbox 489 817 559 856; x_wconf 83' lang='lat' dir='ltr'><strong>vero</strong></span> <span class='ocrx_word' id='word_1_29' title='bbox 577 818 638 856; x_wconf 90' lang='lat' dir='ltr'><strong>esse</strong></span> <span class='ocrx_word' id='word_1_30' title='bbox 661 797 741 875; x_wconf 91' lang='lat' dir='ltr'><strong>quod</strong></span> <span class='ocrx_word' id='word_1_31' title='bbox 762 796 933 855; x_wconf 86' lang='lat' dir='ltr'><strong>decemviris</strong></span> <span class='ocrx_word' id='word_1_32' title='bbox 952 796 1014 874; x_wconf 87' lang='lat' dir='ltr'><strong>ejus</strong></span> <span class='ocrx_word' id='word_1_33' title='bbox 1034 797 1175 855; x_wconf 85' lang='lat' dir='ltr'><strong>auctionis</strong></span> <span class='ocrx_word' id='word_1_34' title='bbox 1196 797 1278 856; x_wconf 87' lang='lat' dir='ltr'><strong>locus</strong></span> 
     </span>
     <span class='ocr_line' id='line_1_6' title="bbox 255 893 1280 973; baseline -0.001 -19"><span class='ocrx_word' id='word_1_35' title='bbox 255 909 351 955; x_wconf 90' lang='lat' dir='ltr'><strong>certus</strong></span> <span class='ocrx_word' id='word_1_36' title='bbox 361 915 419 954; x_wconf 91' lang='lat' dir='ltr'><strong>nou</strong></span> <span class='ocrx_word' id='word_1_37' title='bbox 432 894 594 969; x_wconf 89' lang='lat' dir='ltr'><strong>deliniatur,</strong></span> <span class='ocrx_word' id='word_1_38' title='bbox 605 895 655 954; x_wconf 89' lang='lat' dir='ltr'><strong>sed</strong></span> <span class='ocrx_word' id='word_1_39' title='bbox 667 893 773 973; x_wconf 89' lang='lat' dir='ltr'><strong>quibus</strong></span> <span class='ocrx_word' id='word_1_40' title='bbox 785 893 815 952; x_wconf 92' lang='lat' dir='ltr'><strong>in</strong></span> <span class='ocrx_word' id='word_1_41' title='bbox 825 894 895 953; x_wconf 88' lang='lat' dir='ltr'><strong>locis</strong></span> <span class='ocrx_word' id='word_1_42' title='bbox 907 893 976 972; x_wconf 92' lang='lat' dir='ltr'><strong>ipsis</strong></span> <span class='ocrx_word' id='word_1_43' title='bbox 989 893 1122 953; x_wconf 83' lang='lat' dir='ltr'><strong>rideatur</strong></span> <span class='ocrx_word' id='word_1_44' title='bbox 1133 894 1280 954; x_wconf 84' lang='lat' dir='ltr'><strong>vendendi</strong></span> 
     </span>
     <span class='ocr_line' id='line_1_7' title="bbox 254 991 1277 1072; baseline 0.002 -22"><span class='ocrx_word' id='word_1_45' title='bbox 254 1005 381 1070; x_wconf 88' lang='lat' dir='ltr'><strong>potestas</strong></span> <span class='ocrx_word' id='word_1_46' title='bbox 393 993 455 1070; x_wconf 89' lang='lat' dir='ltr'><strong>lege</strong></span> <span class='ocrx_word' id='word_1_47' title='bbox 468 994 664 1071; x_wconf 89' lang='lat' dir='ltr'><strong>permittatur.</strong></span> <span class='ocrx_word' id='word_1_48' title='bbox 678 997 722 1052; x_wconf 88' lang='lat' dir='ltr'><strong>Ex</strong></span> <span class='ocrx_word' id='word_1_49' title='bbox 735 1012 795 1071; x_wconf 89' lang='lat' dir='ltr'><strong>quo</strong></span> <span class='ocrx_word' id='word_1_50' title='bbox 809 991 943 1050; x_wconf 90' lang='lat' dir='ltr'><strong>omnibus</strong></span> <span class='ocrx_word' id='word_1_51' title='bbox 953 993 983 1049; x_wconf 92' lang='lat' dir='ltr'><strong>in</strong></span> <span class='ocrx_word' id='word_1_52' title='bbox 995 993 1162 1071; x_wconf 86' lang='lat' dir='ltr'><strong>provinciis,</strong></span> <span class='ocrx_word' id='word_1_53' title='bbox 1173 993 1277 1072; x_wconf 91' lang='lat' dir='ltr'><strong>regnis,</strong></span> 
     </span>
     <span class='ocr_line' id='line_1_8' title="bbox 252 1088 1279 1172; baseline 0.002 -26"><span class='ocrx_word' id='word_1_54' title='bbox 252 1089 353 1148; x_wconf 88' lang='lat' dir='ltr'><strong>liberis</strong></span> <span class='ocrx_word' id='word_1_55' title='bbox 365 1090 481 1169; x_wconf 92' lang='lat' dir='ltr'><strong>populis</strong></span> <span class='ocrx_word' id='word_1_56' title='bbox 499 1090 748 1152; x_wconf 84' lang='lat' dir='ltr'><strong>concursationem</strong></span> <span class='ocrx_word' id='word_1_57' title='bbox 768 1088 988 1148; x_wconf 87' lang='lat' dir='ltr'><strong>decemviralem</strong></span> <span class='ocrx_word' id='word_1_58' title='bbox 1009 1088 1279 1172; x_wconf 44' lang='lat' dir='ltr'><strong>acerbam,·for1ni·</strong></span> 
     </span>
     <span class='ocr_line' id='line_1_9' title="bbox 254 1185 1278 1265; baseline 0.002 -23"><span class='ocrx_word' id='word_1_59' title='bbox 254 1185 400 1254; x_wconf 85' lang='lat' dir='ltr'><strong>dolosam,</strong></span> <span class='ocrx_word' id='word_1_60' title='bbox 414 1199 606 1264; x_wconf 80' lang='lat' dir='ltr'><strong>qrraestuosam</strong></span> <span class='ocrx_word' id='word_1_61' title='bbox 624 1186 750 1245; x_wconf 83' lang='lat' dir='ltr'><strong>futuram</strong></span> <span class='ocrx_word' id='word_1_62' title='bbox 766 1205 844 1258; x_wconf 77' lang='lat' dir='ltr'><strong>ease,</strong></span> <span class='ocrx_word' id='word_1_63' title='bbox 867 1186 972 1244; x_wconf 89' lang='lat' dir='ltr'><strong>multas</strong></span> <span class='ocrx_word' id='word_1_64' title='bbox 984 1205 1156 1263; x_wconf 79' lang='lat' dir='ltr'><strong>magnasque</strong></span> <span class='ocrx_word' id='word_1_65' title='bbox 1171 1186 1278 1265; x_wconf 87' lang='lat' dir='ltr'><strong>spolia-</strong></span> 
     </span>
     <span class='ocr_line' id='line_1_10' title="bbox 256 1282 1277 1361; baseline 0 -21"><span class='ocrx_word' id='word_1_66' title='bbox 256 1283 363 1356; x_wconf 80' lang='lat' dir='ltr'><strong>tiones,</strong></span> <span class='ocrx_word' id='word_1_67' title='bbox 376 1283 537 1361; x_wconf 85' lang='lat' dir='ltr'><strong>pactiones,</strong></span> <span class='ocrx_word' id='word_1_68' title='bbox 551 1283 775 1343; x_wconf 88' lang='lat' dir='ltr'><strong>nundinationes</strong></span> <span class='ocrx_word' id='word_1_69' title='bbox 786 1282 859 1360; x_wconf 86' lang='lat' dir='ltr'><strong>juris</strong></span> <span class='ocrx_word' id='word_1_70' title='bbox 873 1301 906 1340; x_wconf 89' lang='lat' dir='ltr'><strong>ac</strong></span> <span class='ocrx_word' id='word_1_71' title='bbox 922 1283 1104 1341; x_wconf 82' lang='lat' dir='ltr'><strong>fortunarum</strong></span> <span class='ocrx_word' id='word_1_72' title='bbox 1121 1283 1183 1340; x_wconf 85' lang='lat' dir='ltr'><strong>lore</strong></span> <span class='ocrx_word' id='word_1_73' title='bbox 1197 1302 1277 1360; x_wconf 82' lang='lat' dir='ltr'><strong>prae-</strong></span> 
     </span>
     <span class='ocr_line' id='line_1_11' title="bbox 254 1377 1278 1460; baseline 0.001 -24"><span class='ocrx_word' id='word_1_74' title='bbox 254 1377 333 1437; x_wconf 90' lang='lat' dir='ltr'><strong>dicit.</strong></span> <span class='ocrx_word' id='word_1_75' title='bbox 349 1383 442 1437; x_wconf 92' lang='lat' dir='ltr'><strong>Porro</strong></span> <span class='ocrx_word' id='word_1_76' title='bbox 462 1378 619 1457; x_wconf 81' lang='lat' dir='ltr'><strong>exprobrat</strong></span> <span class='ocrx_word' id='word_1_77' title='bbox 640 1379 742 1460; x_wconf 87' lang='lat' dir='ltr'><strong>Rullo,</strong></span> <span class='ocrx_word' id='word_1_78' title='bbox 764 1377 843 1456; x_wconf 91' lang='lat' dir='ltr'><strong>quod</strong></span> <span class='ocrx_word' id='word_1_79' title='bbox 860 1380 923 1458; x_wconf 89' lang='lat' dir='ltr'><strong>lege</strong></span> <span class='ocrx_word' id='word_1_80' title='bbox 944 1397 996 1436; x_wconf 88' lang='lat' dir='ltr'><strong>sua</strong></span> <span class='ocrx_word' id='word_1_81' title='bbox 1008 1377 1111 1454; x_wconf 85' lang='lat' dir='ltr'><strong>jubeat</strong></span> <span class='ocrx_word' id='word_1_82' title='bbox 1135 1378 1278 1438; x_wconf 88' lang='lat' dir='ltr'><strong>decemvi-</strong></span> 
     </span>
     <span class='ocr_line' id='line_1_12' title="bbox 254 1474 1278 1554; baseline 0.001 -21"><span class='ocrx_word' id='word_1_83' title='bbox 254 1495 302 1533; x_wconf 92' lang='lat' dir='ltr'><strong>ros</strong></span> <span class='ocrx_word' id='word_1_84' title='bbox 316 1474 450 1533; x_wconf 88' lang='lat' dir='ltr'><strong>omnihus</strong></span> <span class='ocrx_word' id='word_1_85' title='bbox 464 1475 539 1552; x_wconf 87' lang='lat' dir='ltr'><strong>agris</strong></span> <span class='ocrx_word' id='word_1_86' title='bbox 553 1474 677 1554; x_wconf 90' lang='lat' dir='ltr'><strong>publicis</strong></span> <span class='ocrx_word' id='word_1_87' title='bbox 690 1475 852 1554; x_wconf 82' lang='lat' dir='ltr'><strong>pergrande</strong></span> <span class='ocrx_word' id='word_1_88' title='bbox 865 1476 985 1554; x_wconf 87' lang='lat' dir='ltr'><strong>vectigal</strong></span> <span class='ocrx_word' id='word_1_89' title='bbox 1004 1475 1168 1554; x_wconf 88' lang='lat' dir='ltr'><strong>imponere,</strong></span> <span class='ocrx_word' id='word_1_90' title='bbox 1185 1477 1278 1553; x_wconf 91' lang='lat' dir='ltr'><strong>iisque</strong></span> 
     </span>
     <span class='ocr_line' id='line_1_13' title="bbox 254 1569 1279 1650; baseline 0.002 -20"><span class='ocrx_word' id='word_1_91' title='bbox 254 1569 413 1630; x_wconf 85' lang='lat' dir='ltr'><strong>concedere</strong></span> <span class='ocrx_word' id='word_1_92' title='bbox 425 1583 457 1629; x_wconf 93' lang='lat' dir='ltr'><strong>ut</strong></span> <span class='ocrx_word' id='word_1_93' title='bbox 469 1571 580 1648; x_wconf 86' lang='lat' dir='ltr'><strong>possint</strong></span> <span class='ocrx_word' id='word_1_94' title='bbox 590 1591 673 1649; x_wconf 88' lang='lat' dir='ltr'><strong>agros</strong></span> <span class='ocrx_word' id='word_1_95' title='bbox 683 1570 808 1630; x_wconf 86' lang='lat' dir='ltr'><strong>liberare</strong></span> <span class='ocrx_word' id='word_1_96' title='bbox 817 1591 834 1629; x_wconf 92' lang='lat' dir='ltr'><strong>a</strong></span> <span class='ocrx_word' id='word_1_97' title='bbox 843 1570 1044 1650; x_wconf 77' lang='lat' dir='ltr'><strong>vectigalibus,</strong></span> <span class='ocrx_word' id='word_1_98' title='bbox 1060 1585 1089 1629; x_wconf 91' lang='lat' dir='ltr'><strong>et</strong></span> <span class='ocrx_word' id='word_1_99' title='bbox 1101 1592 1175 1650; x_wconf 89' lang='lat' dir='ltr'><strong>quos</strong></span> <span class='ocrx_word' id='word_1_100' title='bbox 1188 1571 1279 1632; x_wconf 90' lang='lat' dir='ltr'><strong>libeat</strong></span> 
     </span>
     <span class='ocr_line' id='line_1_14' title="bbox 254 1667 1278 1747; baseline 0.003 -22"><span class='ocrx_word' id='word_1_101' title='bbox 254 1668 419 1746; x_wconf 89' lang='lat' dir='ltr'><strong>publicare,</strong></span> <span class='ocrx_word' id='word_1_102' title='bbox 433 1667 463 1726; x_wconf 92' lang='lat' dir='ltr'><strong>h.</strong></span> <span class='ocrx_word' id='word_1_103' title='bbox 480 1687 504 1725; x_wconf 93' lang='lat' dir='ltr'><strong>e.</strong></span> <span class='ocrx_word' id='word_1_104' title='bbox 517 1669 598 1746; x_wconf 89' lang='lat' dir='ltr'><strong>quasi</strong></span> <span class='ocrx_word' id='word_1_105' title='bbox 612 1668 721 1747; x_wconf 90' lang='lat' dir='ltr'><strong>publici</strong></span> <span class='ocrx_word' id='word_1_106' title='bbox 736 1680 831 1728; x_wconf 89' lang='lat' dir='ltr'><strong>essent</strong></span> <span class='ocrx_word' id='word_1_107' title='bbox 843 1668 1029 1746; x_wconf 86' lang='lat' dir='ltr'><strong>vectigalibus</strong></span> <span class='ocrx_word' id='word_1_108' title='bbox 1044 1689 1180 1742; x_wconf 88' lang='lat' dir='ltr'><strong>onerare,</strong></span> <span class='ocrx_word' id='word_1_109' title='bbox 1202 1671 1229 1727; x_wconf 80' lang='lat'><strong>3.</strong></span> <span class='ocrx_word' id='word_1_110' title='bbox 1244 1676 1278 1728; x_wconf 89' lang='lat' dir='ltr'><strong>In</strong></span> 
     </span>
     <span class='ocr_line' id='line_1_15' title="bbox 252 1764 1277 1845; baseline 0.003 -22"><span class='ocrx_word' id='word_1_111' title='bbox 252 1766 386 1842; x_wconf 80' lang='lat' dir='ltr'><strong>vectigali</strong></span> <span class='ocrx_word' id='word_1_112' title='bbox 404 1764 582 1842; x_wconf 89' lang='lat' dir='ltr'><strong>imponendo</strong></span> <span class='ocrx_word' id='word_1_113' title='bbox 600 1786 666 1824; x_wconf 88' lang='lat' dir='ltr'><strong>eum</strong></span> <span class='ocrx_word' id='word_1_114' title='bbox 684 1767 830 1845; x_wconf 85' lang='lat' dir='ltr'><strong>excepisse</strong></span> <span class='ocrx_word' id='word_1_115' title='bbox 851 1786 951 1844; x_wconf 85' lang='lat' dir='ltr'><strong>agrurn</strong></span> <span class='ocrx_word' id='word_1_116' title='bbox 965 1767 1185 1825; x_wconf 84' lang='lat' dir='ltr'><strong>Recentoricum</strong></span> <span class='ocrx_word' id='word_1_117' title='bbox 1202 1767 1277 1826; x_wconf 89' lang='lat' dir='ltr'><strong>Sici-</strong></span> 
     </span>
     <span class='ocr_line' id='line_1_16' title="bbox 254 1861 1277 1944; baseline 0.002 -24"><span class='ocrx_word' id='word_1_118' title='bbox 254 1863 389 1935; x_wconf 89' lang='lat' dir='ltr'><strong>liensem;</strong></span> <span class='ocrx_word' id='word_1_119' title='bbox 404 1862 434 1920; x_wconf 90' lang='lat' dir='ltr'><strong>in</strong></span> <span class='ocrx_word' id='word_1_120' title='bbox 445 1861 604 1922; x_wconf 86' lang='lat' dir='ltr'><strong>vendendis</strong></span> <span class='ocrx_word' id='word_1_121' title='bbox 616 1865 705 1941; x_wconf 84' lang='lat' dir='ltr'><strong>agris,</strong></span> <span class='ocrx_word' id='word_1_122' title='bbox 723 1883 772 1936; x_wconf 83' lang='lat' dir='ltr'><strong>eos</strong></span> <span class='ocrx_word' id='word_1_123' title='bbox 787 1861 945 1944; x_wconf 84' lang='lat' dir='ltr'><strong>dequibus</strong></span> <span class='ocrx_word' id='word_1_124' title='bbox 961 1877 1078 1923; x_wconf 88' lang='lat' dir='ltr'><strong>cautum</strong></span> <span class='ocrx_word' id='word_1_125' title='bbox 1099 1865 1136 1924; x_wconf 90' lang='lat' dir='ltr'><strong>sit</strong></span> <span class='ocrx_word' id='word_1_126' title='bbox 1156 1863 1277 1933; x_wconf 86' lang='lat' dir='ltr'><strong>loedere,</strong></span> 
     </span>
     <span class='ocr_line' id='line_1_17' title="bbox 252 1959 1278 2039; baseline 0.003 -22"><span class='ocrx_word' id='word_1_127' title='bbox 252 1959 309 2017; x_wconf 91' lang='lat' dir='ltr'><strong>hoc</strong></span> <span class='ocrx_word' id='word_1_128' title='bbox 320 1973 376 2030; x_wconf 89' lang='lat' dir='ltr'><strong>est,</strong></span> <span class='ocrx_word' id='word_1_129' title='bbox 388 1979 437 2017; x_wconf 88' lang='lat' dir='ltr'><strong>ens</strong></span> <span class='ocrx_word' id='word_1_130' title='bbox 449 1959 499 2036; x_wconf 91' lang='lat' dir='ltr'><strong>qui</strong></span> <span class='ocrx_word' id='word_1_131' title='bbox 513 1959 544 2016; x_wconf 95' lang='lat' dir='ltr'><strong>in</strong></span> <span class='ocrx_word' id='word_1_132' title='bbox 556 1960 655 2019; x_wconf 79' lang='lat' dir='ltr'><strong>Africa</strong></span> <span class='ocrx_word' id='word_1_133' title='bbox 668 1959 705 2019; x_wconf 84' lang='lat' dir='ltr'><strong>ab</strong></span> <span class='ocrx_word' id='word_1_134' title='bbox 719 1960 883 2039; x_wconf 88' lang='lat' dir='ltr'><strong>Hiempsale</strong></span> <span class='ocrx_word' id='word_1_135' title='bbox 896 1959 1106 2038; x_wconf 86' lang='lat' dir='ltr'><strong>possideantur.</strong></span> <span class='ocrx_word' id='word_1_136' title='bbox 1118 1965 1278 2039; x_wconf 85' lang='lat' dir='ltr'><strong>Utramque</strong></span> 
     </span>
     <span class='ocr_line' id='line_1_18' title="bbox 252 2055 1277 2136; baseline 0.002 -22"><span class='ocrx_word' id='word_1_137' title='bbox 252 2057 451 2134; x_wconf 84' lang='lat' dir='ltr'><strong>exceptionem</strong></span> <span class='ocrx_word' id='word_1_138' title='bbox 465 2055 552 2115; x_wconf 90' lang='lat' dir='ltr'><strong>docet</strong></span> <span class='ocrx_word' id='word_1_139' title='bbox 568 2076 628 2115; x_wconf 91' lang='lat' dir='ltr'><strong>non</strong></span> <span class='ocrx_word' id='word_1_140' title='bbox 649 2069 707 2116; x_wconf 91' lang='lat' dir='ltr'><strong>tam</strong></span> <span class='ocrx_word' id='word_1_141' title='bbox 728 2057 857 2135; x_wconf 87' lang='lat' dir='ltr'><strong>iniquam</strong></span> <span class='ocrx_word' id='word_1_142' title='bbox 875 2077 952 2127; x_wconf 85' lang='lat' dir='ltr'><strong>csse,</strong></span> <span class='ocrx_word' id='word_1_143' title='bbox 974 2076 1061 2135; x_wconf 90' lang='lat' dir='ltr'><strong>quam</strong></span> <span class='ocrx_word' id='word_1_144' title='bbox 1080 2057 1277 2136; x_wconf 88' lang='lat' dir='ltr'><strong>suspiciosam.</strong></span> 
     </span>
     <span class='ocr_line' id='line_1_19' title="bbox 252 2153 1278 2232; baseline 0.002 -22"><span class='ocrx_word' id='word_1_145' title='bbox 252 2154 409 2212; x_wconf 86' lang='lat' dir='ltr'><strong>Maximam</strong></span> <span class='ocrx_word' id='word_1_146' title='bbox 421 2173 491 2212; x_wconf 82' lang='lat' dir='ltr'><strong>vero</strong></span> <span class='ocrx_word' id='word_1_147' title='bbox 506 2153 634 2231; x_wconf 87' lang='lat' dir='ltr'><strong>praedam</strong></span> <span class='ocrx_word' id='word_1_148' title='bbox 645 2155 764 2214; x_wconf 86' lang='lat' dir='ltr'><strong>Rullum</strong></span> <span class='ocrx_word' id='word_1_149' title='bbox 778 2173 895 2231; x_wconf 90' lang='lat' dir='ltr'><strong>sperare</strong></span> <span class='ocrx_word' id='word_1_150' title='bbox 905 2173 942 2211; x_wconf 84' lang='lat' dir='ltr'><strong>ex</strong></span> <span class='ocrx_word' id='word_1_151' title='bbox 955 2153 1006 2213; x_wconf 94' lang='lat' dir='ltr'><strong>illo</strong></span> <span class='ocrx_word' id='word_1_152' title='bbox 1021 2154 1091 2232; x_wconf 89' lang='lat' dir='ltr'><strong>legis</strong></span> <span class='ocrx_word' id='word_1_153' title='bbox 1102 2154 1206 2232; x_wconf 89' lang='lat' dir='ltr'><strong>capite,</strong></span> <span class='ocrx_word' id='word_1_154' title='bbox 1218 2174 1278 2232; x_wconf 91' lang='lat' dir='ltr'><strong>quo</strong></span> 
     </span>
     <span class='ocr_line' id='line_1_20' title="bbox 252 2248 1278 2328; baseline 0.002 -22"><span class='ocrx_word' id='word_1_155' title='bbox 252 2248 395 2327; x_wconf 90' lang='lat' dir='ltr'><strong>quidquid</strong></span> <span class='ocrx_word' id='word_1_156' title='bbox 413 2249 449 2308; x_wconf 90' lang='lat' dir='ltr'><strong>ad</strong></span> <span class='ocrx_word' id='word_1_157' title='bbox 466 2269 611 2328; x_wconf 87' lang='lat' dir='ltr'><strong>quemque</strong></span> <span class='ocrx_word' id='word_1_158' title='bbox 625 2251 791 2328; x_wconf 87' lang='lat' dir='ltr'><strong>pervenerit</strong></span> <span class='ocrx_word' id='word_1_159' title='bbox 811 2268 848 2307; x_wconf 85' lang='lat' dir='ltr'><strong>ex</strong></span> <span class='ocrx_word' id='word_1_160' title='bbox 869 2248 983 2327; x_wconf 86' lang='lat' dir='ltr'><strong>praeda,</strong></span> <span class='ocrx_word' id='word_1_161' title='bbox 1009 2269 1045 2308; x_wconf 86' lang='lat' dir='ltr'><strong>ex</strong></span> <span class='ocrx_word' id='word_1_162' title='bbox 1060 2249 1220 2321; x_wconf 89' lang='lat' dir='ltr'><strong>manubiis,</strong></span> <span class='ocrx_word' id='word_1_163' title='bbox 1241 2269 1278 2308; x_wconf 82' lang='lat' dir='ltr'><strong>ex</strong></span> 
     </span>
     <span class='ocr_line' id='line_1_21' title="bbox 252 2345 1277 2425; baseline 0 -19"><span class='ocrx_word' id='word_1_164' title='bbox 252 2367 324 2406; x_wconf 92' lang='lat' dir='ltr'><strong>auro</strong></span> <span class='ocrx_word' id='word_1_165' title='bbox 337 2347 506 2415; x_wconf 89' lang='lat' dir='ltr'><strong>coronario,</strong></span> <span class='ocrx_word' id='word_1_166' title='bbox 521 2345 600 2425; x_wconf 93' lang='lat' dir='ltr'><strong>quod</strong></span> <span class='ocrx_word' id='word_1_167' title='bbox 616 2367 711 2423; x_wconf 89' lang='lat' dir='ltr'><strong>neque</strong></span> <span class='ocrx_word' id='word_1_168' title='bbox 724 2359 928 2424; x_wconf 88' lang='lat' dir='ltr'><strong>consumptum</strong></span> <span class='ocrx_word' id='word_1_169' title='bbox 938 2347 967 2404; x_wconf 92' lang='lat' dir='ltr'><strong>in</strong></span> <span class='ocrx_word' id='word_1_170' title='bbox 979 2360 1175 2420; x_wconf 88' lang='lat' dir='ltr'><strong>monumento,</strong></span> <span class='ocrx_word' id='word_1_171' title='bbox 1182 2365 1277 2424; x_wconf 89' lang='lat' dir='ltr'><strong>neque</strong></span> 
     </span>
     <span class='ocr_line' id='line_1_22' title="bbox 253 2441 1276 2523; baseline 0.004 -23"><span class='ocrx_word' id='word_1_172' title='bbox 253 2443 282 2500; x_wconf 93' lang='lat' dir='ltr'><strong>in</strong></span> <span class='ocrx_word' id='word_1_173' title='bbox 305 2444 437 2502; x_wconf 85' lang='lat' dir='ltr'><strong>aerarium</strong></span> <span class='ocrx_word' id='word_1_174' title='bbox 451 2444 574 2502; x_wconf 87' lang='lat' dir='ltr'><strong>relatum</strong></span> <span class='ocrx_word' id='word_1_175' title='bbox 589 2443 635 2511; x_wconf 89' lang='lat' dir='ltr'><strong>sit,</strong></span> <span class='ocrx_word' id='word_1_176' title='bbox 654 2441 886 2510; x_wconf 82' lang='lat' dir='ltr'><strong>addecemviros</strong></span> <span class='ocrx_word' id='word_1_177' title='bbox 900 2444 1002 2502; x_wconf 78' lang='lat' dir='ltr'><strong>reterri</strong></span> <span class='ocrx_word' id='word_1_178' title='bbox 1012 2443 1131 2522; x_wconf 77' lang='lat' dir='ltr'><strong>jubeat,</strong></span> <span class='ocrx_word' id='word_1_179' title='bbox 1149 2444 1276 2523; x_wconf 88' lang='lat' dir='ltr'><strong>itemque</strong></span> 
     </span>
     <span class='ocr_line' id='line_1_23' title="bbox 252 2539 1278 2622; baseline 0.004 -24"><span class='ocrx_word' id='word_1_180' title='bbox 252 2553 285 2599; x_wconf 92' lang='lat' dir='ltr'><strong>ut</strong></span> <span class='ocrx_word' id='word_1_181' title='bbox 297 2541 328 2600; x_wconf 91' lang='lat' dir='ltr'><strong>in</strong></span> <span class='ocrx_word' id='word_1_182' title='bbox 340 2554 489 2620; x_wconf 88' lang='lat' dir='ltr'><strong>posterum</strong></span> <span class='ocrx_word' id='word_1_183' title='bbox 508 2541 594 2600; x_wconf 88' lang='lat' dir='ltr'><strong>etiam</strong></span> <span class='ocrx_word' id='word_1_184' title='bbox 609 2539 690 2617; x_wconf 90' lang='lat' dir='ltr'><strong>quod</strong></span> <span class='ocrx_word' id='word_1_185' title='bbox 704 2541 826 2619; x_wconf 89' lang='lat' dir='ltr'><strong>quisquc</strong></span> <span class='ocrx_word' id='word_1_186' title='bbox 841 2541 1002 2619; x_wconf 86' lang='lat' dir='ltr'><strong>imperator</strong></span> <span class='ocrx_word' id='word_1_187' title='bbox 1023 2541 1130 2601; x_wconf 85' lang='lat' dir='ltr'><strong>habeat</strong></span> <span class='ocrx_word' id='word_1_188' title='bbox 1146 2543 1278 2622; x_wconf 85' lang='lat' dir='ltr'><strong>pecuniae</strong></span> 
     </span>
     <span class='ocr_line' id='line_1_24' title="bbox 252 2637 1277 2719; baseline 0.003 -23"><span class='ocrx_word' id='word_1_189' title='bbox 252 2639 385 2717; x_wconf 88' lang='lat' dir='ltr'><strong>protinus</strong></span> <span class='ocrx_word' id='word_1_190' title='bbox 405 2638 441 2697; x_wconf 92' lang='lat' dir='ltr'><strong>ad</strong></span> <span class='ocrx_word' id='word_1_191' title='bbox 463 2637 643 2697; x_wconf 90' lang='lat' dir='ltr'><strong>decemviros</strong></span> <span class='ocrx_word' id='word_1_192' title='bbox 659 2637 779 2697; x_wconf 83' lang='lat' dir='ltr'><strong>delerat.</strong></span> <span class='ocrx_word' id='word_1_193' title='bbox 800 2637 886 2710; x_wconf 89' lang='lat' dir='ltr'><strong>Quod</strong></span> <span class='ocrx_word' id='word_1_194' title='bbox 906 2653 1002 2698; x_wconf 89' lang='lat' dir='ltr'><strong>autem</strong></span> <span class='ocrx_word' id='word_1_195' title='bbox 1015 2640 1187 2719; x_wconf 86' lang='lat' dir='ltr'><strong>Pompeium</strong></span> <span class='ocrx_word' id='word_1_196' title='bbox 1199 2641 1277 2700; x_wconf 86' lang='lat' dir='ltr'><strong>exci-</strong></span> 
     </span>
     <span class='ocr_line' id='line_1_25' title="bbox 252 2734 1277 2816; baseline 0.004 -25"><span class='ocrx_word' id='word_1_197' title='bbox 252 2735 329 2812; x_wconf 84' lang='lat' dir='ltr'><strong>piat,</strong></span> <span class='ocrx_word' id='word_1_198' title='bbox 340 2755 403 2793; x_wconf 91' lang='lat' dir='ltr'><strong>eam</strong></span> <span class='ocrx_word' id='word_1_199' title='bbox 419 2735 619 2812; x_wconf 83' lang='lat' dir='ltr'><strong>exceptionem</strong></span> <span class='ocrx_word' id='word_1_200' title='bbox 634 2734 755 2793; x_wconf 90' lang='lat' dir='ltr'><strong>similem</strong></span> <span class='ocrx_word' id='word_1_201' title='bbox 771 2754 832 2793; x_wconf 89' lang='lat' dir='ltr'><strong>esse</strong></span> <span class='ocrx_word' id='word_1_202' title='bbox 847 2735 905 2807; x_wconf 93' lang='lat' dir='ltr'><strong>illi,</strong></span> <span class='ocrx_word' id='word_1_203' title='bbox 922 2735 1021 2813; x_wconf 90' lang='lat' dir='ltr'><strong>quain</strong></span> <span class='ocrx_word' id='word_1_204' title='bbox 1036 2736 1097 2814; x_wconf 84' lang='lat' dir='ltr'><strong>lege</strong></span> <span class='ocrx_word' id='word_1_205' title='bbox 1108 2739 1204 2815; x_wconf 88' lang='lat' dir='ltr'><strong>Papia,</strong></span> <span class='ocrx_word' id='word_1_206' title='bbox 1219 2757 1277 2816; x_wconf 90' lang='lat' dir='ltr'><strong>qua</strong></span> 
     </span>
     <span class='ocr_line' id='line_1_26' title="bbox 251 2832 1275 2911; baseline 0 -21"><span class='ocrx_word' id='word_1_207' title='bbox 251 2833 396 2910; x_wconf 84' lang='lat' dir='ltr'><strong>peregrini</strong></span> <span class='ocrx_word' id='word_1_208' title='bbox 406 2832 487 2893; x_wconf 86' lang='lat' dir='ltr'><strong>Urbe</strong></span> <span class='ocrx_word' id='word_1_209' title='bbox 501 2832 735 2911; x_wconf 85' lang='lat' dir='ltr'><strong>expellebantur,</strong></span> <span class='ocrx_word' id='word_1_210' title='bbox 749 2833 929 2911; x_wconf 88' lang='lat' dir='ltr'><strong>Glaucippus</strong></span> <span class='ocrx_word' id='word_1_211' title='bbox 944 2845 1082 2910; x_wconf 83' lang='lat' dir='ltr'><strong>exceptus</strong></span> <span class='ocrx_word' id='word_1_212' title='bbox 1094 2834 1146 2905; x_wconf 91' lang='lat' dir='ltr'><strong>sit,</strong></span> <span class='ocrx_word' id='word_1_213' title='bbox 1170 2843 1196 2902; x_wconf 72' lang='lat'><strong>4.</strong></span> <span class='ocrx_word' id='word_1_214' title='bbox 1208 2839 1275 2893; x_wconf 88' lang='lat' dir='ltr'><strong>Nou</strong></span> 
     </span>
     <span class='ocr_line' id='line_1_27' title="bbox 251 2927 1275 3008; baseline 0 -20"><span class='ocrx_word' id='word_1_215' title='bbox 251 2930 342 2988; x_wconf 91' lang='lat' dir='ltr'><strong>minui</strong></span> <span class='ocrx_word' id='word_1_216' title='bbox 355 2942 450 2988; x_wconf 91' lang='lat' dir='ltr'><strong>autem</strong></span> <span class='ocrx_word' id='word_1_217' title='bbox 463 2929 587 2988; x_wconf 87' lang='lat' dir='ltr'><strong>ostendit</strong></span> <span class='ocrx_word' id='word_1_218' title='bbox 601 2929 799 2988; x_wconf 86' lang='lat' dir='ltr'><strong>decemviralis</strong></span> <span class='ocrx_word' id='word_1_219' title='bbox 817 2928 947 3008; x_wconf 86' lang='lat' dir='ltr'><strong>pecuniae</strong></span> <span class='ocrx_word' id='word_1_220' title='bbox 963 2929 1024 2986; x_wconf 90' lang='lat' dir='ltr'><strong>istis</strong></span> <span class='ocrx_word' id='word_1_221' title='bbox 1041 2927 1133 2987; x_wconf 87' lang='lat' dir='ltr'><strong>modis</strong></span> <span class='ocrx_word' id='word_1_222' title='bbox 1146 2944 1275 2990; x_wconf 88' lang='lat' dir='ltr'><strong>constru-</strong></span> 
     </span>
     <span class='ocr_line' id='line_1_28' title="bbox 252 3023 1276 3104; baseline 0.001 -20"><span class='ocrx_word' id='word_1_223' title='bbox 252 3040 304 3084; x_wconf 81' lang='lat' dir='ltr'><strong>ctae</strong></span> <span class='ocrx_word' id='word_1_224' title='bbox 317 3027 472 3099; x_wconf 87' lang='lat' dir='ltr'><strong>iuvidiam,</strong></span> <span class='ocrx_word' id='word_1_225' title='bbox 489 3024 569 3104; x_wconf 90' lang='lat' dir='ltr'><strong>quod</strong></span> <span class='ocrx_word' id='word_1_226' title='bbox 586 3026 616 3083; x_wconf 90' lang='lat' dir='ltr'><strong>in</strong></span> <span class='ocrx_word' id='word_1_227' title='bbox 629 3045 764 3104; x_wconf 88' lang='lat' dir='ltr'><strong>agrorum</strong></span> <span class='ocrx_word' id='word_1_228' title='bbox 781 3023 978 3102; x_wconf 86' lang='lat' dir='ltr'><strong>emptionibus</strong></span> <span class='ocrx_word' id='word_1_229' title='bbox 990 3038 1185 3083; x_wconf 85' lang='lat' dir='ltr'><strong>consumatur.</strong></span> <span class='ocrx_word' id='word_1_230' title='bbox 1201 3031 1276 3085; x_wconf 89' lang='lat' dir='ltr'><strong>Nam</strong></span> 
     </span>
     <span class='ocr_line' id='line_1_29' title="bbox 251 3121 1275 3201; baseline -0.001 -19"><span class='ocrx_word' id='word_1_231' title='bbox 251 3125 313 3182; x_wconf 83' lang='lat' dir='ltr'><strong>fieri</strong></span> <span class='ocrx_word' id='word_1_232' title='bbox 328 3142 413 3201; x_wconf 88' lang='lat' dir='ltr'><strong>posse</strong></span> <span class='ocrx_word' id='word_1_233' title='bbox 426 3137 460 3182; x_wconf 92' lang='lat' dir='ltr'><strong>ut</strong></span> <span class='ocrx_word' id='word_1_234' title='bbox 470 3142 555 3182; x_wconf 87' lang='lat' dir='ltr'><strong>nemo</strong></span> <span class='ocrx_word' id='word_1_235' title='bbox 570 3141 653 3200; x_wconf 87' lang='lat' dir='ltr'><strong>agros</strong></span> <span class='ocrx_word' id='word_1_236' title='bbox 667 3123 738 3180; x_wconf 85' lang='lat' dir='ltr'><strong>velit</strong></span> <span class='ocrx_word' id='word_1_237' title='bbox 750 3122 893 3194; x_wconf 85' lang='lat' dir='ltr'><strong>vendere,</strong></span> <span class='ocrx_word' id='word_1_238' title='bbox 907 3135 1025 3199; x_wconf 91' lang='lat' dir='ltr'><strong>tumque</strong></span> <span class='ocrx_word' id='word_1_239' title='bbox 1046 3121 1198 3200; x_wconf 86' lang='lat' dir='ltr'><strong>pecuniam</strong></span> <span class='ocrx_word' id='word_1_240' title='bbox 1213 3123 1275 3201; x_wconf 87' lang='lat' dir='ltr'><strong>lege</strong></span> 
     </span>
     <span class='ocr_line' id='line_1_30' title="bbox 251 3217 1272 3297; baseline -0.001 -17"><span class='ocrx_word' id='word_1_241' title='bbox 251 3220 330 3281; x_wconf 90' lang='lat' dir='ltr'><strong>Rulli</strong></span> <span class='ocrx_word' id='word_1_242' title='bbox 343 3239 397 3278; x_wconf 91' lang='lat' dir='ltr'><strong>nec</strong></span> <span class='ocrx_word' id='word_1_243' title='bbox 410 3218 513 3278; x_wconf 88' lang='lat' dir='ltr'><strong>referri</strong></span> <span class='ocrx_word' id='word_1_244' title='bbox 524 3220 552 3279; x_wconf 88' lang='lat' dir='ltr'><strong>in</strong></span> <span class='ocrx_word' id='word_1_245' title='bbox 566 3218 715 3292; x_wconf 87' lang='lat' dir='ltr'><strong>aerarium,</strong></span> <span class='ocrx_word' id='word_1_246' title='bbox 738 3238 792 3276; x_wconf 90' lang='lat' dir='ltr'><strong>nec</strong></span> <span class='ocrx_word' id='word_1_247' title='bbox 805 3239 822 3276; x_wconf 88' lang='lat' dir='ltr'><strong>a</strong></span> <span class='ocrx_word' id='word_1_248' title='bbox 837 3217 1006 3277; x_wconf 84' lang='lat' dir='ltr'><strong>decemviris</strong></span> <span class='ocrx_word' id='word_1_249' title='bbox 1020 3219 1097 3297; x_wconf 86' lang='lat' dir='ltr'><strong>exigi</strong></span> <span class='ocrx_word' id='word_1_250' title='bbox 1118 3221 1223 3291; x_wconf 82' lang='lat' dir='ltr'><strong>licere,</strong></span> <span class='ocrx_word' id='word_1_251' title='bbox 1246 3219 1272 3279; x_wconf 82' lang='lat'><strong>5.</strong></span> 
     </span>
     <span class='ocr_line' id='line_1_31' title="bbox 251 3315 1275 3395; baseline 0.001 -20"><span class='ocrx_word' id='word_1_252' title='bbox 251 3319 298 3376; x_wconf 89' lang='lat' dir='ltr'><strong>Sin</strong></span> <span class='ocrx_word' id='word_1_253' title='bbox 318 3329 414 3376; x_wconf 90' lang='lat' dir='ltr'><strong>autem</strong></span> <span class='ocrx_word' id='word_1_254' title='bbox 428 3328 562 3394; x_wconf 88' lang='lat' dir='ltr'><strong>emantur</strong></span> <span class='ocrx_word' id='word_1_255' title='bbox 573 3315 653 3394; x_wconf 88' lang='lat' dir='ltr'><strong>agri,</strong></span> <span class='ocrx_word' id='word_1_256' title='bbox 671 3335 774 3394; x_wconf 87' lang='lat' dir='ltr'><strong>magna</strong></span> <span class='ocrx_word' id='word_1_257' title='bbox 785 3335 846 3374; x_wconf 87' lang='lat' dir='ltr'><strong>esse</strong></span> <span class='ocrx_word' id='word_1_258' title='bbox 861 3315 1045 3374; x_wconf 90' lang='lat' dir='ltr'><strong>incommoda</strong></span> <span class='ocrx_word' id='word_1_259' title='bbox 1061 3329 1090 3374; x_wconf 90' lang='lat' dir='ltr'><strong>et</strong></span> <span class='ocrx_word' id='word_1_260' title='bbox 1103 3318 1232 3395; x_wconf 90' lang='lat' dir='ltr'><strong>pericula</strong></span> <span class='ocrx_word' id='word_1_261' title='bbox 1243 3319 1275 3376; x_wconf 88' lang='lat' dir='ltr'><strong>in</strong></span> 
     </span>
     <span class='ocr_line' id='line_1_32' title="bbox 251 3411 1273 3492; baseline -0.001 -19"><span class='ocrx_word' id='word_1_262' title='bbox 251 3413 371 3474; x_wconf 89' lang='lat' dir='ltr'><strong>coloniis</strong></span> <span class='ocrx_word' id='word_1_263' title='bbox 383 3411 560 3472; x_wconf 90' lang='lat' dir='ltr'><strong>deducendis</strong></span> <span class='ocrx_word' id='word_1_264' title='bbox 571 3414 731 3491; x_wconf 82' lang='lat' dir='ltr'><strong>praesertim</strong></span> <span class='ocrx_word' id='word_1_265' title='bbox 741 3413 790 3492; x_wconf 80' lang='lat' dir='ltr'><strong>iis,</strong></span> <span class='ocrx_word' id='word_1_266' title='bbox 804 3433 877 3492; x_wconf 87' lang='lat' dir='ltr'><strong>quos</strong></span> <span class='ocrx_word' id='word_1_267' title='bbox 891 3417 1019 3492; x_wconf 88' lang='lat' dir='ltr'><strong>Capuam</strong></span> <span class='ocrx_word' id='word_1_268' title='bbox 1031 3412 1136 3472; x_wconf 89' lang='lat' dir='ltr'><strong>deduci</strong></span> <span class='ocrx_word' id='word_1_269' title='bbox 1145 3415 1215 3473; x_wconf 86' lang='lat' dir='ltr'><strong>velit</strong></span> <span class='ocrx_word' id='word_1_270' title='bbox 1222 3457 1231 3487; x_wconf 94' lang='lat'><strong>,</strong></span> <span class='ocrx_word' id='word_1_271' title='bbox 1245 3415 1273 3472; x_wconf 89' lang='grc'><strong>6.</strong></span> 
     </span>
     <span class='ocr_line' id='line_1_33' title="bbox 252 3508 1275 3590; baseline 0 -21"><span class='ocrx_word' id='word_1_272' title='bbox 252 3513 304 3572; x_wconf 88' lang='lat' dir='ltr'><strong>His</strong></span> <span class='ocrx_word' id='word_1_273' title='bbox 315 3513 402 3590; x_wconf 84' lang='lat' dir='ltr'><strong>igitur</strong></span> <span class='ocrx_word' id='word_1_274' title='bbox 415 3508 679 3569; x_wconf 89' lang='lat' dir='ltr'><strong>machinationibus</strong></span> <span class='ocrx_word' id='word_1_275' title='bbox 690 3529 721 3568; x_wconf 90' lang='lat' dir='ltr'><strong>se</strong></span> <span class='ocrx_word' id='word_1_276' title='bbox 733 3510 919 3569; x_wconf 86' lang='lat' dir='ltr'><strong>vehementer</strong></span> <span class='ocrx_word' id='word_1_277' title='bbox 933 3522 1021 3588; x_wconf 91' lang='lat' dir='ltr'><strong>atque</strong></span> <span class='ocrx_word' id='word_1_278' title='bbox 1034 3511 1141 3582; x_wconf 85' lang='lat' dir='ltr'><strong>acriter</strong></span> <span class='ocrx_word' id='word_1_279' title='bbox 1156 3512 1275 3569; x_wconf 89' lang='lat' dir='ltr'><strong>restitu-</strong></span> 
     </span>
     <span class='ocr_line' id='line_1_34' title="bbox 252 3606 1276 3680; baseline 0.001 -16"><span class='ocrx_word' id='word_1_280' title='bbox 252 3627 315 3664; x_wconf 90' lang='lat' dir='ltr'><strong>rum</strong></span> <span class='ocrx_word' id='word_1_281' title='bbox 338 3608 438 3665; x_wconf 90' lang='lat' dir='ltr'><strong>consul</strong></span> <span class='ocrx_word' id='word_1_282' title='bbox 461 3606 627 3677; x_wconf 88' lang='lat' dir='ltr'><strong>denuntiat,</strong></span> <span class='ocrx_word' id='word_1_283' title='bbox 651 3628 682 3680; x_wconf 80' lang='lat'><strong>73</strong></span> <span class='ocrx_word' id='word_1_284' title='bbox 710 3607 794 3666; x_wconf 92' lang='lat' dir='ltr'><strong>simul</strong></span> <span class='ocrx_word' id='word_1_285' title='bbox 816 3627 925 3666; x_wconf 87' lang='lat' dir='ltr'><strong>errasse</strong></span> <span class='ocrx_word' id='word_1_286' title='bbox 945 3607 1064 3667; x_wconf 87' lang='lat' dir='ltr'><strong>Rullum</strong></span> <span class='ocrx_word' id='word_1_287' title='bbox 1084 3606 1226 3680; x_wconf 89' lang='lat' dir='ltr'><strong>ostendit,</strong></span> <span class='ocrx_word' id='word_1_288' title='bbox 1246 3620 1276 3665; x_wconf 90' lang='lat' dir='ltr'><strong>ct</strong></span> 
     </span>
     <span class='ocr_line' id='line_1_35' title="bbox 221 3703 1275 3784; baseline 0.001 -25"><span class='ocrx_word' id='word_1_289' title='bbox 221 3745 224 3751; x_wconf 84' lang='grc'><strong>-</strong></span> <span class='ocrx_word' id='word_1_290' title='bbox 252 3703 406 3761; x_wconf 89' lang='lat' dir='ltr'><strong>nonnullos</strong></span> <span class='ocrx_word' id='word_1_291' title='bbox 421 3705 544 3782; x_wconf 83' lang='lat' dir='ltr'><strong>collegas</strong></span> <span class='ocrx_word' id='word_1_292' title='bbox 558 3704 633 3782; x_wconf 87' lang='lat' dir='ltr'><strong>ejus,</strong></span> <span class='ocrx_word' id='word_1_293' title='bbox 646 3703 697 3781; x_wconf 90' lang='lat' dir='ltr'><strong>qui</strong></span> <span class='ocrx_word' id='word_1_294' title='bbox 708 3703 902 3784; x_wconf 83' lang='lat' dir='ltr'><strong>speraverint,</strong></span> <span class='ocrx_word' id='word_1_295' title='bbox 914 3723 945 3762; x_wconf 90' lang='lat' dir='ltr'><strong>se</strong></span> <span class='ocrx_word' id='word_1_296' title='bbox 958 3721 1043 3782; x_wconf 86' lang='lat' dir='ltr'><strong>posse</strong></span> <span class='ocrx_word' id='word_1_297' title='bbox 1052 3715 1154 3762; x_wconf 89' lang='lat' dir='ltr'><strong>contra</strong></span> <span class='ocrx_word' id='word_1_298' title='bbox 1168 3721 1275 3761; x_wconf 88' lang='lat' dir='ltr'><strong>consu-</strong></span> 
     </span>
     <span class='ocr_line' id='line_1_36' title="bbox 252 3798 1275 3879; baseline 0.002 -23"><span class='ocrx_word' id='word_1_299' title='bbox 252 3799 309 3856; x_wconf 91' lang='lat' dir='ltr'><strong>lem</strong></span> <span class='ocrx_word' id='word_1_300' title='bbox 325 3798 459 3869; x_wconf 87' lang='lat' dir='ltr'><strong>veritate,</strong></span> <span class='ocrx_word' id='word_1_301' title='bbox 472 3818 531 3858; x_wconf 89' lang='lat' dir='ltr'><strong>non</strong></span> <span class='ocrx_word' id='word_1_302' title='bbox 546 3800 737 3860; x_wconf 88' lang='lat' dir='ltr'><strong>ostentatione</strong></span> <span class='ocrx_word' id='word_1_303' title='bbox 746 3801 936 3879; x_wconf 88' lang='lat' dir='ltr'><strong>popularem,</strong></span> <span class='ocrx_word' id='word_1_304' title='bbox 955 3799 986 3857; x_wconf 89' lang='lat' dir='ltr'><strong>iu</strong></span> <span class='ocrx_word' id='word_1_305' title='bbox 998 3799 1155 3858; x_wconf 88' lang='lat' dir='ltr'><strong>evertenda</strong></span> <span class='ocrx_word' id='word_1_306' title='bbox 1171 3819 1203 3856; x_wconf 90' lang='lat' dir='ltr'><strong>re</strong></span> <span class='ocrx_word' id='word_1_307' title='bbox 1216 3819 1275 3877; x_wconf 87' lang='lat' dir='ltr'><strong>pu·</strong></span> 
     </span>
     <span class='ocr_line' id='line_1_37' title="bbox 251 3895 1274 3976; baseline 0.002 -22"><span class='ocrx_word' id='word_1_308' title='bbox 251 3895 328 3954; x_wconf 90' lang='lat' dir='ltr'><strong>blica</strong></span> <span class='ocrx_word' id='word_1_309' title='bbox 336 3895 490 3972; x_wconf 89' lang='lat' dir='ltr'><strong>populares</strong></span> <span class='ocrx_word' id='word_1_310' title='bbox 504 3897 665 3956; x_wconf 84' lang='lat' dir='ltr'><strong>existimari.</strong></span> <span class='ocrx_word' id='word_1_311' title='bbox 673 3901 774 3976; x_wconf 91' lang='lat' dir='ltr'><strong>Itaque</strong></span> <span class='ocrx_word' id='word_1_312' title='bbox 789 3918 819 3956; x_wconf 88' lang='lat' dir='ltr'><strong>se</strong></span> <span class='ocrx_word' id='word_1_313' title='bbox 830 3917 880 3956; x_wconf 88' lang='lat' dir='ltr'><strong>eos</strong></span> <span class='ocrx_word' id='word_1_314' title='bbox 891 3899 921 3955; x_wconf 94' lang='lat' dir='ltr'><strong>in</strong></span> <span class='ocrx_word' id='word_1_315' title='bbox 935 3897 1103 3954; x_wconf 90' lang='lat' dir='ltr'><strong>concionem</strong></span> <span class='ocrx_word' id='word_1_316' title='bbox 1115 3915 1234 3966; x_wconf 91' lang='lat' dir='ltr'><strong>vocare,</strong></span> <span class='ocrx_word' id='word_1_317' title='bbox 1244 3911 1274 3956; x_wconf 91' lang='lat' dir='ltr'><strong>et</strong></span> 
     </span>
     <span class='ocr_line' id='line_1_38' title="bbox 252 3991 1275 4072; baseline 0.001 -21"><span class='ocrx_word' id='word_1_318' title='bbox 252 3993 363 4072; x_wconf 92' lang='lat' dir='ltr'><strong>populo</strong></span> <span class='ocrx_word' id='word_1_319' title='bbox 379 4009 499 4049; x_wconf 90' lang='lat' dir='ltr'><strong>romano</strong></span> <span class='ocrx_word' id='word_1_320' title='bbox 514 3992 706 4071; x_wconf 87' lang='lat' dir='ltr'><strong>disceptatore</strong></span> <span class='ocrx_word' id='word_1_321' title='bbox 717 3997 760 4054; x_wconf 92' lang='lat' dir='ltr'><strong>uti</strong></span> <span class='ocrx_word' id='word_1_322' title='bbox 775 3995 848 4054; x_wconf 91' lang='lat' dir='ltr'><strong>velle</strong></span> <span class='ocrx_word' id='word_1_323' title='bbox 862 3991 1003 4062; x_wconf 91' lang='lat' dir='ltr'><strong>ostendit,</strong></span> <span class='ocrx_word' id='word_1_324' title='bbox 1021 3993 1048 4051; x_wconf 83' lang='lat'><strong>8.</strong></span> <span class='ocrx_word' id='word_1_325' title='bbox 1063 3999 1212 4052; x_wconf 88' lang='lat' dir='ltr'><strong>Postremo</strong></span> <span class='ocrx_word' id='word_1_326' title='bbox 1230 4015 1275 4052; x_wconf 89' lang='lat' dir='ltr'><strong>ce·</strong></span> 
     </span>
     <span class='ocr_line' id='line_1_39' title="bbox 253 4087 1272 4172; baseline 0.001 -24"><span class='ocrx_word' id='word_1_327' title='bbox 253 4103 329 4148; x_wconf 89' lang='lat' dir='ltr'><strong>teros</strong></span> <span class='ocrx_word' id='word_1_328' title='bbox 346 4087 479 4146; x_wconf 89' lang='lat' dir='ltr'><strong>tribunos</strong></span> <span class='ocrx_word' id='word_1_329' title='bbox 496 4087 683 4164; x_wconf 86' lang='lat' dir='ltr'><strong>adhortatur,</strong></span> <span class='ocrx_word' id='word_1_330' title='bbox 700 4106 732 4151; x_wconf 91' lang='lat' dir='ltr'><strong>ut</strong></span> <span class='ocrx_word' id='word_1_331' title='bbox 745 4092 884 4172; x_wconf 88' lang='lat' dir='ltr'><strong>collegam</strong></span> <span class='ocrx_word' id='word_1_332' title='bbox 899 4089 1069 4169; x_wconf 76' lang='lat' dir='ltr'><strong>perniciosae</strong></span> <span class='ocrx_word' id='word_1_333' title='bbox 1082 4089 1153 4169; x_wconf 86' lang='lat' dir='ltr'><strong>legis</strong></span> <span class='ocrx_word' id='word_1_334' title='bbox 1169 4105 1272 4149; x_wconf 89' lang='lat' dir='ltr'><strong>aucto-</strong></span> 
     </span>
    </p>
   </div>
   <div class='ocr_carea' id='block_1_3' title="bbox 0 0 1514 4666">
    <p class='ocr_par' dir='ltr' id='par_1_3' title="bbox 0 0 1514 4666">
     <span class='ocr_line' id='line_1_40' title="bbox 0 0 1514 4666; baseline 0 0"><span class='ocrx_word' id='word_1_335' title='bbox 0 0 1514 4666; x_wconf 95' lang='lat' dir='ltr'><strong> </strong></span> 
     </span>
    </p>
   </div>
  </div>
 </body>
</html>
