2958 4670
266 309 335 384 536
582 314 630 380 Μ.
657 313 696 378 Τ.
723 287 1025 382 cressonis.

309 435 403 504 XIX.
430 429 517 519 Sed,
539 433 568 502 si
589 431 667 502 haec
690 431 824 504 leviora
849 432 971 521 ducis,
988 457 1069 532 quae
1088 449 1174 504 sunt
1194 437 1331 533 gravis·

262 546 369 631 sima,
388 557 425 612 et
441 541 537 612 hanc
558 540 734 612 urbanam
752 539 1044 641 suffragationem
1066 543 1211 616 militari
1231 560 1333 616 ante·

262 652 385 749 ponis;
417 649 491 721 noli
524 649 695 722 ludorum
719 649 854 745 hujus¹
891 652 1123 749 elegantiam,
1156 669 1331 726 et'scenae

261 760 590 860 magnificentiam²
610 759 711 832 valde
730 777 1085 861 contemneretque
1103 763 1187 836 huic
1201 764 1331 837 admo·

262 873 350 942 dum
367 869 594 970 profuerunt.
613 873 703 941 Nam
732 871 823 967 quid
844 896 911 970 ego
935 870 1069 960 dicam,
1087 874 1268 971 populum
1291 899 1332 945 ac

262 983 391 1080 vulgus
404 984 654 1082 imperitorum
670 979 763 1054 ludis
773 1005 992 1080 magnopere
1008 981 1333 1055 delectariiMinus

267 1105 322 1164 est
342 1089 574 1162 mirandum:
596 1115 818 1188 quamquam
847 1091 930 1163 huic
951 1115 1066 1163 causae
1093 1092 1130 1163 id
1143 1097 1241 1165 'satis
1266 1109 1331 1166 est.

266 1204 358 1272 Sunt
386 1203 483 1272 enim
508 1201 635 1299 populi
660 1225 701 1272 ac
719 1200 960 1273 multitudinis
985 1202 1139 1290 comitia.
1162 1204 1288 1294 Quare
1304 1203 1332 1275 si

262 1313 402 1411 populo
419 1312 590 1384 ludorum
611 1309 876 1408 magnificentia
894 1312 1071 1410 voluptati
1092 1328 1167 1403 est;
1187 1337 1266 1384 non
1279 1329 1332 1385 est

261 1422 483 1510 mirandum,
500 1447 577 1494 eam
596 1425 636 1492 L.
652 1426 812 1494 Murenae
827 1421 924 1520 apud
942 1422 1120 1521 populum
1139 1421 1328 1520 profuisse.

262 1532 331 1604 Sed
349 1534 379 1604 si
400 1547 543 1604 nosmet
561 1527 673 1629 ipsi³,
689 1532 804 1628 quiet
819 1529 865 1603 ab
888 1530 1126 1603 delectatione
1146 1535 1248 1602 omni
1271 1557 1331 1603 ue-

264 1644 371 1740 gotiis
384 1641 624 1740 impedimur,
641 1642 727 1714 etin
742 1643 818 1739 ipsa
828 1645 1066 1739 occupatione
1076 1642 1331 1714 delectationes

264 1753 349 1824 alias
372 1752 503 1827 multas
530 1750 663 1822 babere
682 1775 895 1848 possumus,
918 1750 1012 1822 ludis
1034 1766 1155 1824 tamen
1171 1751 1331 1823 oblecta·

263 1885 345 1931 mur
364 1874 400 1931 et
425 1860 614 1946 ducimur;
639 1859 727 1958 qnid
755 1873 795 1929 tu
822 1859 998 1932 admirere
1028 1860 1074 1933 de
1098 1860 1329 1933 multitudiue

263 1968 454 2042 indoctatt
479 1977 520 2042 L.
550 1967 700 2056 Oth0⁵,
724 1970 778 2039 vir
813 1968 935 2059 fortis,
965 1995 1067 2042 meus
1093 1975 1330 2056 necessarius,

263 2081 423 2178 equestri
441 2079 561 2152 ordini
579 2079 735 2151 restituit
759 2105 833 2150 non
863 2080 980 2178 solum
1002 2080 1239 2177 dignitatem,
1271 2077 1329 2152 sed

265 2192 371 2263 etiam
392 2191 626 2289 voluptatem.
647 2193 773 2286 Itaque
787 2189 845 2260 lex
860 2189 955 2278 haec,
974 2215 1054 2287 quae
1069 2189 1113 2261 ad
1131 2189 1234 2262 ludos
1250 2214 1330 2288 per-

265 2306 375 2387 tinet,
400 2316 454 2374 est
485 2303 649 2372 omnium
685 2300 905 2394 gratissima,
938 2301 1038 2397 quod
1077 2300 1330 2371 honestissimo

265 2410 407 2499 ordini,
429 2433 512 2480 cum
532 2406 744 2506 splendore,
769 2406 908 2480 fructus
928 2435 1077 2508 qnoque
1097 2409 1331 2506 jucunditatis

265 2534 319 2591 cst
338 2524 534 2590 restitutus.
553 2520 674 2607 Quare
696 2517 875 2590 delectant
894 2519 1078 2609 homines,
1096 2519 1186 2592 mihi
1205 2518 1330 2606 crede,

267 2627 361 2714 ludi,
376 2633 483 2698 etiam
498 2627 596 2714 illos,
606 2629 670 2724 qui
684 2626 927 2715 dissimulant,
942 2654 1018 2700 non
1033 2631 1150 2702 solum
1169 2655 1247 2718 eos,
1270 2631 1330 2728 qui

263 2736 421 2809 fatentur
441 2765 450 2805 ι
474 2736 574 2835 qnod
592 2763 659 2835 ego
681 2740 719 2809 in
737 2761 815 2808 mea
833 2740 1007 2836 petitione
1028 2743 1133 2812 sensi.
1154 2745 1249 2814 Nam
1264 2764 1329 2812 nos

266 3009 317 3057 tiva
327 3006 447 3066 centuria,
460 3009 530 3069 cnjus
538 3007 688 3056 voluntatem
702 3015 727 3054 et
735 3009 778 3068 J'n-
821 3009 976 3059 laetationem
994 3021 1175 3072 consectemur,
1194 3021 1237 3058 ant
1252 3010 1329 3074 cepia-

267 3088 358 3136 dicium
385 3087 524 3136 centuriatis
551 3087 657 3136 comitiis
679 3085 779 3150 reliqna.
822 3105 889 3149 mne,
905 3092 968 3139 etin
981 3090 1040 3154 ipsis
1053 3091 1156 3154 negotiis
1175 3089 1329 3138 multesalias

266 3167 381 3216 centuriae
390 3167 559 3230 sequebantur.
568 3168 606 3214 De
614 3167 665 3227 ejus
674 3175 779 3229 potesta·
823 3160 994 3210 delectationes
1003 3161 1092 3210 habere
1104 3177 1247 3226 possumne,
1258 3175 1327 3225 quern

268 3259 292 3295 te
307 3246 361 3294 vide
374 3247 486 3294 Gronov.
501 3244 604 3294 Observ.
617 3245 662 3304 tv,
678 3261 699 3294 1.
822 3241 971 3304 quaeratis
983 3241 1164 3306 percipiuntur,
1173 3241 1238 3288 ludis
1253 3252 1328 3289 tamen

300 3328 371 3374 xlx.
391 3341 412 3372 ι.
438 3324 567 3372 Ludos-nm.
581 3323 776 3388 Apollinarium,
821 3319 1055 3383 oblectamur3qnid
1067 3320 1327 3369 mirumeetindoetam

265 3421 327 3470 quoe
339 3404 424 3454 edidit.
822 3399 1002 3448 multitudinem
1010 3399 1075 3446 ludis
1084 3399 1217 3447 delectari?

302 3501 326 3532 a.
349 3487 431 3531 Seeuce
453 3481 666 3548 magnificentiam.
682 3483 777 3546 Argen·
793 3515 802 3545 ,
858 3475 1327 3537 anemutcimdtmtndocra.1.2mbtn.

266 3575 329 3613 team
342 3579 436 3612 scenam
456 3560 550 3610 dedisse
572 3563 698 3608 Murenam
715 3561 777 3609 infra
822 3559 998 3607 multitudinem
1011 3557 1141 3606 indoctam.
1157 3557 1239 3605 lnntili
1251 3556 1326 3616 conje-

267 3659 415 3708 cognosces:
426 3642 456 3690 de
469 3657 516 3704 qna
533 3640 634 3698 Plinius,
646 3641 776 3701 xxxtn,
821 3651 897 3688 ctum.
909 3640 933 3685 J.
943 3639 973 3684 V.
984 3639 1013 3684 L.

268 3727 355 3784 3‚.L.
369 3725 470 3772 Murena
485 3733 510 3770 et
526 3721 598 3770 Ceius
620 3721 733 3784 princeps
750 3721 776 3768 in
858 3721 882 3766 5.
907 3720 935 3764 L.
951 3715 1023 3764 otto.
1048 3715 1091 3763 llle
1111 3711 1327 3778 tribunusplebis,

264 3805 329 3852 circo
338 3819 424 3867 pegma
434 3802 546 3858 durftin
554 3813 603 3865 qno
612 3801 677 3848 fuere
684 3803 776 3864 argenti
821 3795 1066 3852 Ciceroneconsnle,
1078 3795 1156 3859 legem
1171 3794 1246 3854 tulit,
1259 3803 1287 3840 ut
1303 3791 1325 3836 in

264 3885 350 3947 pondo
364 3899 438 3935 cxxiv
448 3905 480 3930 ι..
822 3878 915 3926 theatro
928 3873 1051 3938 equitibus
1068 3891 1130 3923 rum.
1148 3870 1324 3938 quatuordecim

301 3965 324 4012 3.
336 3965 362 4012 Si
376 3964 523 4030 nosmetipsi.
543 3965 568 4011 Si
580 3979 633 4026 noe,
644 3964 686 4026 qui
699 3963 776 4026 impe-
820 3955 908 4022 gradus
920 3955 1035 4020 proximi,
1045 3953 1171 4019 spectandi
1184 3967 1270 4011 eausa,
1284 3948 1322 3998 d·-

266 4041 346 4092 dimur
359 4045 478 4107 negotiis,
492 4059 542 4107 quo
554 4042 635 4104 minna
649 4042 723 4090 ullam
734 4041 776 4089 de·
819 4046 911 4084 rentur.
