<?xml version="1.0" encoding="UTF-8"?>
<!DOCTYPE html PUBLIC "-//W3C//DTD XHTML 1.0 Transitional//EN"
    "http://www.w3.org/TR/xhtml1/DTD/xhtml1-transitional.dtd">
<html xmlns="http://www.w3.org/1999/xhtml" xml:lang="en" lang="en">
 <head>
  <title>
</title>
<meta http-equiv="Content-Type" content="text/html;charset=utf-8" />
  <meta name='ocr-system' content='tesseract 3.04.00' />
  <meta name='ocr-capabilities' content='ocr_page ocr_carea ocr_par ocr_line ocrx_word'/>
</head>
<body>
  <div class='ocr_page' id='page_1' title='image "./mtciceronisquae00lemagoog_0328.png"; bbox 0 0 3020 4668; ppageno 0'>
   <div class='ocr_carea' id='block_1_1' title="bbox 418 345 1244 445">
    <p class='ocr_par' dir='ltr' id='par_1_1' title="bbox 418 345 1244 445">
     <span class='ocr_line' id='line_1_1' title="bbox 418 345 1244 445; baseline 0.006 -32"><span class='ocrx_word' id='word_1_1' title='bbox 418 347 487 414; x_wconf 80' lang='lat' dir='ltr'><strong>uu</strong></span> <span class='ocrx_word' id='word_1_2' title='bbox 510 347 647 416; x_wconf 78' lang='lat' dir='ltr'><strong>Lucu</strong></span> <span class='ocrx_word' id='word_1_3' title='bbox 671 349 927 432; x_wconf 70' lang='lat' dir='ltr'><strong>nouauit,</strong></span> <span class='ocrx_word' id='word_1_4' title='bbox 953 347 1006 415; x_wconf 91' lang='lat' dir='ltr'><strong>u.</strong></span> <span class='ocrx_word' id='word_1_5' title='bbox 1173 345 1244 445; x_wconf 75' lang='lat'><strong>319</strong></span> 
     </span>
    </p>
   </div>
   <div class='ocr_carea' id='block_1_2' title="bbox 171 465 1244 1997">
    <p class='ocr_par' dir='ltr' id='par_1_2' title="bbox 171 465 1244 1997">
     <span class='ocr_line' id='line_1_2' title="bbox 171 465 1240 565; baseline 0.005 -28"><span class='ocrx_word' id='word_1_6' title='bbox 171 468 368 564; x_wconf 85' lang='lat' dir='ltr'><strong>ignoratis,</strong></span> <span class='ocrx_word' id='word_1_7' title='bbox 384 491 460 537; x_wconf 91' lang='lat' dir='ltr'><strong>non</strong></span> <span class='ocrx_word' id='word_1_8' title='bbox 476 481 517 537; x_wconf 93' lang='lat' dir='ltr'><strong>ut</strong></span> <span class='ocrx_word' id='word_1_9' title='bbox 535 468 725 564; x_wconf 85' lang='lat' dir='ltr'><strong>quaesitum</strong></span> <span class='ocrx_word' id='word_1_10' title='bbox 743 478 784 555; x_wconf 87' lang='lat'><strong>¹⁰,</strong></span> <span class='ocrx_word' id='word_1_11' title='bbox 803 465 866 538; x_wconf 89' lang='lat' dir='ltr'><strong>sed</strong></span> <span class='ocrx_word' id='word_1_12' title='bbox 878 467 949 537; x_wconf 86' lang='lat' dir='ltr'><strong>vita</strong></span> <span class='ocrx_word' id='word_1_13' title='bbox 968 481 1110 565; x_wconf 89' lang='lat' dir='ltr'><strong>partum</strong></span> <span class='ocrx_word' id='word_1_14' title='bbox 1125 469 1240 542; x_wconf 87' lang='lat' dir='ltr'><strong>otium</strong></span> 
     </span>
     <span class='ocr_line' id='line_1_3' title="bbox 173 575 1242 674; baseline 0.005 -27"><span class='ocrx_word' id='word_1_15' title='bbox 173 577 373 648; x_wconf 90' lang='lat' dir='ltr'><strong>tenueritis.</strong></span> <span class='ocrx_word' id='word_1_16' title='bbox 391 575 500 668; x_wconf 88' lang='lat' dir='ltr'><strong>Quod</strong></span> <span class='ocrx_word' id='word_1_17' title='bbox 516 601 582 674; x_wconf 84' lang='lat' dir='ltr'><strong>ego</strong></span> <span class='ocrx_word' id='word_1_18' title='bbox 600 592 636 648; x_wconf 88' lang='lat' dir='ltr'><strong>et</strong></span> <span class='ocrx_word' id='word_1_19' title='bbox 650 577 860 664; x_wconf 87' lang='lat' dir='ltr'><strong>concordia,</strong></span> <span class='ocrx_word' id='word_1_20' title='bbox 878 601 988 674; x_wconf 86' lang='lat' dir='ltr'><strong>quam</strong></span> <span class='ocrx_word' id='word_1_21' title='bbox 1003 577 1093 650; x_wconf 89' lang='lat' dir='ltr'><strong>mibi</strong></span> <span class='ocrx_word' id='word_1_22' title='bbox 1108 581 1242 652; x_wconf 90' lang='lat' dir='ltr'><strong>consti·</strong></span> 
     </span>
     <span class='ocr_line' id='line_1_4' title="bbox 172 687 1243 787; baseline 0.003 -30"><span class='ocrx_word' id='word_1_23' title='bbox 172 689 231 758; x_wconf 91' lang='lat' dir='ltr'><strong>tui</strong></span> <span class='ocrx_word' id='word_1_24' title='bbox 255 711 338 758; x_wconf 91' lang='lat' dir='ltr'><strong>cum</strong></span> <span class='ocrx_word' id='word_1_25' title='bbox 366 688 501 785; x_wconf 82' lang='lat' dir='ltr'>collega</span> <span class='ocrx_word' id='word_1_26' title='bbox 516 697 558 776; x_wconf 86' lang='lat'><strong>¹¹,</strong></span> <span class='ocrx_word' id='word_1_27' title='bbox 587 689 805 760; x_wconf 80' lang='lat' dir='ltr'><strong>invitissimis</strong></span> <span class='ocrx_word' id='word_1_28' title='bbox 828 688 871 757; x_wconf 89' lang='lat' dir='ltr'><strong>iis</strong></span> <span class='ocrx_word' id='word_1_29' title='bbox 895 687 1126 776; x_wconf 83' lang='lat' dir='ltr'><strong>hominibus,</strong></span> <span class='ocrx_word' id='word_1_30' title='bbox 1149 715 1243 787; x_wconf 89' lang='lat' dir='ltr'><strong>quos</strong></span> 
     </span>
     <span class='ocr_line' id='line_1_5' title="bbox 173 796 1244 896; baseline 0.004 -30"><span class='ocrx_word' id='word_1_31' title='bbox 173 799 214 867; x_wconf 92' lang='lat' dir='ltr'><strong>in</strong></span> <span class='ocrx_word' id='word_1_32' title='bbox 234 796 423 868; x_wconf 88' lang='lat' dir='ltr'>consulatu</span> <span class='ocrx_word' id='word_1_33' title='bbox 436 799 599 869; x_wconf 88' lang='lat' dir='ltr'><strong>inimicos</strong></span> <span class='ocrx_word' id='word_1_34' title='bbox 616 823 693 870; x_wconf 90' lang='lat' dir='ltr'><strong>esse</strong></span> <span class='ocrx_word' id='word_1_35' title='bbox 711 812 747 868; x_wconf 87' lang='lat' dir='ltr'><strong>ct</strong></span> <span class='ocrx_word' id='word_1_36' title='bbox 762 797 906 885; x_wconf 86' lang='lat' dir='ltr'><strong>animis,</strong></span> <span class='ocrx_word' id='word_1_37' title='bbox 925 811 962 867; x_wconf 89' lang='lat' dir='ltr'><strong>et</strong></span> <span class='ocrx_word' id='word_1_38' title='bbox 979 801 1142 896; x_wconf 90' lang='lat' dir='ltr'><strong>corporis</strong></span> <span class='ocrx_word' id='word_1_39' title='bbox 1159 801 1244 870; x_wconf 87' lang='lat' dir='ltr'><strong>acti·</strong></span> 
     </span>
     <span class='ocr_line' id='line_1_6' title="bbox 172 892 1242 1006; baseline 0 -28"><span class='ocrx_word' id='word_1_40' title='bbox 172 905 264 996; x_wconf 90' lang='lat' dir='ltr'><strong>bus,</strong></span> <span class='ocrx_word' id='word_1_41' title='bbox 280 909 419 1006; x_wconf 88' lang='lat' dir='ltr'><strong>providi</strong></span> <span class='ocrx_word' id='word_1_42' title='bbox 436 919 487 997; x_wconf 81' lang='lat'><strong>¹²3</strong></span> <span class='ocrx_word' id='word_1_43' title='bbox 507 907 676 980; x_wconf 88' lang='lat' dir='ltr'><strong>omnibus</strong></span> <span class='ocrx_word' id='word_1_44' title='bbox 690 909 861 1006; x_wconf 83' lang='lat' dir='ltr'><strong>prospexi</strong></span> <span class='ocrx_word' id='word_1_45' title='bbox 881 892 984 996; x_wconf 83' lang='lat' dir='ltr'><strong>sane,</strong></span> <span class='ocrx_word' id='word_1_46' title='bbox 1004 923 1040 980; x_wconf 91' lang='lat' dir='ltr'><strong>et</strong></span> <span class='ocrx_word' id='word_1_47' title='bbox 1053 911 1242 980; x_wconf 85' lang='lat' dir='ltr'><strong>revocavi:</strong></span> 
     </span>
     <span class='ocr_line' id='line_1_7' title="bbox 174 1015 1243 1117; baseline 0.003 -30"><span class='ocrx_word' id='word_1_48' title='bbox 174 1017 274 1088; x_wconf 89' lang='lat' dir='ltr'><strong>idem</strong></span> <span class='ocrx_word' id='word_1_49' title='bbox 296 1017 449 1090; x_wconf 88' lang='lat' dir='ltr'><strong>tribunis</strong></span> <span class='ocrx_word' id='word_1_50' title='bbox 470 1016 587 1117; x_wconf 86' lang='lat' dir='ltr'><strong>plebis</strong></span> <span class='ocrx_word' id='word_1_51' title='bbox 606 1019 831 1106; x_wconf 84' lang='lat' dir='ltr'><strong>denuntiavi,</strong></span> <span class='ocrx_word' id='word_1_52' title='bbox 849 1015 938 1116; x_wconf 91' lang='lat' dir='ltr'><strong>quid</strong></span> <span class='ocrx_word' id='word_1_53' title='bbox 951 1016 1166 1105; x_wconf 89' lang='lat' dir='ltr'><strong>turbulenti,</strong></span> <span class='ocrx_word' id='word_1_54' title='bbox 1183 1042 1243 1090; x_wconf 91' lang='lat' dir='ltr'><strong>me</strong></span> 
     </span>
     <span class='ocr_line' id='line_1_8' title="bbox 174 1125 1244 1230; baseline -0.001 -33"><span class='ocrx_word' id='word_1_55' title='bbox 174 1128 346 1214; x_wconf 87' lang='lat' dir='ltr'><strong>consule,</strong></span> <span class='ocrx_word' id='word_1_56' title='bbox 375 1126 574 1201; x_wconf 87' lang='lat' dir='ltr'><strong>conflarent</strong></span> <span class='ocrx_word' id='word_1_57' title='bbox 589 1126 631 1198; x_wconf 81' lang='lat'><strong>¹³.</strong></span> <span class='ocrx_word' id='word_1_58' title='bbox 658 1133 845 1200; x_wconf 86' lang='lat' dir='ltr'><strong>Summum</strong></span> <span class='ocrx_word' id='word_1_59' title='bbox 869 1141 905 1199; x_wconf 89' lang='lat' dir='ltr'><strong>et</strong></span> <span class='ocrx_word' id='word_1_60' title='bbox 925 1125 1171 1202; x_wconf 86' lang='lat' dir='ltr'><strong>firmissimum</strong></span> <span class='ocrx_word' id='word_1_61' title='bbox 1189 1141 1244 1230; x_wconf 82' lang='lat' dir='ltr'><strong>est</strong></span> 
     </span>
     <span class='ocr_line' id='line_1_9' title="bbox 172 1236 1244 1336; baseline 0.002 -30"><span class='ocrx_word' id='word_1_62' title='bbox 172 1237 268 1307; x_wconf 86' lang='lat' dir='ltr'><strong>illud</strong></span> <span class='ocrx_word' id='word_1_63' title='bbox 287 1237 544 1310; x_wconf 88' lang='lat' dir='ltr'><strong>communibus</strong></span> <span class='ocrx_word' id='word_1_64' title='bbox 566 1236 721 1310; x_wconf 86' lang='lat' dir='ltr'><strong>fortunis</strong></span> <span class='ocrx_word' id='word_1_65' title='bbox 742 1237 967 1336; x_wconf 87' lang='lat' dir='ltr'><strong>praesidium,</strong></span> <span class='ocrx_word' id='word_1_66' title='bbox 986 1240 1163 1327; x_wconf 87' lang='lat' dir='ltr'><strong>Quirites,</strong></span> <span class='ocrx_word' id='word_1_67' title='bbox 1182 1252 1244 1324; x_wconf 86' lang='lat' dir='ltr'><strong>ut,</strong></span> 
     </span>
     <span class='ocr_line' id='line_1_10' title="bbox 173 1346 1244 1445; baseline 0 -28"><span class='ocrx_word' id='word_1_68' title='bbox 173 1346 301 1444; x_wconf 85' lang='lat' dir='ltr'><strong>quales</strong></span> <span class='ocrx_word' id='word_1_69' title='bbox 324 1373 389 1420; x_wconf 89' lang='lat' dir='ltr'><strong>vos</strong></span> <span class='ocrx_word' id='word_1_70' title='bbox 409 1349 587 1420; x_wconf 88' lang='lat' dir='ltr'><strong>hodierno</strong></span> <span class='ocrx_word' id='word_1_71' title='bbox 610 1348 667 1420; x_wconf 93' lang='lat' dir='ltr'><strong>die</strong></span> <span class='ocrx_word' id='word_1_72' title='bbox 690 1352 844 1419; x_wconf 85' lang='lat' dir='ltr'><strong>maxima</strong></span> <span class='ocrx_word' id='word_1_73' title='bbox 864 1349 1042 1419; x_wconf 88' lang='lat' dir='ltr'><strong>concione</strong></span> <span class='ocrx_word' id='word_1_74' title='bbox 1065 1347 1154 1418; x_wconf 91' lang='lat' dir='ltr'><strong>mihi</strong></span> <span class='ocrx_word' id='word_1_75' title='bbox 1176 1371 1244 1445; x_wconf 93' lang='lat' dir='ltr'><strong>pro</strong></span> 
     </span>
     <span class='ocr_line' id='line_1_11' title="bbox 173 1456 1244 1557; baseline -0.001 -30"><span class='ocrx_word' id='word_1_76' title='bbox 173 1457 292 1529; x_wconf 85' lang='lat' dir='ltr'><strong>salute</strong></span> <span class='ocrx_word' id='word_1_77' title='bbox 305 1474 421 1530; x_wconf 90' lang='lat' dir='ltr'><strong>vestra</strong></span> <span class='ocrx_word' id='word_1_78' title='bbox 435 1458 656 1557; x_wconf 79' lang='lat' dir='ltr'><strong>praebuistis,</strong></span> <span class='ocrx_word' id='word_1_79' title='bbox 670 1459 757 1530; x_wconf 86' lang='lat' dir='ltr'><strong>tales</strong></span> <span class='ocrx_word' id='word_1_80' title='bbox 772 1460 920 1555; x_wconf 89' lang='lat' dir='ltr'><strong>reliquis</strong></span> <span class='ocrx_word' id='word_1_81' title='bbox 934 1456 1160 1554; x_wconf 85' lang='lat' dir='ltr'><strong>temporibus</strong></span> <span class='ocrx_word' id='word_1_82' title='bbox 1173 1456 1244 1527; x_wconf 90' lang='lat' dir='ltr'><strong>rei·</strong></span> 
     </span>
     <span class='ocr_line' id='line_1_12' title="bbox 172 1564 1243 1668; baseline 0 -31"><span class='ocrx_word' id='word_1_83' title='bbox 172 1568 332 1665; x_wconf 77' lang='lat' dir='ltr'><strong>publicae</strong></span> <span class='ocrx_word' id='word_1_84' title='bbox 349 1567 547 1668; x_wconf 84' lang='lat' dir='ltr'><strong>praebeatis.</strong></span> <span class='ocrx_word' id='word_1_85' title='bbox 569 1573 639 1640; x_wconf 91' lang='lat' dir='ltr'><strong>Pro</strong></span> <span class='ocrx_word' id='word_1_86' title='bbox 656 1583 755 1641; x_wconf 92' lang='lat' dir='ltr'><strong>certo</strong></span> <span class='ocrx_word' id='word_1_87' title='bbox 775 1567 949 1666; x_wconf 88' lang='lat' dir='ltr'><strong>polliceor</strong></span> <span class='ocrx_word' id='word_1_88' title='bbox 965 1564 1036 1637; x_wconf 91' lang='lat' dir='ltr'><strong>hoc</strong></span> <span class='ocrx_word' id='word_1_89' title='bbox 1051 1565 1173 1654; x_wconf 91' lang='lat' dir='ltr'><strong>vobis,</strong></span> <span class='ocrx_word' id='word_1_90' title='bbox 1192 1581 1243 1637; x_wconf 91' lang='lat' dir='ltr'><strong>at·</strong></span> 
     </span>
     <span class='ocr_line' id='line_1_13' title="bbox 172 1675 1242 1777; baseline -0.001 -30"><span class='ocrx_word' id='word_1_91' title='bbox 172 1701 251 1774; x_wconf 91' lang='lat' dir='ltr'><strong>que</strong></span> <span class='ocrx_word' id='word_1_92' title='bbox 263 1677 458 1767; x_wconf 88' lang='lat' dir='ltr'><strong>confirm0,</strong></span> <span class='ocrx_word' id='word_1_93' title='bbox 472 1703 531 1749; x_wconf 90' lang='lat' dir='ltr'><strong>me</strong></span> <span class='ocrx_word' id='word_1_94' title='bbox 544 1703 619 1750; x_wconf 89' lang='lat' dir='ltr'><strong>csse</strong></span> <span class='ocrx_word' id='word_1_95' title='bbox 632 1677 898 1777; x_wconf 87' lang='lat' dir='ltr'><strong>perfecturum,</strong></span> <span class='ocrx_word' id='word_1_96' title='bbox 912 1691 953 1748; x_wconf 88' lang='lat' dir='ltr'><strong>ut</strong></span> <span class='ocrx_word' id='word_1_97' title='bbox 965 1675 1039 1772; x_wconf 88' lang='lat' dir='ltr'><strong>jam</strong></span> <span class='ocrx_word' id='word_1_98' title='bbox 1052 1677 1085 1727; x_wconf 66' lang='lat'><strong>¹⁴</strong></span> <span class='ocrx_word' id='word_1_99' title='bbox 1096 1675 1242 1747; x_wconf 83' lang='lat' dir='ltr'><strong>tandem</strong></span> 
     </span>
     <span class='ocr_line' id='line_1_14' title="bbox 173 1785 1243 1884; baseline 0.003 -29"><span class='ocrx_word' id='word_1_100' title='bbox 173 1785 245 1875; x_wconf 84' lang='lat' dir='ltr'><strong>ilii,</strong></span> <span class='ocrx_word' id='word_1_101' title='bbox 266 1789 330 1884; x_wconf 92' lang='lat' dir='ltr'><strong>qui</strong></span> <span class='ocrx_word' id='word_1_102' title='bbox 346 1787 479 1859; x_wconf 92' lang='lat' dir='ltr'><strong>honori</strong></span> <span class='ocrx_word' id='word_1_103' title='bbox 495 1787 703 1859; x_wconf 88' lang='lat' dir='ltr'><strong>inviderunt</strong></span> <span class='ocrx_word' id='word_1_104' title='bbox 717 1813 816 1876; x_wconf 92' lang='lat' dir='ltr'><strong>meo,</strong></span> <span class='ocrx_word' id='word_1_105' title='bbox 835 1802 955 1858; x_wconf 91' lang='lat' dir='ltr'><strong>tamen</strong></span> <span class='ocrx_word' id='word_1_106' title='bbox 973 1811 1037 1858; x_wconf 89' lang='lat' dir='ltr'><strong>vos</strong></span> <span class='ocrx_word' id='word_1_107' title='bbox 1056 1787 1243 1858; x_wconf 89' lang='lat' dir='ltr'><strong>universos</strong></span> 
     </span>
     <span class='ocr_line' id='line_1_15' title="bbox 172 1893 1156 1997; baseline 0 -31"><span class='ocrx_word' id='word_1_108' title='bbox 172 1899 216 1966; x_wconf 92' lang='lat' dir='ltr'><strong>in</strong></span> <span class='ocrx_word' id='word_1_109' title='bbox 235 1898 383 1968; x_wconf 89' lang='lat' dir='ltr'><strong>consule</strong></span> <span class='ocrx_word' id='word_1_110' title='bbox 401 1897 591 1996; x_wconf 81' lang='lat' dir='ltr'><strong>deligendo</strong></span> <span class='ocrx_word' id='word_1_111' title='bbox 607 1897 805 1997; x_wconf 82' lang='lat' dir='ltr'><strong>plurimum</strong></span> <span class='ocrx_word' id='word_1_112' title='bbox 821 1897 950 1968; x_wconf 88' lang='lat' dir='ltr'><strong>vidisse</strong></span> <span class='ocrx_word' id='word_1_113' title='bbox 967 1893 1156 1968; x_wconf 82' lang='lat' dir='ltr'><strong>fateantur.</strong></span> 
     </span>
    </p>
   </div>
   <div class='ocr_carea' id='block_1_3' title="bbox 173 2084 1245 2706">
    <p class='ocr_par' dir='ltr' id='par_1_3' title="bbox 173 2084 1245 2706">
     <span class='ocr_line' id='line_1_16' title="bbox 216 2084 1245 2153; baseline -0.001 -19"><span class='ocrx_word' id='word_1_114' title='bbox 216 2101 257 2136; x_wconf 86' lang='lat' dir='ltr'><strong>ro.</strong></span> <span class='ocrx_word' id='word_1_115' title='bbox 268 2087 387 2136; x_wconf 81' lang='lat' dir='ltr'><strong>Mcndosa</strong></span> <span class='ocrx_word' id='word_1_116' title='bbox 399 2098 424 2135; x_wconf 85' lang='lat' dir='ltr'><strong>ct</strong></span> <span class='ocrx_word' id='word_1_117' title='bbox 434 2086 559 2153; x_wconf 79' lang='lat' dir='ltr'><strong>desperata</strong></span> <span class='ocrx_word' id='word_1_118' title='bbox 570 2087 653 2149; x_wconf 82' lang='lat' dir='ltr'><strong>lectio,</strong></span> <span class='ocrx_word' id='word_1_119' title='bbox 662 2099 691 2136; x_wconf 84' lang='lat' dir='ltr'><strong>ut</strong></span> <span class='ocrx_word' id='word_1_120' title='bbox 735 2087 846 2136; x_wconf 85' lang='lat' dir='ltr'><strong>nuntiavi</strong></span> <span class='ocrx_word' id='word_1_121' title='bbox 857 2086 918 2152; x_wconf 88' lang='lat' dir='ltr'><strong>quid</strong></span> <span class='ocrx_word' id='word_1_122' title='bbox 931 2084 1040 2134; x_wconf 78' lang='lat' dir='ltr'><strong>seditiosi</strong></span> <span class='ocrx_word' id='word_1_123' title='bbox 1051 2086 1162 2134; x_wconf 76' lang='lat' dir='ltr'><strong>homines</strong></span> <span class='ocrx_word' id='word_1_124' title='bbox 1174 2086 1245 2133; x_wconf 89' lang='lat' dir='ltr'><strong>moli-</strong></span> 
     </span>
     <span class='ocr_line' id='line_1_17' title="bbox 173 2165 1226 2234; baseline 0.002 -22"><span class='ocrx_word' id='word_1_125' title='bbox 173 2165 460 2230; x_wconf 78' lang='lat' dir='ltr'><strong>pluraexscqucutibur.</strong></span> <span class='ocrx_word' id='word_1_126' title='bbox 474 2169 499 2214; x_wconf 86' lang='lat' dir='ltr'><strong>J.</strong></span> <span class='ocrx_word' id='word_1_127' title='bbox 508 2168 541 2215; x_wconf 86' lang='lat' dir='ltr'><strong>V.</strong></span> <span class='ocrx_word' id='word_1_128' title='bbox 557 2167 582 2213; x_wconf 81' lang='lat'><strong>1.</strong></span> <span class='ocrx_word' id='word_1_129' title='bbox 622 2191 623 2196; x_wconf 62' lang='lat'>=</span> <span class='ocrx_word' id='word_1_130' title='bbox 734 2179 825 2216; x_wconf 82' lang='lat' dir='ltr'><strong>rentur.</strong></span> <span class='ocrx_word' id='word_1_131' title='bbox 1222 2225 1226 2234; x_wconf 32' lang='lat'><strong>¹</strong></span> 
     </span>
     <span class='ocr_line' id='line_1_18' title="bbox 217 2242 1244 2310; baseline -0.002 -18"><span class='ocrx_word' id='word_1_132' title='bbox 217 2259 257 2292; x_wconf 77' lang='grc' dir='ltr'><strong>ιι.</strong></span> <span class='ocrx_word' id='word_1_133' title='bbox 269 2245 376 2309; x_wconf 75' lang='lat' dir='ltr'><strong>Collega.</strong></span> <span class='ocrx_word' id='word_1_134' title='bbox 389 2245 514 2306; x_wconf 79' lang='lat' dir='ltr'><strong>Antonio,</strong></span> <span class='ocrx_word' id='word_1_135' title='bbox 524 2246 566 2310; x_wconf 85' lang='lat' dir='ltr'><strong>qui</strong></span> <span class='ocrx_word' id='word_1_136' title='bbox 576 2245 688 2310; x_wconf 78' lang='lat' dir='ltr'><strong>Hybrida</strong></span> <span class='ocrx_word' id='word_1_137' title='bbox 774 2255 814 2302; x_wconf 79' lang='lat'><strong>¹4·</strong></span> <span class='ocrx_word' id='word_1_138' title='bbox 830 2247 862 2292; x_wconf 82' lang='lat' dir='ltr'><strong>Ut</strong></span> <span class='ocrx_word' id='word_1_139' title='bbox 868 2244 925 2310; x_wconf 82' lang='lat' dir='ltr'><strong>jam</strong></span> <span class='ocrx_word' id='word_1_140' title='bbox 938 2243 1043 2292; x_wconf 82' lang='lat' dir='ltr'><strong>taudem.</strong></span> <span class='ocrx_word' id='word_1_141' title='bbox 1058 2244 1092 2291; x_wconf 89' lang='lat' dir='ltr'><strong>Ut</strong></span> <span class='ocrx_word' id='word_1_142' title='bbox 1105 2243 1142 2292; x_wconf 86' lang='lat' dir='ltr'><strong>illi</strong></span> <span class='ocrx_word' id='word_1_143' title='bbox 1152 2242 1195 2307; x_wconf 86' lang='lat' dir='ltr'><strong>qni</strong></span> <span class='ocrx_word' id='word_1_144' title='bbox 1205 2259 1244 2290; x_wconf 82' lang='lat' dir='ltr'><strong>ma</strong></span> 
     </span>
     <span class='ocr_line' id='line_1_19' title="bbox 174 2313 1243 2388; baseline -0.001 -18"><span class='ocrx_word' id='word_1_145' title='bbox 174 2313 323 2382; x_wconf 76' lang='lat' dir='ltr'><strong>dicebatur,</strong></span> <span class='ocrx_word' id='word_1_146' title='bbox 342 2323 385 2387; x_wconf 90' lang='lat' dir='ltr'><strong>qui</strong></span> <span class='ocrx_word' id='word_1_147' title='bbox 398 2324 450 2388; x_wconf 76' lang='lat' dir='ltr'><strong>ipsc</strong></span> <span class='ocrx_word' id='word_1_148' title='bbox 467 2323 559 2372; x_wconf 74' lang='lat' dir='ltr'><strong>alicnus</strong></span> <span class='ocrx_word' id='word_1_149' title='bbox 574 2341 625 2373; x_wconf 89' lang='lat' dir='ltr'><strong>non</strong></span> <span class='ocrx_word' id='word_1_150' title='bbox 638 2336 689 2374; x_wconf 82' lang='lat' dir='ltr'><strong>erat</strong></span> <span class='ocrx_word' id='word_1_151' title='bbox 731 2326 953 2388; x_wconf 68' lang='lat' dir='ltr'><strong>hominepnnorum</strong></span> <span class='ocrx_word' id='word_1_152' title='bbox 959 2325 1108 2372; x_wconf 82' lang='lat' dir='ltr'><strong>bocbonore</strong></span> <span class='ocrx_word' id='word_1_153' title='bbox 1117 2323 1243 2387; x_wconf 73' lang='lat' dir='ltr'><strong>indignum</strong></span> 
     </span>
     <span class='ocr_line' id='line_1_20' title="bbox 173 2400 1243 2467; baseline -0.001 -18"><span class='ocrx_word' id='word_1_154' title='bbox 173 2400 209 2449; x_wconf 80' lang='lat' dir='ltr'><strong>ab</strong></span> <span class='ocrx_word' id='word_1_155' title='bbox 217 2401 248 2448; x_wconf 78' lang='lat' dir='ltr'><strong>iia</strong></span> <span class='ocrx_word' id='word_1_156' title='bbox 256 2401 299 2466; x_wconf 87' lang='lat' dir='ltr'><strong>qui</strong></span> <span class='ocrx_word' id='word_1_157' title='bbox 309 2401 381 2450; x_wconf 80' lang='lat' dir='ltr'><strong>rebus</strong></span> <span class='ocrx_word' id='word_1_158' title='bbox 390 2403 461 2449; x_wconf 81' lang='lat' dir='ltr'><strong>noris</strong></span> <span class='ocrx_word' id='word_1_159' title='bbox 470 2402 608 2454; x_wconf 80' lang='lat' dir='ltr'><strong>studebant.</strong></span> <span class='ocrx_word' id='word_1_160' title='bbox 732 2415 891 2462; x_wconf 75' lang='lat' dir='ltr'><strong>censuerunt,</strong></span> <span class='ocrx_word' id='word_1_161' title='bbox 905 2404 979 2451; x_wconf 86' lang='lat' dir='ltr'><strong>iidem</strong></span> <span class='ocrx_word' id='word_1_162' title='bbox 988 2419 1050 2467; x_wconf 87' lang='lat' dir='ltr'><strong>pop.</strong></span> <span class='ocrx_word' id='word_1_163' title='bbox 1059 2401 1243 2463; x_wconf 84' lang='lat' dir='ltr'><strong>rom.judicium</strong></span> 
     </span>
     <span class='ocr_line' id='line_1_21' title="bbox 217 2476 1242 2547; baseline 0.002 -21"><span class='ocrx_word' id='word_1_164' title='bbox 217 2495 257 2530; x_wconf 84' lang='lat' dir='ltr'><strong>ra.</strong></span> <span class='ocrx_word' id='word_1_165' title='bbox 268 2481 375 2530; x_wconf 83' lang='lat' dir='ltr'><strong>Providi.</strong></span> <span class='ocrx_word' id='word_1_166' title='bbox 386 2481 424 2530; x_wconf 82' lang='lat' dir='ltr'><strong>Ne</strong></span> <span class='ocrx_word' id='word_1_167' title='bbox 432 2481 480 2529; x_wconf 86' lang='lat' dir='ltr'><strong>hoc</strong></span> <span class='ocrx_word' id='word_1_168' title='bbox 490 2483 567 2530; x_wconf 86' lang='lat' dir='ltr'><strong>otium</strong></span> <span class='ocrx_word' id='word_1_169' title='bbox 582 2493 688 2530; x_wconf 82' lang='lat' dir='ltr'><strong>restrum</strong></span> <span class='ocrx_word' id='word_1_170' title='bbox 731 2476 836 2531; x_wconf 77' lang='lat' dir='ltr'><strong>maiime</strong></span> <span class='ocrx_word' id='word_1_171' title='bbox 846 2483 1017 2547; x_wconf 81' lang='lat' dir='ltr'><strong>comprobent,</strong></span> <span class='ocrx_word' id='word_1_172' title='bbox 1023 2499 1099 2547; x_wconf 87' lang='lat' dir='ltr'><strong>quum</strong></span> <span class='ocrx_word' id='word_1_173' title='bbox 1109 2480 1242 2529; x_wconf 78' lang='lat' dir='ltr'><strong>incredibi-</strong></span> 
     </span>
     <span class='ocr_line' id='line_1_22' title="bbox 175 2557 1242 2626; baseline 0.002 -20"><span class='ocrx_word' id='word_1_174' title='bbox 175 2557 249 2606; x_wconf 79' lang='lat' dir='ltr'><strong>vobic</strong></span> <span class='ocrx_word' id='word_1_175' title='bbox 260 2560 415 2610; x_wconf 80' lang='lat' dir='ltr'><strong>adimeretur.</strong></span> <span class='ocrx_word' id='word_1_176' title='bbox 498 2597 499 2602; x_wconf 62' lang='lat'><strong>,</strong></span> <span class='ocrx_word' id='word_1_177' title='bbox 731 2561 779 2610; x_wconf 78' lang='lat' dir='ltr'><strong>lem</strong></span> <span class='ocrx_word' id='word_1_178' title='bbox 787 2563 839 2622; x_wconf 83' lang='lat' dir='ltr'><strong>ejus</strong></span> <span class='ocrx_word' id='word_1_179' title='bbox 849 2561 974 2611; x_wconf 77' lang='lat' dir='ltr'><strong>intuenda</strong></span> <span class='ocrx_word' id='word_1_180' title='bbox 987 2561 1074 2626; x_wconf 77' lang='lat' dir='ltr'><strong>repub.</strong></span> <span class='ocrx_word' id='word_1_181' title='bbox 1094 2559 1242 2625; x_wconf 70' lang='lat' dir='ltr'><strong>diligentiam</strong></span> 
     </span>
     <span class='ocr_line' id='line_1_23' title="bbox 217 2637 910 2706; baseline 0.004 -21"><span class='ocrx_word' id='word_1_182' title='bbox 217 2639 256 2685; x_wconf 74' lang='lat'><strong>13.</strong></span> <span class='ocrx_word' id='word_1_183' title='bbox 270 2637 417 2705; x_wconf 71' lang='lat' dir='ltr'><strong>Corfini-eut.</strong></span> <span class='ocrx_word' id='word_1_184' title='bbox 434 2639 550 2687; x_wconf 81' lang='lat' dir='ltr'><strong>Tribunis</strong></span> <span class='ocrx_word' id='word_1_185' title='bbox 572 2639 606 2704; x_wconf 84' lang='lat' dir='ltr'><strong>pl.</strong></span> <span class='ocrx_word' id='word_1_186' title='bbox 627 2656 690 2704; x_wconf 83' lang='lat' dir='ltr'><strong>prac-</strong></span> <span class='ocrx_word' id='word_1_187' title='bbox 733 2640 910 2706; x_wconf 79' lang='lat' dir='ltr'><strong>perspexerint.</strong></span> 
     </span>
    </p>
   </div>
   <div class='ocr_carea' id='block_1_4' title="bbox 0 0 1514 4668">
    <p class='ocr_par' dir='ltr' id='par_1_4' title="bbox 0 0 1514 4668">
     <span class='ocr_line' id='line_1_24' title="bbox 0 0 1514 4668; baseline 0 0"><span class='ocrx_word' id='word_1_188' title='bbox 0 0 1514 4668; x_wconf 95' lang='lat' dir='ltr'><strong> </strong></span> 
     </span>
    </p>
   </div>
  </div>
 </body>
</html>
