3020 4668
234 329 306 418 346
623 330 913 402 PRAEFATIO.

230 453 268 512 ad
284 453 362 512 illius
382 452 577 531 prestantium
594 470 654 510 non
672 450 823 510 accedunt.
844 456 947 530 Neque
969 464 1064 509 minen
1083 449 1156 508 illud
1178 469 1310 509 asserere

229 551 337 623 ausim,
357 549 467 608 librum
484 548 624 608 incolumi
642 569 674 608 re
684 568 804 608 romana
814 548 956 628 scriptum
967 547 1130 606 Petrarchae
1143 560 1196 606 aut
1208 549 1308 627 Poggii

229 661 315 708 aetate
329 647 425 708 adbuc
439 647 582 707 exstitisse
599 669 606 704 ε
628 665 717 726 quum
732 647 793 706 fieri
806 645 954 726 potuerit,
970 658 1005 704 nt
1017 645 1106 704 alium
1120 645 1236 724 sequuti
1250 645 1309 704 sint

228 745 357 821 librarii,
375 764 395 803 v
408 745 454 804 vel
467 765 498 803 vr
509 743 622 803 saeculis
633 757 718 802 antea
731 765 768 802 ex
781 743 924 822 ejusmodi
943 742 1020 802 libro
1038 743 1263 821 transcriptum,
1276 743 1307 801 in

229 862 289 920 quo
303 843 353 901 illa
365 842 402 902 de
413 842 534 902 exsectis
547 841 623 902 loliis
639 841 792 900 adnotatio
803 853 939 900 exstaret.
953 845 1028 900 Nam
1042 839 1227 900 Florentinus
1238 841 1308 918 qui-

228 939 297 1000 dem
310 939 452 999 Varronis
468 939 506 998 de
524 940 637 1017 Lingua
650 939 755 998 Latina
768 937 912 998 librorum
927 937 1036 1011 codex,
1057 949 1222 998 ceterorum
1241 956 1306 995 om-

229 1039 311 1097 nimn
330 1037 395 1096 lons
410 1050 439 1096 et
454 1057 577 1117 parens,
597 1038 697 1096 seculo
721 1057 753 1095 tx
770 1038 817 1096 vel
842 1057 859 1096 x
877 1038 1004 1116 scriptus
1018 1050 1062 1095 est
1076 1057 1083 1092 :
1098 1048 1187 1113 atque
1203 1035 1234 1092 in
1256 1053 1305 1106 eo,

229 1134 408 1213 ubicumque
429 1136 541 1195 lacunae
561 1147 750 1213 comparent,
766 1134 936 1194 adnotatum
951 1147 995 1193 eat
1011 1134 1061 1192 «in
1074 1132 1209 1211 exemplo
1223 1131 1307 1210 pagi-

227 1251 295 1290 nam
309 1251 396 1290 unam
411 1231 549 1310 pluresve
564 1245 692 1292 exsectas
708 1232 825 1290 luisse».

269 1332 332 1387 Jam
342 1373 349 1400 ,
361 1348 453 1406 quum
463 1328 525 1388 baec
534 1329 629 1387 oratio
644 1329 674 1388 in
690 1329 791 1388 codice
804 1340 927 1407 parente
939 1347 1001 1386 earn
1012 1346 1077 1406 quae
1089 1345 1144 1406 pro
1158 1325 1305 1396 Q.Roscio

230 1439 290 1496 est,
303 1427 467 1505 praecedat,
482 1426 637 1486 dicendum
651 1427 722 1500 erit,
744 1440 796 1485 aut
812 1425 884 1485 nihil
898 1419 1061 1504 'sequutum
1083 1443 1145 1483 esse
1166 1443 1233 1482 eum
1254 1421 1306 1500 qui

229 1523 287 1581 hoc
300 1522 404 1582 ordine
419 1524 566 1583 orationes
579 1523 738 1602 disposuit,
763 1536 813 1582 aut
824 1536 903 1582 certe
914 1541 1009 1600 neque
1021 1540 1175 1580 causarum
1186 1539 1306 1597 genera,

229 1638 354 1698 quarum
369 1639 426 1678 una
440 1622 488 1679 vel
503 1623 626 1680 maxime
636 1619 767 1699 publica,
778 1623 869 1680 altera
883 1621 998 1699 privata
1009 1621 1128 1678 omnino
1138 1630 1197 1686 est,
1211 1636 1306 1694 neque

231 1731 377 1796 tempora,
393 1718 444 1796 qui
457 1721 619 1778 orationem
634 1719 671 1778 ab
683 1719 865 1778 adolescente
876 1718 981 1777 dietam
997 1729 1064 1798 post
1076 1737 1139 1775 eam
1151 1717 1307 1774 collocaret

228 1831 295 1892 quae
308 1814 338 1873 in
353 1815 506 1875 consulatu
517 1815 619 1875 habita
630 1829 682 1875 est.
698 1822 765 1890 Quo
782 1816 870 1894 magis
890 1829 986 1874 autern
1007 1833 1138 1893 repugno
1155 1833 1192 1871 ne
1208 1832 1307 1872 casum

228 1924 258 1970 et
272 1913 422 1972 fortuitam
438 1913 689 1991 perturbationem
705 1933 828 1992 regnare
842 1912 1016 1985 concedam,
1036 1909 1087 1970 ubi
1101 1910 1176 1968 ordo
1191 1922 1221 1968 et
1238 1929 1308 1968 con·

228 2009 352 2068 cionitas
375 2010 412 2069 ab
430 2009 564 2070 humanae
578 2011 683 2070 mentis
696 2011 795 2070 indole
813 2011 923 2090 requiri
947 2008 1101 2083 videatur,
1121 2027 1157 2067 eo
1172 2009 1308 2066 attentius

230 2107 359 2166 animum
375 2106 488 2166 adverti
509 2108 538 2165 in
558 2107 734 2192 membranis
744 2109 905 2180 Vaticanis,
923 2121 989 2187 post
1003 2107 1168 2186 explicitam
1181 2125 1236 2184 pro
1253 2109 1308 2164 Ra-

228 2202 322 2277 birio,
339 2205 469 2284 incipere
479 2205 641 2264 orationem
653 2226 708 2284 pro
721 2209 786 2266 Sex.
801 2206 924 2280 Roscio,
942 2209 1023 2285 prius
1034 2206 1119 2264 etiarn
1130 2223 1217 2283 quam
1231 2205 1308 2262 illam

226 2321 282 2380 pro
297 2307 332 2376 Q.
346 2301 486 2361 comoedo
502 2321 519 2360 a
534 2303 674 2361 Cicerone
689 2302 805 2362 dictam.
822 2305 897 2364 Hinc
909 2303 998 2382 igitur
1007 2299 1230 2374 concludebam,
1244 2321 1309 2360 ora·

227 2399 322 2456 tiones
338 2399 504 2471 Ciceronis,
515 2419 563 2458 eas
578 2413 656 2458 certe
668 2419 733 2478 quae
749 2419 809 2458 oon
821 2401 932 2478 majora
944 2419 998 2478 per
1012 2419 1043 2458 se
1059 2417 1185 2478 corpora
1196 2397 1308 2456 efficie-

228 2493 316 2568 bant,
339 2496 441 2572 quales
456 2509 524 2555 sunt
534 2499 665 2556 Verrinae
680 2510 709 2556 et
724 2496 912 2576 Philippicae,
924 2497 1082 2576 antiquitus
1099 2517 1136 2554 ex
1158 2495 1308 2554 literarum

229 2592 304 2650 serie
321 2591 478 2671 dispositas
499 2595 587 2654 luisse
601 2615 608 2652 :
630 2595 681 2673 qui
698 2594 772 2652 ordo
792 2595 823 2652 in
846 2593 967 2654 diversis
982 2591 1161 2652 editionibus
1178 2593 1309 2671 paullum

232 2687 399 2767 discrepare
413 2691 523 2769 potuit,
545 2692 585 2750 ita
596 2703 629 2750 ut
643 2694 673 2749 in
692 2711 751 2750 una
762 2689 880 2770 quidem
896 2691 990 2749 oratio
1004 2710 1059 2770 pro
1073 2695 1110 2763 Q.
1120 2690 1228 2750 Roscio
1241 2702 1309 2747 ante

233 2803 297 2845 eam
312 2807 367 2866 pro
382 2793 489 2864 Sexto,
505 2790 535 2848 in
551 2790 608 2850 alia
622 2811 693 2848 vero
707 2791 838 2848 Amerini
851 2789 981 2849 delensio
996 2803 1063 2848 ante
1076 2790 1239 2848 orationem
1253 2805 1309 2865 pro

231 2884 372 2944 Cornoedo
388 2886 591 2946 collocaretur.
611 2887 756 2946 Firmatur
768 2887 831 2945 haec
847 2887 1013 2965 conjectura
1024 2877 1070 2946 vel
1087 2887 1213 2945 maxime
1234 2903 1310 2942 con-

231 2982 360 3056 fusione,
379 2982 416 3042 de
430 3003 489 3062 qua
502 3004 591 3064 supra
604 2985 745 3063 loquutus
758 3005 838 3057 sum,
857 2985 978 3062 alicujus
991 2983 1084 3063 partis
1099 2981 1239 3042 orationis
1252 3001 1309 3060 pro

226 3079 331 3137 Flacco
344 3099 411 3138 cum
422 3083 582 3140 Fonteiano
594 3089 600 3137 ἔ
617 3080 811 3160 eumdemque
821 3079 956 3140 ordinem
969 3079 1085 3159 sequuti
1095 3091 1164 3139 sunt
1177 3080 1207 3137 in
1222 3079 1311 3137 Plau-

229 3175 297 3233 tinis
315 3175 421 3234 fabulis
435 3199 442 3234 :
461 3197 557 3256 neque
569 3177 605 3237 ab
619 3176 668 3235 illo
679 3177 806 3235 alienum
821 3193 865 3236 est
878 3191 1099 3237 monumentum
1112 3174 1212 3235 nobile
1228 3173 1308 3254 quod

231 3273 301 3331 olim
313 3274 343 3330 in
356 3275 424 3332 villa
439 3273 632 3334 Albaniorut'n
647 3275 797 3348 exstabat,
810 3274 936 3335 tabulam
950 3275 1027 3346 dice,
1038 3274 1089 3334 ubi
1103 3274 1308 3353 tragaediarum

231 3370 455 3448 Euripidearurn
477 3391 512 3430 ex
530 3372 681 3431 literarum
705 3371 808 3430 ordine
826 3373 984 3452 dispositus
1001 3372 1088 3431 index
1104 3369 1310 3440 exhibebatur,

232 3467 314 3545 cujus
330 3489 397 3546 pars
409 3489 467 3527 non
480 3471 585 3548 exigua
598 3483 768 3549 supererat:
784 3471 845 3548 ejus
857 3484 952 3530 autem
967 3471 1009 3530 rei
1022 3471 1097 3528 ratio
1110 3469 1309 3530 Winlrelman·

232 3583 303 3622 num
324 3566 408 3625 latuit
428 3566 509 3646 (opp.
526 3571 570 3640 11,
587 3588 618 3646 p.
632 3567 711 3646 304).
723 3573 821 3642 Quum
843 3569 934 3647 igitur
949 3569 1011 3628 haec
1027 3567 1194 3646 conjectura
1208 3585 1310 3643 magna

232 3663 296 3722 veri
314 3664 410 3742 specie
424 3663 623 3737 blandiretur,
648 3664 685 3723 de
703 3686 738 3724 eo
758 3667 887 3744 cogitare
903 3667 995 3745 coepi,
1010 3665 1108 3745 quod,
1126 3666 1150 3724 si
1164 3665 1311 3722 orationes

233 3760 438 3822 Ciceronianus
458 3763 528 3822 olim
551 3763 591 3821 ita
610 3763 766 3843 dispositas
785 3763 872 3822 fuisse
888 3762 973 3822 nobis
992 3765 1145 3842 fingimus,
1170 3775 1259 3840 atque
1274 3780 1311 3818 ex

233 3859 421 3937 superstitum
438 3881 559 3920 numero
582 3861 644 3921 illas
659 3881 829 3940 separamus
853 3881 919 3940 qoae
940 3883 993 3940 por
1016 3882 1047 3920 se
1066 3859 1157 3920 libros
1181 3861 1310 3936 integros

236 3957 380 4042 efficiunt,
397 3979 469 4038 quas
484 3981 572 4039 supra
587 3961 730 4032 iudicavi;
747 3960 852 4018 deinde
866 3981 914 4018 cas
929 3981 993 4039 quae
1005 3981 1066 4039 prae
1081 3959 1144 4018 aliis
1159 3959 1190 4017 iu
1211 3957 1311 4016 rheto-

238 4073 302 4112 rum
315 4071 340 4113 et
355 4059 609 4134 grammaticorum
626 4059 732 4118 scholis
747 4057 971 4118 celebrabantur
982 4072 1010 4116 et
1029 4054 1309 4136 interpretabantur,
