2958 4670
380 391 577 460 onemo
601 393 700 460 eno
725 393 764 458 a.
791 393 1022 462 nrunnnn.
1166 394 1233 491 547

170 515 455 588 collum²solere
469 521 774 613 petere),verum
785 529 827 586 ut
839 539 965 587 omnes
977 514 1067 587 boni
1080 519 1235 591 antenad-
1273 545 1277 552 ’

167 640 370 711 verterent,
401 639 436 697 et
457 648 571 722 quum
604 627 641 696 in
667 641 767 698 metu
800 641 837 698 et
865 626 1027 723 periculo
1050 631 1234 702 consulem

167 733 350 822 riderent,
368 733 405 804 id
424 733 524 833 quod
538 749 593 806 est
607 733 739 807 factum
751 789 760 824 ,
774 735 821 807 ad
832 761 941 834 opem
957 736 1236 836 praesidiumque

168 865 291 914 mcum
317 859 585 917 concurrerent.
608 850 733 942 ltaque
753 869 869 942 quum
894 861 948 932 te,
975 849 1087 933 Servi,
1113 852 1237 922 remis-

169 954 299 1024 siorem
314 955 352 1022 in
370 953 533 1051 petendo
544 969 732 1052 putarent,
750 955 939 1028 Catilinam
952 970 989 1026 et
1004 981 1068 1055 spe
1086 973 1123 1028 et
1139 963 1236 1058 cupi·

168 1061 280 1134 ditate
302 1061 563 1136 inflammatum
588 1065 770 1154 viderent,
797 1077 944 1155 omncs,
975 1071 1039 1163 qui
1067 1069 1164 1141 illam
1186 1067 1233 1142 ab

167 1172 355 1271 republica
377 1189 514 1272 pestem
533 1175 713 1273 depellere
738 1173 953 1274 cupiebant,
975 1177 1021 1248 ad
1045 1181 1235 1252 Murenam

169 1307 207 1355 se
226 1287 329 1354 satim
349 1284 594 1357 contulerunt.
609 1291 738 1382 Magna
760 1301 813 1358 est
830 1302 952 1358 autem
975 1291 1128 1360 comitiis
1150 1316 1234 1362 con·

169 1392 347 1465 sularibus
358 1397 547 1494 repentina
567 1397 796 1468 voluntatuin
813 1397 1019 1485 inclinatio,
1038 1403 1233 1496 praesertim

168 1527 283 1600 quum
295 1505 463 1576 incubuit
477 1505 650 1577 advirum
666 1505 806 1577 bonnm
815 1503 845 1590 ³,
859 1521 895 1577 et
909 1504 1031 1578 multis
1046 1508 1122 1579 aliis
1135 1509 1233 1604 adju·

168 1615 511 1711 mentispetitionis
534 1629 713 1686 ornatum.
736 1619 810 1707 Qui
838 1641 952 1713 quum
981 1615 1255 1690 honestissime

168 1738 270 1819 patre
292 1738 402 1821 atque
431 1725 652 1819 majoribus,
681 1727 939 1797 modestissima
970 1726 1234 1816 adolescentia,

173 1832 365 1904 clarissima
384 1835 580 1933 legatione,
602 1851 759 1934 praetura
776 1836 927 1934 probata
946 1839 984 1906 in
1002 1838 1118 1932 juret,
1134 1856 1233 1936 grata

166 1945 205 2013 iu
223 1965 373 2015 munere
386 1941 410 2031 ⁵,
427 1960 554 2016 ornata
568 1948 605 2016 in
626 1943 853 2044 provinciae,
868 1948 1015 2044 petisset
1031 1945 1233 2044 diligenter,

169 2059 265 2125 etita
282 2058 450 2153 petisset,
464 2073 506 2127 ut
521 2057 808 2154 nequeminanti
823 2057 1010 2144 cederet7,
1025 2082 1145 2155 neque
1162 2062 1234 2131 cui·

167 2184 277 2262 quam
300 2171 524 2256 minaretur3
562 2167 648 2238 huic
668 2166 871 2238 mirandum
897 2182 951 2238 est
978 2191 1107 2265 magno
1134 2168 1233 2265 adju-

168 2287 294 2345 mento
308 2276 467 2346 Catilinae
477 2274 634 2347 subitam
648 2299 749 2374 spem
761 2273 775 2319 ⁸
786 2277 994 2348 consulatus
1013 2276 1246 2380 adipiscendi

167 2381 307 2455 fuisse?

216 2499 321 2569 Nunc
336 2495 426 2568 mihi
441 2499 567 2568 tertius
581 2497 640 2570 ille
658 2498 759 2568 locus
773 2509 852 2568 esta
868 2498 1042 2568 orationis
1058 2497 1103 2568 de
1122 2495 1233 2568 ambi·
1305 2565 1308 2575 .

167 2617 226 2678 tu's
243 2605 471 2696 criminibus,
488 2623 728 2706 perpurgatus
742 2607 787 2678 ab
805 2607 865 2692 iis,
886 2609 951 2704 qui
967 2623 1050 2679 ante
1062 2633 1121 2679 me
1136 2608 1233 2680 dixe-

165 2730 273 2802 runt;
305 2737 420 2805 eme,
441 2721 615 2814 quoniam
641 2721 690 2788 ita
710 2719 862 2790 Murena
881 2717 1018 2804 voluit,
1037 2732 1233 2790 retractan-

130 2823 133 2828 ’
167 2825 254 2898 dus:
271 2829 392 2923 quoin
405 2827 486 2900 loco
504 2825 883 2912 Postumio,familiari
894 2849 993 2909 meo,
1008 2829 1233 2898 ornatissimo

202 3029 227 3060 a.
247 3013 325 3077 Caput
337 3024 361 3060 et
373 3013 469 3062 collum.
491 3013 676 3061 Sciebameaain
757 3014 781 3061 5.
804 3015 915 3060 arranem.
937 3012 1011 3059 Ludis
1034 3009 1232 3076 Apollinaribus,

166 3091 324 3156 glaciatotenr
337 3091 406 3139 illum
417 3091 542 3140 Sullanum
550 3107 602 3139 non
615 3091 678 3140 latua
721 3109 783 3158 quoe
791 3105 882 3158 pretor
895 3092 980 3142 edidit.

166 3169 250 3230 leriae,
261 3170 304 3219 aad
310 3171 369 3219 colli
374 3169 472 3220 aeeaadi
480 3189 512 3220 ex
519 3172 678 3238 proscriptio-
757 3175 783 3220 6.
798 3175 893 3220 Ornata
907 3173 932 3220 ira
939 3171 1076 3236 prova'areia.
1087 3173 1189 3238 Propter
1201 3173 1233 3221 li·

166 3249 239 3298 nibua
257 3267 330 3298 usum
352 3251 446 3300 callem.
464 3251 609 3313 Coniectum
621 3251 678 3300 ‘boe
721 3251 869 3300 beralitatem
882 3252 1038 3300 etvirttttem.

165 3341 203 3378 eat
216 3330 243 3376 iu
255 3329 353 3378 Sullana
366 3341 491 3394 tempora,
505 3330 531 3378 in
538 3331 627 3396 quibua
635 3332 678 3395 qui
760 3348 783 3393 7.
797 3332 883 3395 Neque
893 3330 999 3379 minanti
1010 3331 1113 3380 cederet.
1127 3335 1182 3396 Qua
1196 3349 1235 3380 aa·

164 3409 359 3474 moecatptomm
367 3411 457 3458 civium
468 3411 547 3475 capita
557 3411 589 3458 ad
601 3409 677 3460 dicta·
722 3413 788 3460 tione
811 3413 971 3460 constantiam
997 3427 1066 3460 suam
1083 3410 1235 3461 ostendebat.

165 3488 676 3552 toremalierebant,praemiodonabaaatur;
721 3491 935 3555 -Neeeuiquam
943 3489 1234 3554 numerarunQuumauf-

165 3581 213 3629 qua
227 3574 369 3630 tempestate
385 3567 459 3615 iidem
480 3567 531 3616 lere
544 3579 626 3626 erant,
649 3579 676 3616 ut
717 3569 801 3632 fragiis
814 3569 901 3634 populi
910 3567 1008 3618 fideret.

165 3659 212 3710 pro
221 3647 295 3694 noto.
308 3647 435 3696 Annuit
459 3659 584 3697 enmorea
597 3647 675 3696 collo-
756 3650 781 3696 8.
791 3649 1013 3698 Catilincesarbr'tam
1022 3662 1087 3709 eperat
1096 3647 1235 3694 consulatus

166 3725 411 3776 rumetbonorumn.
721 3725 879 3792 adipiscendi.
888 3730 973 3776 Ortaua
980 3743 1011 3775 ex
1018 3726 1236 3789 eo,quiavidebtt

203 3805 226 3852 3.
237 3804 280 3851 Ad
291 3805 679 3870 virumboauam.Qualiaeetidu·
713 3817 746 3864 ¹te
767 3807 945 3854 accusationem
969 3821 1124 3870 comparare,
1143 3807 1235 3867 abjecta
1297 3809 1301 3817 ’

165 3894 232 3930 aena.
243 3907 278 3920 -
287 3882 450 3948 Artemam.
468 3887 531 3946 Qun
547 3887 627 3946 atatim
641 3887 678 3935 di·
723 3885 863 3934 consulates
875 3886 1002 3950 petitione.

169 3971 265 4010 cuntur.
759 3981 783 4028 9.
803 3967 874 4016 Nune
890 3965 952 4016 miti
964 3965 1046 4014 certius
1060 3965 1101 4014 ille
1116 3966 1183 4014 loeus
1194 3977 1235 4014 est.

202 4049 228 4096 e.
251 4043 282 4087 n
293 4039 357 4102 fure.
373 4041 417 4088 nn
439 4055 481 4089 su·
500 4043 563 4102 jen
576 4025 678 4092 saniar-
722 4045 789 4094 nne
803 4044 898 4094 amma
915 4045 1015 4107 ntum
1033 4045 1106 4092 coar.
1130 4045 1235 4094 marcus.

165 4119 258 4168 strandl
276 4119 413 4183 prudentia.
723 4124 832 4172 ΗΛ,
929 4151 934 4163 .

1054 4209 1110 4281 35.
