3018 4664
273 321 343 394 368
588 321 635 392 M.
661 323 700 392 T.
727 325 1022 396 CICERONIS

275 469 368 543 quos
379 445 642 516 amentissimus
653 453 685 488 ¹⁰
703 442 841 532 suisset,
855 445 885 516 si
898 460 1158 542 oppugnasset3
1171 449 1339 546 turpissi-

276 579 377 640 mus,
399 555 428 626 si
446 553 676 650 reliquisset?

278 677 285 682 '
322 665 382 736 IX.
409 669 453 734 At
474 667 512 734 C.
533 664 749 749 Decianus1,
774 663 819 734 de
840 687 915 762 quo
941 681 982 736 tu
1003 689 1096 764 saepe
1116 691 1338 740 commemo·

273 797 347 860 ras,
374 775 482 870 quia,
507 797 621 870 quum
640 772 824 844 hominem
847 774 1017 846 omnibus
1037 777 1216 872 insignem
1243 779 1340 849 notis

274 883 529 982 turpitudinis,
548 886 585 952 P.
604 885 770 970 Furium,
786 899 970 954 accusaret
982 907 1124 956 summo
1140 885 1261 956 studio
1274 885 1341 956 bo-

275 1019 409 1068 norum
441 996 629 1080 omnium,
658 995 762 1088 queri
795 1007 849 1064 est
875 1017 984 1064 ausus
1012 995 1050 1062 in
1081 996 1258 1066 concione
1292 995 1340 1068 de

276 1118 393 1184 morte
416 1103 619 1190 Saturnini,
638 1101 899 1174 condemnatus
920 1117 992 1190 est;
1014 1119 1051 1174 et
1070 1107 1190 1174 Sext.²
1207 1107 1342 1193 Titius,

277 1213 379 1312 quod
397 1213 525 1288 babuit
544 1213 733 1309 imaginem
755 1218 796 1284 L.
817 1215 999 1284 Saturnini
1019 1211 1118 1283 domi
1136 1237 1227 1302 suae,
1252 1241 1340 1287 con-

277 1325 469 1398 demnatus
483 1339 545 1396 est
566 1329 775 1396 statuerunt
798 1324 938 1421 equites
953 1327 1095 1394 romani
1110 1323 1172 1394 illo
1186 1323 1341 1419 judicio,

277 1433 486 1533 improbum
509 1435 625 1505 civem
638 1427 743 1519 esse,
767 1448 803 1504 et
833 1457 907 1502 non
927 1430 1184 1503 retinendum³
1206 1434 1243 1503 in
1258 1435 1342 1504 civi-

277 1561 376 1631 tate,
404 1545 469 1640 qui
500 1543 679 1630 hominis,
710 1542 879 1613 hostilem
911 1545 948 1610 in
980 1542 1131 1613 modum
1160 1540 1340 1627 seditiosi,

276 1657 431 1751 imagine
456 1667 518 1724 aut
541 1668 694 1724 mortem
724 1653 802 1746 ejus
832 1652 1059 1739 honestaret,
1084 1667 1147 1724 aut
1166 1651 1342 1724 desideria

277 1767 527 1862 imperitorum
566 1761 811 1834 misericordia
844 1777 1113 1850 commoveret,
1146 1775 1209 1832 aut
1239 1785 1343 1834 suam

278 1870 519 1969 significarent
543 1869 723 1942 imitandae
741 1869 984 1969 improbitatis
1004 1872 1240 1942 voluntatem.
1269 1876 1342 1942 lta·-

266 2007 350 2080 .que
377 1974 464 2053 mihi
488 1983 620 2050 mirum
644 1979 805 2068 videtur,
833 1980 930 2050 unde
961 1979 1053 2052 banc
1078 1995 1136 2066 tu,
1164 1978 1343 2064 Labiene,

277 2095 487 2190 imaginem,
507 2115 617 2186 quam
639 2090 750 2163 habes
762 2087 787 2177 ⁵,
807 2091 998 2160 inveneris.
1021 2092 1112 2160 Nam
1130 2090 1225 2160 Sext.
1247 2091 1342 2162 Titio

277 2203 467 2287 damnato,
495 2201 560 2294 qui
586 2201 690 2270 istam
725 2197 859 2270 habere
892 2197 1059 2285 auderet,
1089 2199 1259 2270 inventus
1288 2215 1343 2270 est

277 2336 397 2384 nemo.
420 2305 532 2398 Quod
552 2311 641 2379 tusi
664 2307 841 2394 audisses,
865 2321 929 2378 aut
951 2309 1067 2403 siper
1086 2323 1228 2379 aetatem
1250 2312 1343 2382 scire

276 2422 469 2520 potuissem
490 2441 690 2514 numquam
705 2415 868 2515 profecto
887 2419 991 2488 istam
1010 2419 1223 2514 imaginem,
1240 2444 1343 2517 quse,

278 2531 378 2602 domi
396 2527 528 2624 posita,
547 2541 685 2625 pestem
702 2543 811 2623 atque
824 2524 1013 2596 exsilium⁶
1031 2531 1127 2599 Sext.
1140 2531 1233 2600 Titio
1247 2545 1343 2602 attu-

169 2713 171 2718 ,
278 2642 395 2725 lisset,
420 2638 458 2708 iu
484 2641 613 2708 Rostra
632 2650 740 2732 atque
765 2636 1034 2707 inconcinnum
1055 2637 1255 2728 attulissem
1276 2663 1344 2710 nec

212 2773 215 2778 ·
279 2767 358 2822 tuas
371 2773 544 2844 umquam
559 2748 717 2818 rationes
728 2758 740 2802 ⁷
752 2745 797 2816 ad
812 2767 874 2818 eos
888 2746 1280 2845 scopulosappulisses,
1298 2747 1345 2819 ad

278 2883 371 2958 quos
388 2863 483 2930 Sext.
504 2859 586 2928 Titii
608 2854 776 2928 afflictam
793 2879 940 2944 navem,
959 2871 995 2926 et
1012 2858 1050 2926 iu
1065 2855 1201 2953 quibus
1215 2863 1253 2930 C.
1270 2864 1343 2930 De·

317 3043 355 3075 ro.
376 3023 565 3072 ducentissimus.
585 3023 703 3071 Amentiae
721 3022 784 3069 enini
829 3032 856 3068 ut
867 3019 962 3068 saltatio
970 3019 1080 3085 quaedam
1090 3035 1239 3086 nascentur,
1249 3028 1290 3076 cui
1299 3027 1345 3076 aal-

277 3115 368 3154 cratae
385 3105 474 3152 sutorii
487 3113 582 3150 aenatm
600 3101 701 3164 Imperio
716 3099 785 3148 obsi·
829 3100 1014 3148 tatIoninnmen
1025 3101 1100 3150 Titius
1111 3115 1201 3153 macta.

275 3195 406 3239 atere,cum
416 3180 784 3242 Saturninobonosoppugnare.
865 3179 892 3227 3.
914 3179 971 3226 Noa
987 3179 1146 3228 retinendum.
1172 3183 1235 3246 Lege
1256 3184 1344 3232 Porcia

311 3262 357 3306 tx.
378 3275 400 3307 a.
421 3259 448 3306 C.
463 3258 591 3307 Decianus.
611 3257 680 3304 «IIic
694 3260 723 3306 P.
738 3259 786 3303 Fu·
830 3257 937 3306 damnati
947 3259 973 3304 iu
988 3259 1101 3308 militam
1115 3260 1224 3309 abibant.

277 3339 339 3386 iiam
353 3337 552 3400 inquinatissimae
572 3338 639 3395 vite,
661 3346 689 3383 ut
701 3334 785 3381 sorIbit
866 3345 892 3392 a.
907 3337 1069 3402 significaret.
1085 3339 1232 3388 Ostenderet
1251 3353 1277 3388 aa
1291 3344 1345 3403 ejus

276 3415 402 3472 Valerius,
418 3417 493 3473 VIII,
518 3413 687 3472 1,honainem
710 3427 785 3474 quum
829 3413 891 3462 facta
905 3415 994 3464 imitari
1007 3415 1076 3464 velle.

276 3494 423 3559 prolioatria
432 3503 566 3547 accusaret,
579 3492 635 3553 quIa
646 3492 673 3537 iu
682 3490 784 3554 quadam
866 3493 891 3541 5.
910 3495 1001 3542 Habes.
1021 3495 1151 3558 Imaginem
1169 3499 1198 3543 L.
1217 3497 1346 3545 Samnitai

276 3585 345 3637 parte
362 3571 466 3619 actionis
485 3571 515 3618 de
529 3581 606 3618 morte
619 3572 648 3616 L.
661 3569 785 3617 Saturnini
828 3570 948 3618 Labienus
966 3574 992 3619 in
1013 3573 1133 3620 concione
1153 3575 1300 3637 pmtnlerat.
1311 3601 1345 3613 -·

276 3651 345 3715 queri
353 3665 425 3698 anana
437 3659 552 3710 erat,nee
561 3663 628 3696 reum
637 3647 784 3696 condemna·
828 3647 890 3696 Cod.
901 3651 984 3698 I'ranc.
995 3671 1008 3693 ι
1017 3662 1045 3700 tu
1055 3651 1129 3699 babes
1138 3673 1158 3699 ι.
1171 3655 1196 3701 J.
1205 3655 1240 3701 V.
1256 3655 1284 3701 L.

275 3730 326 3787 vit,
337 3739 361 3776 et
374 3729 473 3794 insuper
485 3727 508 3776 ei
525 3743 609 3791 poenaa
626 3725 731 3788 adjectas
743 3743 785 3791 pe·
865 3721 891 3774 6.
908 3727 1038 3777 Exsilieun.
1055 3732 1153 3779 Manut.
1173 3743 1292 3781 memorat
1309 3733 1344 3782 Ie·

275 3806 389 3870 pendit».
828 3805 934 3854 ctionem
946 3807 1055 3856 exitium.
1069 3811 1085 3857 J
1088 3844 1093 3856 .
1105 3813 1136 3857 V.
1150 3811 1179 3857 t..

310 3899 334 3930 a.
351 3889 418 3932 Sext.
433 3883 516 3932 Tinna.
526 3885 624 3930 sHomo
634 3882 692 3940 fuit,
705 3883 785 3945 inquit
866 3899 889 3944 7.
903 3884 1027 3934 Rationes.
1037 3887 1064 3935 P.
1074 3888 1184 3937 Pithoeua
1196 3889 1347 3951 conjiciebat

273 3960 371 4020 Cicero,
385 3963 443 4012 aatis
454 3962 544 4025 loquax
554 3977 611 4009 aane
625 3972 650 4009 ot
659 3961 717 4009 satir
726 3977 784 4008 acn-
829 3973 905 4022 rates,
919 3963 1192 4016 utmeltuseonventmt
1205 3967 1266 4016 nari
1279 3967 1347 4018 attii.

271 4047 324 4098 tua3
333 4039 377 4087 sed
387 4053 434 4089 tam
444 4039 536 4089 solutus
546 4052 570 4090 et
579 4040 660 4089 mollia
668 4041 695 4090 in
705 4050 782 4103 gestu,
826 4039 906 4092 Nimia
919 4041 1051 4105 ingeniose.
1062 4047 1087 4096 J.
1098 4047 1129 4094 V.
1140 4049 1168 4096 L.
