2958 4670
367 463 371 468 .
434 415 486 486 IN
511 413 549 482 L.
580 413 879 501 CATILINAM,
903 419 964 488 lv.
1156 425 1222 506 481

170 532 335 606 videlicet
351 523 617 631 intelligebant,
635 533 690 604 his
703 535 870 622 remotis,
886 559 964 606 non
981 562 1058 610 esse
1072 559 1225 618 mortem

171 646 284 740 ipsam
307 641 637 742 pertimescendam.
1332 635 1336 643 ’

217 757 260 826 V.
279 757 402 841 Nunc,
417 767 535 850 patres
550 753 766 850 conscripti,
789 776 856 850 ego
875 777 971 846 mea,
989 756 1116 848 video,
1139 763 1225 857 quid

171 865 318 935 intersit.
338 864 374 934 si
393 863 491 934 eritis
507 864 652 960 sequuti
670 864 882 934 sententiam
898 868 937 936 C.
954 869 1117 959 Caesaris,
1136 896 1226 968 quo-

170 975 267 1045 niam
279 973 373 1045 hanc
391 977 421 1046 is
436 976 472 1044 in
485 972 673 1072 republica
689 974 801 1061 viam,
823 998 903 1071 quae
919 978 1103 1075 popularis
1120 979 1227 1056 babe-

170 1099 232 1156 tur
246 1094 272 1172 ¹,
288 1099 463 1182 sequutus
475 1099 546 1170 est,
564 1080 714 1154 fortasse
726 1087 846 1154 minus
861 1101 985 1172 erunt,
1001 1086 1072 1160 hoc
1082 1107 1228 1165 auctore

171 1210 207 1267 et
227 1197 442 1294 cognitore²
459 1194 608 1288 hujusce
626 1193 831 1281 sententiar,
850 1194 938 1265 mibi
955 1198 1148 1296 populares
1162 1203 1228 1272 irn-

170 1322 278 1405 petus
289 1304 308 1358 ³,
323 1303 599 1405 pertimescendi
615 1330 622 1372 :
637 1305 700 1374 sin
721 1302 816 1374 illam
839 1305 1007 1397 alteram,
1025 1311 1164 1400 nescio,
1183 1338 1229 1386 an

171 1417 326 1514 amplius
340 1416 431 1486 mihi
444 1415 577 1512 negotii
592 1413 835 1485 contrahatur.
850 1415 919 1487 Sed
931 1431 1052 1490 tamen
1066 1413 1230 1494 meorum
1254 1423 1257 1430 ’

171 1525 416 1624 periculorum
432 1522 615 1598 rationest
634 1523 766 1596 utilitas
787 1525 992 1624 reipublicae
1013 1533 1142 1602 vincat.
1163 1541 1232 1606 Ha·

171 1637 301 1710 bemus
314 1637 411 1710 enim
424 1634 439 1682 ⁵
453 1640 524 1707 aC.
540 1640 696 1723 Caesare,
710 1639 802 1707 sicut
815 1637 926 1735 ipsius
942 1636 1096 1736 dignitas
1109 1657 1144 1713 et
1158 1668 1231 1716 ma·
1311 1619 1320 1644 ⁸

170 1748 293 1843 jorum
317 1745 394 1840 ejus
415 1744 617 1844 amplitudo
639 1744 860 1843 postulabat,
883 1751 1116 1839 sententiam,
1139 1767 1230 1826 tam·

172 1880 283 1955 quam
303 1854 469 1928 obsidem
488 1870 671 1955 perpetuae
688 1856 727 1926 in
745 1855 1007 1952 rempublicam
1027 1861 1231 1944 voluntatis.

172 1967 401 2039 Intellectum
424 1979 497 2055 cst,
514 1964 605 2062 quid
617 1969 760 2038 intersit
779 1969 873 2039 inter
890 1967 1073 2042 levitatem
1090 1977 1233 2049 concio·

171 2093 339 2150 natorum
349 2072 378 2166 ⁶,
397 2090 434 2148 et
449 2079 611 2147 animum
627 2100 710 2149 vere
728 2076 963 2175 popularem,
981 2079 1088 2152 saluti
1103 2087 1231 2183 populi

172 2187 431 2260 consulentem.
451 2185 566 2260 Video
582 2185 628 2257 de
641 2187 717 2258 istis
727 2197 755 2276 ⁷,
770 2189 835 2285 qui
848 2211 886 2260 se
899 2188 1093 2287 populares
1106 2191 1249 2267 haberi

207 2403 238 2450 V.
248 2417 271 2449 1.
281 2402 342 2465 Qnoe
343 2399 472 2466 popularis
478 2398 587 2448 tarem.
594 2399 679 2449 Cicero
723 2397 813 2446 multus
824 2399 912 2464 populi
922 2414 985 2464 aegre
999 2400 1097 2450 ierentb
1111 2403 1176 2454 cirea
1193 2421 1234 2454 ro-

171 2481 223 2546 ipee
233 2479 295 2543 qnid
301 2479 334 2527 rit
344 2477 470 2544 popularis
482 2477 509 2525 in
518 2475 680 2540 orationepro
723 2491 808 2524 manos
816 2478 895 2541 cupite
903 2477 1030 2528 demotos
1038 2480 1121 2532 baiam.

172 2557 353 2607 Sextiodocet:
366 2559 540 2622 2Dnogenera
551 2556 681 2620 semperin
759 2563 787 2611 t.
803 2555 926 2604 dodones.
943 2557 973 2604 Id
990 2568 1042 2619 est,
1058 2559 1234 2610 consideratio.

171 2637 324 2687 baccinute
332 2636 681 2702 luemnteornm‚quiveraari
723 2648 789 2683 nem.
809 2635 874 2682 utne
894 2635 983 2685 dicitnr
1004 2639 1122 2688 rationem
1144 2641 1242 2691 babere-

171 2717 516 2784 inrepublica‚etqneineaac
524 2713 681 2764 exmllmtim
702 2733 704 2740 ·
723 2713 827 2774 alicujus
838 2713 925 2761 rei-
933 2717 982 2764 Sed
994 2727 1088 2768 tanen.
1099 2753 1123 2768 ..
1139 2720 1234 2772 vincat.

172 2813 253 2862 gerere
271 2797 417 2847 atudnerunt
425 2810 434 2858 ς
446 2795 535 2862 qnibne
544 2811 575 2844 ex
588 2796 681 2860 generi-
723 2793 754 2842 td
766 2803 818 2852 eat,
835 2792 899 2840 ulus
914 2794 1055 2857 reipublicae
1073 2809 1235 2863 anteponatur

170 2875 293 2926 bucalteri
301 2875 545 2942 eepopnlaree,alteri
551 2875 682 2940 optimates
724 2873 783 2920 aneia
794 2869 917 2935 periculis.
1111 2871 1114 2876 '

172 2965 197 3004 et
206 2954 290 3004 haberi
298 2965 322 3003 et
330 2953 618 3016 menolnemnt.Qniea
626 2967 682 3017 quaa
761 2951 785 3001 5.
799 2951 920 2998 natamus
930 2951 1001 3000 enirn
1014 2953 1107 3002 laudat
1117 2955 1234 3005 Curarem

172 3033 419 3096 lacieban,qnaeqne
433 3032 558 3093 dicebant,
571 3032 682 3081 multitu·
724 3047 753 3081 ex
769 3033 815 3080 hac
835 3031 968 3094 scatentia,
981 3042 1103 3097 tamquam
1118 3035 1149 3084 de
1162 3051 1235 3102 repu-

173 3110 337 3171 diniiucnnda
344 3110 526 3170 ostendebant,
535 3109 680 3175 popularem
724 3111 788 3160 blica
797 3110 860 3158 bene
872 3111 1029 3172 sentientem,
1043 3111 1111 3176 qnod
1121 3113 1152 3161 de
1163 3115 1235 3167 indn-

172 3189 216 3254 qui
228 3199 309 3238 antem
321 3191 355 3239 ite
366 3205 391 3238 se
400 3189 527 3254 gerebant,
536 3200 682 3239 ntmaoon·
725 3191 783 3240 stria
795 3189 886 3238 sactnm
894 3187 998 3250 videtur,
1008 3189 1064 3255 quia
1074 3207 1125 3239 non
1134 3192 1234 3256 ignora-

172 3267 226 3317 eilia
239 3265 333 3334 o‘ptimo
344 3269 432 3333 cuique
448 3268 596 3334 probarent,
613 3269 681 3335 opti·
725 3270 767 3319 bat
778 3268 879 3318 Caesaris
889 3280 1024 3332 suspectam
1038 3269 1199 3322 voluntatem.

172 3357 249 3397 mater
266 3347 450 3398 habebantur».
465 3349 582 3401 Curarem
600 3359 681 3397 annm
760 3349 786 3397 6.
810 3343 940 3396 levitatem
961 3348 1169 3401 concionatorum
1192 3351 1235 3401 Al.

172 3427 465 3492 populareminirce,non
475 3427 555 3476 aolnm
563 3444 577 3476 a
586 3427 682 3477 Cicero-
725 3428 857 3477 lenitatem.
872 3427 1069 3478 Concionctorin
1082 3431 1168 3480 malm
1181 3447 1235 3496 pnr-

174 3521 216 3566 ue,
234 3508 277 3556 sed
291 3508 447 3574 perplurimis
461 3526 475 3558 e
491 3507 609 3557 Suetonio
620 3507 681 3556 looia
724 3507 909 3572 temaccipitnr,
918 3507 1031 3573 idemque
1039 3521 1090 3570 est,
1100 3511 1143 3574 qni
1153 3511 1235 3559 eonci-

173 3585 275 3652 intelligl
284 3597 372 3652 potest.
725 3596 760 3635 tet
777 3585 897 3652 populum
916 3588 1036 3637 reditionis
1058 3588 1216 3638 concionibus
1227 3606 1236 3649 ;

209 3680 234 3713 a.
261 3668 369 3715 Auctore
390 3679 415 3718 ot
431 3665 565 3733 cognitore.
587 3667 682 3714 Auctor
725 3663 887 3729 demagogne,
916 3665 983 3730 vulgi
1004 3667 1124 3716 turbator.
1147 3669 1237 3732 Tangit

173 3745 298 3792 sententia
311 3746 401 3794 dicitnr
412 3747 449 3805 ia,
463 3747 505 3810 qni
522 3745 615 3812 primm
629 3759 682 3793 earn
726 3745 837 3793 tribunos
849 3744 938 3810 plebia,
953 3746 996 3809 qni
1006 3745 1133 3795 odinum
1143 3746 1235 3793 oratio-

173 3821 292 3886 protulit;
308 3824 427 3890 cognitor,
441 3825 484 3889 qni
495 3825 615 3892 prolatam
627 3839 682 3873 een·
725 3824 807 3874 nand
818 3824 938 3888 populum
948 3839 1012 3888 crepe
1020 3824 1150 3873 bibebant.

175 3899 275 3949 tentiam
288 3901 404 3951 defendit.
421 3903 538 3968 Cogrrimr
548 3905 575 3952 in
588 3905 643 3966 jore
660 3903 682 3951 ia
763 3920 786 3967 7.
801 3901 877 3950 Video
889 3902 921 3950 de
931 3902 999 3952 rinc?
1011 3903 1088 3952 Notat
1098 3904 1235 3968 quempiam

174 3989 211 4027 eat
219 3977 329 4042 qnieivic
338 3981 476 4044 praesentim
482 3983 682 4047 pmcnrctor,qni
726 4001 740 4032 e
751 3981 902 4032 aenatoribus
914 3978 1073 4046 (echolinstea
1084 3993 1154 4048 putat
1164 3983 1235 4031 innui

174 4057 280 4106 abieratis
289 4071 384 4107 uncam
393 4059 509 4108 defendit.
516 4059 645 4111 Asconius.
726 4063 759 4125 Q.
773 4057 918 4125 Metellum)
933 4059 993 4125 qui,
1007 4071 1035 4109 nt
1051 4063 1176 4128 popularis
1193 4063 1236 4110 ba·

196 4139 235 4184 ¹3.
247 4139 381 4203 Populares
394 4140 504 4208 impetur.
518 4137 632 4189 Seditiosi
645 4151 683 4189 tn·
726 4140 839 4200 Meter,
861 4155 890 4188 eo
913 4139 954 4188 die
974 4141 1058 4190 venire
1079 4142 1105 4189 in
1126 4154 1234 4191 senatum

264 4221 330 4296 111.
351 4239 584 4302 tic-rarum·
1093 4226 1133 4297 31
1213 4229 1218 4236 '
