2976 4670
395 399 592 468 ORATIO
616 401 719 468 PRO
745 403 783 470 L.
809 400 1047 470 MURENA.
1186 401 1253 501 557

186 521 442 610 modiorem14,
469 521 665 593 comiorena
678 517 721 609 ¹⁵,
747 521 1026 594 moderat-iorem
1053 521 1182 615 fluisse,
1207 527 1252 600 ad

185 657 330 706 ornnem
360 632 539 702 raticsnem
573 631 830 704 humanitatis?
858 631 903 704 de
934 633 1039 729 cujus
1072 639 1253 731 praestanti

186 744 318 814 virtute
335 764 448 840 quum
468 765 553 813 vere
573 742 800 839 graviterque
824 741 979 828 diceres,
1016 742 1254 818 domesticum

187 867 222 924 te
243 852 376 925 babere
395 849 514 924 dixisti
533 847 746 949 exemplum
760 852 803 924 ad
827 852 1054 926 imitandum.
1082 861 1144 927 Est
1165 858 1254 930 illud
1299 892 1301 902 =

185 962 332 1059 quidem
349 961 555 1060 exemplum
575 960 641 1034 tibi
659 963 885 1060 propositum
905 955 1028 1052 domi3
1050 966 1112 1042 sed
1132 981 1253 1040 tamen

185 1087 322 1148 naturae
336 1071 533 1145 similitudo
552 1072 646 1144 illius
663 1071 709 1143 ad
725 1085 761 1143 te
776 1075 910 1170 magis,
929 1072 1056 1172 quiab
1074 1075 1136 1156 illo
1152 1090 1255 1149 ortus

184 1209 243 1268 es,
263 1207 374 1282 quam
398 1181 445 1256 ad
467 1205 771 1280 unumquemque
795 1196 961 1257 nostrum
984 1187 1171 1282 pervenire
1189 1209 1255 1284 po-

185 1295 274 1382 tuit,
295 1291 340 1365 ad
358 1292 574 1366 imitandum
593 1317 679 1365 vero
697 1307 777 1364 tam
788 1294 877 1364 mihi
896 1295 1123 1392 prepositum
1139 1319 1256 1368 exem-

185 1401 263 1501 plar
283 1401 372 1474 illud
392 1415 467 1489 est,
489 1427 599 1500 quam
620 1401 699 1474 tibi.
722 1401 810 1490 Sed,
829 1405 859 1476 si
876 1402 978 1480 illius¹
991 1406 1196 1480 comitatem
1219 1421 1256 1479 et

184 1513 390 1587 facilitatem
425 1529 494 1586 tuse
528 1516 692 1612 gravitati
726 1517 981 1613 severitatique
1014 1516 1254 1616 adsperseris3

185 1650 260 1698 non
289 1629 358 1698 ista
388 1625 538 1724 quidem
571 1642 681 1698 erunt
715 1625 887 1715 meliora,
923 1652 1005 1723 quae
1039 1652 1139 1700 nunc
1169 1644 1254 1702 sunt

184 1738 340 1834 optima,
363 1735 426 1810 sed
445 1751 543 1809 certe
562 1734 707 1808 condita
719 1734 750 1812 ¹.⁶
769 1735 976 1832 jucundius.

232 1851 374 1918 xxxlt.
402 1850 545 1938 Quare,
569 1861 610 1918 ut
628 1845 673 1918 ad
695 1845 751 1935 id,
770 1845 876 1943 ¹quod
897 1848 1058 1935 institui,
1082 1863 1254 1938 revertar,

183 1956 270 2028 tolle
291 1959 381 2028 mihi
401 1983 420 2030 e
440 1981 548 2030 causa
572 1982 707 2030 nomen
730 1959 897 2045 Catonis3
925 1979 1070 2031 remove
1098 1983 1139 2030 ac
1164 1985 1254 2057 prae·

184 2069 344 2138 termitte
358 2071 627 2154 auctoritatem,
645 2091 725 2164 quae
738 2069 775 2138 in
787 2065 931 2163 judiciis
943 2083 1006 2140 aut
1018 2069 1109 2140 nihil
1121 2070 1237 2141 valere
1243 2089 1262 2157 ,'

183 2191 246 2248 aut
267 2177 312 2248 ad
332 2177 482 2249 salutern
503 2177 612 2250 debet
626 2178 766 2265 valere3'
787 2179 1008 2276 congredere
1026 2203 1169 2252 mecum
1187 2184 1254 2253 cri·

184 2286 344 2358 minibus
370 2290 467 2386 ipsis.
497 2287 595 2379 Quid
626 2311 792 2374 accusas,
822 2289 937 2360 Cato?
967 2287 1056 2384 quid
1076 2287 1189 2377 affers
1215 2291 1252 2360 in

181 2397 380 2492 judicium?
401 2397 490 2495 quid
511 2399 651 2496 arguis?
676 2397 860 2470 Ambitum
883 2421 1029 2469 accusas
1042 2397 1080 2468 ¹?
1101 2423 1175 2470 non
1194 2398 1254 2470 de-

182 2503 302 2578 fendo.
326 2511 385 2577 Me
406 2507 660 2605 reprehendis,
682 2507 783 2605 quod
804 2507 899 2580 idem
918 2506 1129 2595 delendam,
1150 2509 1251 2605 quod

182 2616 261 2713 lege
285 2607 502 2714 punierim².
520 2619 647 2689 Punivi
667 2618 861 2701 ambitum,
885 2645 960 2689 non
986 2620 1250 2690 innocentiam:

182 2723 359 2798 ambitum
383 2751 469 2798 vero
497 2731 615 2824 ipsum
644 2727 701 2799 vel
725 2742 844 2800 tecum
871 2727 1067 2813 accusabo,
1089 2730 1118 2799 si
1143 2729 1252 2802 voles.

182 2837 327 2924 Dixisti,
338 2836 712 2924 senatusconsultum,
726 2863 785 2908 me
796 2835 995 2924 referente,
1008 2861 1085 2908 esse
1099 2835 1251 2926 factum,

182 2951 212 3016 si
244 2944 411 3016 mercede
444 2944 631 3043 corrupti³
666 2946 809 3019 obviam
842 2943 1040 3016 candidatis
1069 2947 1198 3033 issent,
1222 2949 1253 3018 si

183 3053 353 3124 conducti
374 3067 608 3140 sectarentur,
629 3057 658 3128 si
673 3055 928 3152 gladiatoribus
942 3055 1052 3154 vulgo
1070 3055 1171 3127 locus
1188 3063 1251 3128 tri·

182 3160 299 3233 butim
311 3165 338 3250 ⁴,
360 3176 397 3232 et
413 3163 500 3234 item
520 3164 673 3261 prandia
691 3168 719 3236 si
738 3164 847 3262 vulgo
866 3179 987 3236 essent
1002 3163 1103 3252 data,
1124 3182 1250 3239 contra

221 3350 260 3398 rt.
271 3339 470 3390 commodiorem.
482 3341 601 3390 Plurimae
613 3353 693 3391 umen
738 3353 833 3392 exvett.
842 3343 1248 3409 eoddpaeaierim.Vernrn1najora

180 3422 315 3470 exercuisse
325 3419 464 3468 inimieitias
478 3431 502 3469 et
514 3421 694 3470 vehementissi·
737 3435 795 3472 sunt
805 3423 918 3472 Ciceroni
929 3425 1081 3484 redeunda,
1094 3441 1167 3490 quarn
1179 3437 1249 3475 verne

181 3517 220 3557 uae
229 3501 319 3550 multos
329 3515 454 3548 aeeusaass
463 3501 544 3548 aeiuut
555 3517 647 3549 omnes.
735 3501 858 3550 scribendi
869 3505 940 3552 ratio.

220 3582 260 3630 ιε.
278 3580 380 3630 aaut·
395 3580 472 3642 roes,
485 3579 690 3642 comminarem,
772 3582 796 3630 a.
814 3581 934 3647 compe.
948 3582 997 3630 aur
1011 3599 1043 3630 a
1055 3583 1106 3631 ox.
1121 3583 1195 3632 coar.
1211 3586 1248 3634 10-
1277 3571 1279 3578 ’

180 3659 249 3723 quod
257 3659 298 3708 alii
307 3668 450 3724 receperunt
461 3675 474 3706 e
486 3659 557 3707 MSS.
569 3661 594 3708 J.
602 3662 633 3708 V.
646 3662 673 3706 L.
735 3671 796 3724 gunt
814 3659 943 3717 cnumcri,
960 3659 1027 3724 qnod
1045 3660 1153 3710 defendit
1171 3665 1246 3714 Gara-

219 3739 260 3786 rti.
281 3737 395 3785 Condita.
407 3738 560 3787 Translaturu
575 3740 691 3787 translato
736 3739 826 3787 tonius.

180 3815 299 3874 reddidit3
312 3816 405 3866 dixerat
416 3828 472 3864 aute
485 3816 637 3880 adsperseris.
771 3821 795 3877 4.
816 3818 942 3866 Tribuu'm.
961 3820 984 3866 st
999 3819 1025 3864 in
1037 3811 1182 3882 spectaculis
1193 3820 1245 3884 gla-

214 3897 326 3944 xxxn.
343 3909 365 3944 r.
383 3894 507 3942 Arabium
520 3911 630 3945 accusas.
648 3899 690 3946 Se·
735 3896 845 3946 dicteriis
857 3897 923 3962 plebi
932 3913 975 3961 per
984 3897 1091 3961 singulas
1103 3898 1180 3947 tribue
1190 3899 1244 3950 data

179 3975 259 4025 euuda
268 3973 431 4040 repensionis
439 3973 691 4037 paraestdeseuatus·
734 3985 791 4024 sunt
803 3976 905 4038 gratuita
919 3975 1045 4040 speetaudi
1059 3975 1121 4024 loca.
1139 3978 1244 4030 Licuisse

179 4053 302 4104 consultu.
734 4064 813 4102 antean
834 4053 887 4100 loca
907 4054 1025 4103 nonnulla
1045 4055 1188 4118 quibusdam
1205 4058 1246 4109 da·

216 4150 242 4182 a.
261 4131 392 4182 euterun.
410 4130 545 4194 Rescripsit
560 4131 690 4182 Lambinus
734 4149 774 4194 re,
785 4131 920 4196 etquidem
936 4150 985 4182 suae
1001 4133 1078 4182 tribus
1091 4134 1246 4198 bominibus,
