<?xml version="1.0" encoding="UTF-8"?>
<!DOCTYPE html PUBLIC "-//W3C//DTD XHTML 1.0 Transitional//EN"
    "http://www.w3.org/TR/xhtml1/DTD/xhtml1-transitional.dtd">
<html xmlns="http://www.w3.org/1999/xhtml" xml:lang="en" lang="en">
 <head>
  <title>
</title>
<meta http-equiv="Content-Type" content="text/html;charset=utf-8" />
  <meta name='ocr-system' content='tesseract 3.04.00' />
  <meta name='ocr-capabilities' content='ocr_page ocr_carea ocr_par ocr_line ocrx_word'/>
</head>
<body>
  <div class='ocr_page' id='page_1' title='image "./mtciceronisquae00lemagoog_0044.png"; bbox 0 0 2962 4682; ppageno 0'>
   <div class='ocr_carea' id='block_1_1' title="bbox 325 369 1218 444">
    <p class='ocr_par' dir='ltr' id='par_1_1' title="bbox 325 369 1218 444">
     <span class='ocr_line' id='line_1_1' title="bbox 325 369 1218 444; baseline 0.008 -7"><span class='ocrx_word' id='word_1_1' title='bbox 325 369 520 438; x_wconf 85' lang='lat' dir='ltr'><strong>ORATIO</strong></span> <span class='ocrx_word' id='word_1_2' title='bbox 546 370 647 438; x_wconf 87' lang='lat' dir='ltr'><strong>PRO</strong></span> <span class='ocrx_word' id='word_1_3' title='bbox 672 369 805 440; x_wconf 87' lang='lat' dir='ltr'><strong>LEGE</strong></span> <span class='ocrx_word' id='word_1_4' title='bbox 830 371 1067 441; x_wconf 77' lang='lat' dir='ltr'><strong>MANILIA.</strong></span> <span class='ocrx_word' id='word_1_5' title='bbox 1174 369 1218 444; x_wconf 80' lang='grc'><strong>35</strong></span> 
     </span>
    </p>
   </div>
   <div class='ocr_carea' id='block_1_2' title="bbox 152 487 1229 2346">
    <p class='ocr_par' dir='ltr' id='par_1_2' title="bbox 152 487 1229 2346">
     <span class='ocr_line' id='line_1_2' title="bbox 152 487 1224 588; baseline 0.003 -25"><span class='ocrx_word' id='word_1_6' title='bbox 152 490 299 588; x_wconf 81' lang='lat' dir='ltr'><strong>querit?</strong></span> <span class='ocrx_word' id='word_1_7' title='bbox 331 493 460 562; x_wconf 87' lang='lat' dir='ltr'><strong>Vestra</strong></span> <span class='ocrx_word' id='word_1_8' title='bbox 485 488 816 564; x_wconf 83' lang='lat' dir='ltr'><strong>admurmuratio¹⁰</strong></span> <span class='ocrx_word' id='word_1_9' title='bbox 843 487 950 579; x_wconf 86' lang='lat' dir='ltr'><strong>facit,</strong></span> <span class='ocrx_word' id='word_1_10' title='bbox 979 492 1158 583; x_wconf 82' lang='lat' dir='ltr'><strong>Quirites,</strong></span> <span class='ocrx_word' id='word_1_11' title='bbox 1181 509 1224 567; x_wconf 94' lang='lat' dir='ltr'><strong>ut</strong></span> 
     </span>
     <span class='ocr_line' id='line_1_3' title="bbox 152 597 1224 700; baseline 0.003 -28"><span class='ocrx_word' id='word_1_12' title='bbox 152 625 350 700; x_wconf 77' lang='lat' dir='ltr'><strong>agnoscere</strong></span> <span class='ocrx_word' id='word_1_13' title='bbox 374 597 591 688; x_wconf 83' lang='lat' dir='ltr'><strong>videamini,</strong></span> <span class='ocrx_word' id='word_1_14' title='bbox 620 599 685 696; x_wconf 92' lang='lat' dir='ltr'><strong>qui</strong></span> <span class='ocrx_word' id='word_1_15' title='bbox 709 599 785 671; x_wconf 81' lang='lat' dir='ltr'><strong>baec</strong></span> <span class='ocrx_word' id='word_1_16' title='bbox 810 597 973 672; x_wconf 86' lang='lat' dir='ltr'><strong>feceriut.</strong></span> <span class='ocrx_word' id='word_1_17' title='bbox 1001 605 1077 699; x_wconf 87' lang='lat' dir='ltr'><strong>Ego</strong></span> <span class='ocrx_word' id='word_1_18' title='bbox 1102 617 1224 674; x_wconf 88' lang='lat' dir='ltr'><strong>autem</strong></span> 
     </span>
     <span class='ocr_line' id='line_1_4' title="bbox 155 709 1224 811; baseline 0 -25"><span class='ocrx_word' id='word_1_19' title='bbox 155 713 338 786; x_wconf 88' lang='lat' dir='ltr'><strong>neminem</strong></span> <span class='ocrx_word' id='word_1_20' title='bbox 357 712 510 782; x_wconf 90' lang='lat' dir='ltr'><strong>nomino</strong></span> <span class='ocrx_word' id='word_1_21' title='bbox 521 719 549 754; x_wconf 77' lang='lat'><strong>¹¹</strong></span> <span class='ocrx_word' id='word_1_22' title='bbox 566 737 576 782; x_wconf 76' lang='grc' dir='ltr'><strong>ι</strong></span> <span class='ocrx_word' id='word_1_23' title='bbox 594 734 706 808; x_wconf 87' lang='lat' dir='ltr'><strong>quare</strong></span> <span class='ocrx_word' id='word_1_24' title='bbox 724 712 827 784; x_wconf 80' lang='lat' dir='ltr'><strong>irasci</strong></span> <span class='ocrx_word' id='word_1_25' title='bbox 844 709 932 781; x_wconf 89' lang='lat' dir='ltr'><strong>mihi</strong></span> <span class='ocrx_word' id='word_1_26' title='bbox 949 736 1060 784; x_wconf 84' lang='lat' dir='ltr'><strong>nemo</strong></span> <span class='ocrx_word' id='word_1_27' title='bbox 1078 714 1224 811; x_wconf 77' lang='lat' dir='ltr'><strong>poterit,</strong></span> 
     </span>
     <span class='ocr_line' id='line_1_5' title="bbox 154 818 1226 923; baseline 0.002 -29"><span class='ocrx_word' id='word_1_28' title='bbox 154 823 223 894; x_wconf 87' lang='lat' dir='ltr'><strong>nisi</strong></span> <span class='ocrx_word' id='word_1_29' title='bbox 245 823 310 918; x_wconf 91' lang='lat' dir='ltr'><strong>qui</strong></span> <span class='ocrx_word' id='word_1_30' title='bbox 329 834 414 902; x_wconf 83' lang='lat' dir='ltr'><strong>ante</strong></span> <span class='ocrx_word' id='word_1_31' title='bbox 432 818 477 891; x_wconf 91' lang='lat' dir='ltr'><strong>de</strong></span> <span class='ocrx_word' id='word_1_32' title='bbox 496 843 534 894; x_wconf 86' lang='lat' dir='ltr'><strong>se</strong></span> <span class='ocrx_word' id='word_1_33' title='bbox 551 819 705 892; x_wconf 87' lang='lat' dir='ltr'><strong>voluerit</strong></span> <span class='ocrx_word' id='word_1_34' title='bbox 720 819 894 892; x_wconf 87' lang='lat' dir='ltr'><strong>confiteri.</strong></span> <span class='ocrx_word' id='word_1_35' title='bbox 911 825 1057 920; x_wconf 87' lang='lat' dir='ltr'><strong>ltaque,</strong></span> <span class='ocrx_word' id='word_1_36' title='bbox 1076 839 1226 923; x_wconf 88' lang='lat' dir='ltr'><strong>propter</strong></span> 
     </span>
     <span class='ocr_line' id='line_1_6' title="bbox 156 930 1225 1028; baseline 0.005 -26"><span class='ocrx_word' id='word_1_37' title='bbox 156 931 250 1002; x_wconf 90' lang='lat' dir='ltr'><strong>hanc</strong></span> <span class='ocrx_word' id='word_1_38' title='bbox 278 930 463 1002; x_wconf 86' lang='lat' dir='ltr'><strong>avaritiam</strong></span> <span class='ocrx_word' id='word_1_39' title='bbox 494 933 780 1028; x_wconf 89' lang='lat' dir='ltr'><strong>imperatorum,</strong></span> <span class='ocrx_word' id='word_1_40' title='bbox 809 947 961 1028; x_wconf 82' lang='lat' dir='ltr'><strong>quantas</strong></span> <span class='ocrx_word' id='word_1_41' title='bbox 986 933 1225 1025; x_wconf 78' lang='lat' dir='ltr'><strong>calamitates,</strong></span> 
     </span>
     <span class='ocr_line' id='line_1_7' title="bbox 154 1041 1226 1138; baseline 0.003 -24"><span class='ocrx_word' id='word_1_42' title='bbox 154 1063 391 1138; x_wconf 86' lang='lat' dir='ltr'><strong>quocmnque</strong></span> <span class='ocrx_word' id='word_1_43' title='bbox 421 1053 572 1112; x_wconf 87' lang='lat' dir='ltr'><strong>ventum</strong></span> <span class='ocrx_word' id='word_1_44' title='bbox 602 1043 667 1128; x_wconf 90' lang='lat' dir='ltr'><strong>sit,</strong></span> <span class='ocrx_word' id='word_1_45' title='bbox 701 1041 815 1110; x_wconf 85' lang='lat' dir='ltr'><strong>nostri</strong></span> <span class='ocrx_word' id='word_1_46' title='bbox 844 1043 1022 1117; x_wconf 81' lang='lat' dir='ltr'><strong>exercitus</strong></span> <span class='ocrx_word' id='word_1_47' title='bbox 1047 1041 1226 1133; x_wconf 80' lang='lat' dir='ltr'><strong>ferant¹²‚</strong></span> 
     </span>
     <span class='ocr_line' id='line_1_8' title="bbox 155 1147 1226 1248; baseline 0.002 -24"><span class='ocrx_word' id='word_1_48' title='bbox 155 1156 237 1248; x_wconf 87' lang='lat' dir='ltr'><strong>quis</strong></span> <span class='ocrx_word' id='word_1_49' title='bbox 250 1151 418 1248; x_wconf 83' lang='lat' dir='ltr'><strong>ignorat?</strong></span> <span class='ocrx_word' id='word_1_50' title='bbox 431 1150 564 1222; x_wconf 83' lang='lat' dir='ltr'><strong>Itinera</strong></span> <span class='ocrx_word' id='word_1_51' title='bbox 573 1147 618 1237; x_wconf 76' lang='lat'><strong>¹³,</strong></span> <span class='ocrx_word' id='word_1_52' title='bbox 638 1173 718 1247; x_wconf 84' lang='lat' dir='ltr'><strong>quae</strong></span> <span class='ocrx_word' id='word_1_53' title='bbox 742 1175 807 1248; x_wconf 86' lang='lat' dir='ltr'><strong>per</strong></span> <span class='ocrx_word' id='word_1_54' title='bbox 820 1149 929 1224; x_wconf 83' lang='lat' dir='ltr'><strong>hosce</strong></span> <span class='ocrx_word' id='word_1_55' title='bbox 943 1176 1058 1224; x_wconf 86' lang='lat' dir='ltr'><strong>anuos</strong></span> <span class='ocrx_word' id='word_1_56' title='bbox 1072 1153 1110 1224; x_wconf 91' lang='lat' dir='ltr'><strong>in</strong></span> <span class='ocrx_word' id='word_1_57' title='bbox 1124 1155 1226 1226; x_wconf 85' lang='lat' dir='ltr'><strong>Italia</strong></span> 
     </span>
     <span class='ocr_line' id='line_1_9' title="bbox 155 1259 1227 1359; baseline 0.002 -25"><span class='ocrx_word' id='word_1_58' title='bbox 155 1287 220 1359; x_wconf 89' lang='lat' dir='ltr'><strong>per</strong></span> <span class='ocrx_word' id='word_1_59' title='bbox 238 1285 346 1359; x_wconf 84' lang='lat' dir='ltr'><strong>agros</strong></span> <span class='ocrx_word' id='word_1_60' title='bbox 364 1264 473 1358; x_wconf 72' lang='lat' dir='ltr'><strong>atque</strong></span> <span class='ocrx_word' id='word_1_61' title='bbox 498 1261 634 1359; x_wconf 87' lang='lat' dir='ltr'><strong>oppida</strong></span> <span class='ocrx_word' id='word_1_62' title='bbox 657 1262 790 1332; x_wconf 86' lang='lat' dir='ltr'><strong>civium</strong></span> <span class='ocrx_word' id='word_1_63' title='bbox 814 1285 1049 1335; x_wconf 85' lang='lat' dir='ltr'><strong>romanorum</strong></span> <span class='ocrx_word' id='word_1_64' title='bbox 1062 1259 1095 1318; x_wconf 73' lang='lat'><strong>¹⁴</strong></span> <span class='ocrx_word' id='word_1_65' title='bbox 1113 1266 1227 1336; x_wconf 84' lang='lat' dir='ltr'><strong>nostri</strong></span> 
     </span>
     <span class='ocr_line' id='line_1_10' title="bbox 156 1367 1229 1469; baseline 0.002 -25"><span class='ocrx_word' id='word_1_66' title='bbox 156 1371 393 1469; x_wconf 84' lang='lat' dir='ltr'><strong>imperatores</strong></span> <span class='ocrx_word' id='word_1_67' title='bbox 408 1367 595 1458; x_wconf 86' lang='lat' dir='ltr'><strong>lecerunt,</strong></span> <span class='ocrx_word' id='word_1_68' title='bbox 613 1370 856 1442; x_wconf 85' lang='lat' dir='ltr'><strong>recordamini</strong></span> <span class='ocrx_word' id='word_1_69' title='bbox 871 1398 880 1442; x_wconf 77' lang='lat' dir='ltr'><strong><em>z</em></strong></span> <span class='ocrx_word' id='word_1_70' title='bbox 894 1384 974 1442; x_wconf 86' lang='lat' dir='ltr'><strong>tum</strong></span> <span class='ocrx_word' id='word_1_71' title='bbox 992 1369 1149 1461; x_wconf 81' lang='lat' dir='ltr'><strong>facilius,</strong></span> <span class='ocrx_word' id='word_1_72' title='bbox 1161 1389 1229 1446; x_wconf 85' lang='lat' dir='ltr'><strong>stn-</strong></span> 
     </span>
     <span class='ocr_line' id='line_1_11' title="bbox 155 1479 1225 1578; baseline 0.004 -26"><span class='ocrx_word' id='word_1_73' title='bbox 155 1484 282 1569; x_wconf 88' lang='lat' dir='ltr'><strong>tuetis‚</strong></span> <span class='ocrx_word' id='word_1_74' title='bbox 306 1479 397 1578; x_wconf 92' lang='lat' dir='ltr'><strong>quid</strong></span> <span class='ocrx_word' id='word_1_75' title='bbox 424 1479 523 1578; x_wconf 88' lang='lat' dir='ltr'><strong>apud</strong></span> <span class='ocrx_word' id='word_1_76' title='bbox 549 1495 688 1554; x_wconf 87' lang='lat' dir='ltr'><strong>exteras</strong></span> <span class='ocrx_word' id='word_1_77' title='bbox 714 1483 879 1554; x_wconf 85' lang='lat' dir='ltr'><strong>nationes</strong></span> <span class='ocrx_word' id='word_1_78' title='bbox 901 1479 980 1553; x_wconf 88' lang='lat' dir='ltr'><strong>fieri</strong></span> <span class='ocrx_word' id='word_1_79' title='bbox 1003 1485 1225 1556; x_wconf 87' lang='lat' dir='ltr'><strong>existimetis.</strong></span> 
     </span>
     <span class='ocr_line' id='line_1_12' title="bbox 155 1577 1227 1690; baseline 0.001 -26"><span class='ocrx_word' id='word_1_80' title='bbox 155 1597 287 1664; x_wconf 86' lang='lat' dir='ltr'><strong>Utrum</strong></span> <span class='ocrx_word' id='word_1_81' title='bbox 311 1589 434 1688; x_wconf 88' lang='lat' dir='ltr'><strong>plures</strong></span> <span class='ocrx_word' id='word_1_82' title='bbox 458 1588 687 1664; x_wconf 86' lang='lat' dir='ltr'><strong>arbitramini</strong></span> <span class='ocrx_word' id='word_1_83' title='bbox 709 1577 777 1690; x_wconf 64' lang='lat' dir='ltr'><strong>piar</strong></span> <span class='ocrx_word' id='word_1_84' title='bbox 797 1592 906 1663; x_wconf 90' lang='lat' dir='ltr'><strong>hosce</strong></span> <span class='ocrx_word' id='word_1_85' title='bbox 933 1615 1047 1662; x_wconf 87' lang='lat' dir='ltr'><strong>annos</strong></span> <span class='ocrx_word' id='word_1_86' title='bbox 1071 1593 1227 1666; x_wconf 88' lang='lat' dir='ltr'><strong>militum</strong></span> 
     </span>
     <span class='ocr_line' id='line_1_13' title="bbox 155 1699 1228 1790; baseline 0.002 -18"><span class='ocrx_word' id='word_1_87' title='bbox 155 1718 358 1776; x_wconf 85' lang='lat' dir='ltr'><strong>vestrorum</strong></span> <span class='ocrx_word' id='word_1_88' title='bbox 380 1703 489 1772; x_wconf 89' lang='lat' dir='ltr'><strong>armis</strong></span> <span class='ocrx_word' id='word_1_89' title='bbox 509 1701 670 1774; x_wconf 88' lang='lat' dir='ltr'><strong>hostium</strong></span> <span class='ocrx_word' id='word_1_90' title='bbox 690 1701 823 1790; x_wconf 81' lang='lat' dir='ltr'><strong>urbes,</strong></span> <span class='ocrx_word' id='word_1_91' title='bbox 846 1725 891 1774; x_wconf 85' lang='lat' dir='ltr'><strong>au</strong></span> <span class='ocrx_word' id='word_1_92' title='bbox 910 1699 1089 1789; x_wconf 85' lang='lat' dir='ltr'><strong>hibernis,</strong></span> <span class='ocrx_word' id='word_1_93' title='bbox 1112 1703 1228 1774; x_wconf 81' lang='lat' dir='ltr'><strong>socio·</strong></span> 
     </span>
     <span class='ocr_line' id='line_1_14' title="bbox 154 1811 1227 1911; baseline -0.001 -26"><span class='ocrx_word' id='word_1_94' title='bbox 154 1837 235 1886; x_wconf 90' lang='lat' dir='ltr'><strong>rum</strong></span> <span class='ocrx_word' id='word_1_95' title='bbox 257 1815 421 1884; x_wconf 83' lang='lat' dir='ltr'><strong>civitates</strong></span> <span class='ocrx_word' id='word_1_96' title='bbox 442 1835 519 1884; x_wconf 84' lang='lat' dir='ltr'><strong>esse</strong></span> <span class='ocrx_word' id='word_1_97' title='bbox 542 1811 698 1886; x_wconf 87' lang='lat' dir='ltr'><strong>deletas?</strong></span> <span class='ocrx_word' id='word_1_98' title='bbox 716 1815 843 1909; x_wconf 87' lang='lat' dir='ltr'><strong>Neque</strong></span> <span class='ocrx_word' id='word_1_99' title='bbox 863 1813 960 1886; x_wconf 84' lang='lat' dir='ltr'><strong>enim</strong></span> <span class='ocrx_word' id='word_1_100' title='bbox 984 1826 1103 1911; x_wconf 87' lang='lat' dir='ltr'><strong>potest</strong></span> <span class='ocrx_word' id='word_1_101' title='bbox 1124 1837 1227 1886; x_wconf 84' lang='lat' dir='ltr'><strong>exer·</strong></span> 
     </span>
     <span class='ocr_line' id='line_1_15' title="bbox 154 1917 1228 2020; baseline -0.003 -23"><span class='ocrx_word' id='word_1_102' title='bbox 154 1925 265 1997; x_wconf 86' lang='lat' dir='ltr'><strong>citum</strong></span> <span class='ocrx_word' id='word_1_103' title='bbox 293 1926 322 1994; x_wconf 92' lang='lat' dir='ltr'><strong>is</strong></span> <span class='ocrx_word' id='word_1_104' title='bbox 348 1923 537 2008; x_wconf 74' lang='lat' dir='ltr'><strong>continere</strong></span> <span class='ocrx_word' id='word_1_105' title='bbox 560 1923 777 2020; x_wconf 87' lang='lat' dir='ltr'><strong>imperator,</strong></span> <span class='ocrx_word' id='word_1_106' title='bbox 801 1922 864 2019; x_wconf 91' lang='lat' dir='ltr'><strong>qui</strong></span> <span class='ocrx_word' id='word_1_107' title='bbox 897 1945 936 1994; x_wconf 90' lang='lat' dir='ltr'><strong>se</strong></span> <span class='ocrx_word' id='word_1_108' title='bbox 961 1922 1082 2018; x_wconf 89' lang='lat' dir='ltr'><strong>ipsum</strong></span> <span class='ocrx_word' id='word_1_109' title='bbox 1097 1917 1128 1966; x_wconf 79' lang='lat'><strong>¹⁵</strong></span> <span class='ocrx_word' id='word_1_110' title='bbox 1152 1947 1228 1994; x_wconf 88' lang='lat' dir='ltr'><strong>non</strong></span> 
     </span>
     <span class='ocr_line' id='line_1_16' title="bbox 154 2029 1228 2131; baseline -0.006 -23"><span class='ocrx_word' id='word_1_111' title='bbox 154 2037 339 2127; x_wconf 54' lang='lat' dir='ltr'><strong>continetj</strong></span> <span class='ocrx_word' id='word_1_112' title='bbox 358 2057 480 2131; x_wconf 89' lang='lat' dir='ltr'><strong>neque</strong></span> <span class='ocrx_word' id='word_1_113' title='bbox 500 2057 647 2105; x_wconf 86' lang='lat' dir='ltr'><strong>severus</strong></span> <span class='ocrx_word' id='word_1_114' title='bbox 670 2059 747 2104; x_wconf 85' lang='lat' dir='ltr'><strong>esse</strong></span> <span class='ocrx_word' id='word_1_115' title='bbox 768 2029 1036 2128; x_wconf 84' lang='lat' dir='ltr'><strong>injudicando,</strong></span> <span class='ocrx_word' id='word_1_116' title='bbox 1060 2031 1124 2129; x_wconf 93' lang='lat' dir='ltr'><strong>qui</strong></span> <span class='ocrx_word' id='word_1_117' title='bbox 1140 2031 1228 2103; x_wconf 84' lang='lat' dir='ltr'><strong>alios</strong></span> 
     </span>
     <span class='ocr_line' id='line_1_17' title="bbox 154 2141 1227 2238; baseline -0.002 -22"><span class='ocrx_word' id='word_1_118' title='bbox 154 2149 191 2216; x_wconf 91' lang='lat' dir='ltr'><strong>in</strong></span> <span class='ocrx_word' id='word_1_119' title='bbox 217 2169 255 2218; x_wconf 83' lang='lat' dir='ltr'><strong>se</strong></span> <span class='ocrx_word' id='word_1_120' title='bbox 285 2167 431 2216; x_wconf 89' lang='lat' dir='ltr'><strong>severos</strong></span> <span class='ocrx_word' id='word_1_121' title='bbox 456 2167 535 2216; x_wconf 86' lang='lat' dir='ltr'><strong>esse</strong></span> <span class='ocrx_word' id='word_1_122' title='bbox 559 2142 699 2238; x_wconf 83' lang='lat' dir='ltr'><strong>judices</strong></span> <span class='ocrx_word' id='word_1_123' title='bbox 725 2169 799 2214; x_wconf 89' lang='lat' dir='ltr'><strong>non</strong></span> <span class='ocrx_word' id='word_1_124' title='bbox 828 2141 918 2212; x_wconf 83' lang='lat' dir='ltr'><strong>vult.</strong></span> <span class='ocrx_word' id='word_1_125' title='bbox 944 2144 1010 2213; x_wconf 89' lang='lat' dir='ltr'><strong>Hic</strong></span> <span class='ocrx_word' id='word_1_126' title='bbox 1033 2143 1227 2227; x_wconf 84' lang='lat' dir='ltr'><strong>miramur,</strong></span> 
     </span>
     <span class='ocr_line' id='line_1_18' title="bbox 153 2251 1225 2346; baseline -0.006 -20"><span class='ocrx_word' id='word_1_127' title='bbox 153 2257 250 2328; x_wconf 88' lang='lat' dir='ltr'><strong>hunc</strong></span> <span class='ocrx_word' id='word_1_128' title='bbox 281 2255 468 2329; x_wconf 87' lang='lat' dir='ltr'><strong>hominem</strong></span> <span class='ocrx_word' id='word_1_129' title='bbox 485 2252 516 2302; x_wconf 81' lang='lat'><strong>¹⁶</strong></span> <span class='ocrx_word' id='word_1_130' title='bbox 543 2268 684 2335; x_wconf 87' lang='lat' dir='ltr'><strong>tantum</strong></span> <span class='ocrx_word' id='word_1_131' title='bbox 724 2252 899 2326; x_wconf 82' lang='lat' dir='ltr'><strong>excellere</strong></span> <span class='ocrx_word' id='word_1_132' title='bbox 935 2252 1084 2340; x_wconf 85' lang='lat' dir='ltr'><strong>ceteris,</strong></span> <span class='ocrx_word' id='word_1_133' title='bbox 1121 2251 1225 2346; x_wconf 86' lang='lat' dir='ltr'><strong>cujus</strong></span> 
     </span>
    </p>
   </div>
   <div class='ocr_carea' id='block_1_3' title="bbox 128 2360 1225 2796">
    <p class='ocr_par' dir='ltr' id='par_1_3' title="bbox 128 2360 1225 2796">
     <span class='ocr_line' id='line_1_19' title="bbox 152 2360 1225 2465; baseline -0.007 -27"><span class='ocrx_word' id='word_1_134' title='bbox 152 2367 315 2465; x_wconf 84' lang='lat' dir='ltr'><strong>legiones</strong></span> <span class='ocrx_word' id='word_1_135' title='bbox 338 2369 390 2438; x_wconf 87' lang='lat' dir='ltr'><strong>sic</strong></span> <span class='ocrx_word' id='word_1_136' title='bbox 414 2368 452 2436; x_wconf 89' lang='lat' dir='ltr'><strong>in</strong></span> <span class='ocrx_word' id='word_1_137' title='bbox 477 2369 640 2438; x_wconf 82' lang='lat' dir='ltr'><strong>Asiam¹⁷</strong></span> <span class='ocrx_word' id='word_1_138' title='bbox 665 2378 931 2462; x_wconf 88' lang='lat' dir='ltr'><strong>pervenerunt,</strong></span> <span class='ocrx_word' id='word_1_139' title='bbox 955 2377 1092 2434; x_wconf 92' lang='lat' dir='ltr'><strong>utnon</strong></span> <span class='ocrx_word' id='word_1_140' title='bbox 1115 2360 1225 2434; x_wconf 90' lang='lat' dir='ltr'><strong>modo</strong></span> 
     </span>
     <span class='ocr_line' id='line_1_20' title="bbox 152 2473 1225 2573; baseline -0.008 -21"><span class='ocrx_word' id='word_1_141' title='bbox 152 2501 281 2552; x_wconf 84' lang='lat' dir='ltr'><strong>manus</strong></span> <span class='ocrx_word' id='word_1_142' title='bbox 299 2477 392 2548; x_wconf 85' lang='lat' dir='ltr'><strong>tanti</strong></span> <span class='ocrx_word' id='word_1_143' title='bbox 411 2478 610 2563; x_wconf 84' lang='lat' dir='ltr'><strong>exercitus,</strong></span> <span class='ocrx_word' id='word_1_144' title='bbox 634 2474 757 2548; x_wconf 87' lang='lat' dir='ltr'><strong>sedne</strong></span> <span class='ocrx_word' id='word_1_145' title='bbox 776 2475 965 2573; x_wconf 79' lang='lat' dir='ltr'><strong>vestigium</strong></span> <span class='ocrx_word' id='word_1_146' title='bbox 980 2473 1129 2571; x_wconf 89' lang='lat' dir='ltr'><strong>quidem</strong></span> <span class='ocrx_word' id='word_1_147' title='bbox 1151 2473 1225 2544; x_wconf 92' lang='lat' dir='ltr'><strong>cui·</strong></span> 
     </span>
     <span class='ocr_line' id='line_1_21' title="bbox 128 2585 1221 2686; baseline -0.002 -28"><span class='ocrx_word' id='word_1_148' title='bbox 128 2613 262 2686; x_wconf 84' lang='lat' dir='ltr'><strong>.quam</strong></span> <span class='ocrx_word' id='word_1_149' title='bbox 287 2601 416 2686; x_wconf 79' lang='lat' dir='ltr'><strong>pacato</strong></span> <span class='ocrx_word' id='word_1_150' title='bbox 444 2587 609 2660; x_wconf 88' lang='lat' dir='ltr'><strong>nocuisse</strong></span> <span class='ocrx_word' id='word_1_151' title='bbox 630 2585 794 2658; x_wconf 75' lang='lat' dir='ltr'><strong>dicatur?</strong></span> <span class='ocrx_word' id='word_1_152' title='bbox 818 2591 896 2658; x_wconf 86' lang='lat' dir='ltr'><strong>Jam</strong></span> <span class='ocrx_word' id='word_1_153' title='bbox 917 2609 1024 2672; x_wconf 88' lang='lat' dir='ltr'><strong>vero,</strong></span> <span class='ocrx_word' id='word_1_154' title='bbox 1048 2585 1221 2682; x_wconf 86' lang='lat' dir='ltr'><strong>quemad·</strong></span> 
     </span>
     <span class='ocr_line' id='line_1_22' title="bbox 152 2691 1221 2796; baseline -0.002 -28"><span class='ocrx_word' id='word_1_155' title='bbox 152 2697 303 2770; x_wconf 88' lang='lat' dir='ltr'><strong>modum</strong></span> <span class='ocrx_word' id='word_1_156' title='bbox 334 2696 465 2768; x_wconf 88' lang='lat' dir='ltr'><strong>milites</strong></span> <span class='ocrx_word' id='word_1_157' title='bbox 490 2693 692 2770; x_wconf 87' lang='lat' dir='ltr'><strong>hibernent</strong></span> <span class='ocrx_word' id='word_1_158' title='bbox 706 2691 750 2787; x_wconf 79' lang='lat'><strong>¹⁸,</strong></span> <span class='ocrx_word' id='word_1_159' title='bbox 778 2696 942 2796; x_wconf 90' lang='lat' dir='ltr'><strong>quotidie</strong></span> <span class='ocrx_word' id='word_1_160' title='bbox 969 2718 1156 2767; x_wconf 85' lang='lat' dir='ltr'><strong>sermones</strong></span> <span class='ocrx_word' id='word_1_161' title='bbox 1180 2719 1221 2766; x_wconf 88' lang='lat' dir='ltr'><strong>ac</strong></span> 
     </span>
    </p>
   </div>
   <div class='ocr_carea' id='block_1_4' title="bbox 151 2845 1220 4200">
    <p class='ocr_par' dir='ltr' id='par_1_4' title="bbox 151 2845 1220 4200">
     <span class='ocr_line' id='line_1_23' title="bbox 188 2845 1220 2914; baseline -0.013 -8"><span class='ocrx_word' id='word_1_162' title='bbox 188 2873 231 2906; x_wconf 88' lang='grc' dir='ltr'><strong>ιο.</strong></span> <span class='ocrx_word' id='word_1_163' title='bbox 263 2859 352 2906; x_wconf 80' lang='lat' dir='ltr'><strong>Vestra</strong></span> <span class='ocrx_word' id='word_1_164' title='bbox 383 2855 588 2905; x_wconf 80' lang='lat' dir='ltr'><strong>adrmrmuratr&#39;o.</strong></span> <span class='ocrx_word' id='word_1_165' title='bbox 617 2855 662 2904; x_wconf 81' lang='lat' dir='ltr'><strong>ilio</strong></span> <span class='ocrx_word' id='word_1_166' title='bbox 706 2865 751 2914; x_wconf 80' lang='lat' dir='ltr'><strong>per</strong></span> <span class='ocrx_word' id='word_1_167' title='bbox 771 2848 845 2901; x_wconf 76' lang='lat' dir='ltr'><strong>boreo</strong></span> <span class='ocrx_word' id='word_1_168' title='bbox 863 2863 942 2896; x_wconf 80' lang='lat' dir='ltr'><strong>annos</strong></span> <span class='ocrx_word' id='word_1_169' title='bbox 955 2845 1047 2894; x_wconf 81' lang='lat' dir='ltr'><strong>bellum</strong></span> <span class='ocrx_word' id='word_1_170' title='bbox 1065 2857 1160 2910; x_wconf 70' lang='lat' dir='ltr'><strong>gestura</strong></span> <span class='ocrx_word' id='word_1_171' title='bbox 1173 2855 1220 2894; x_wconf 82' lang='lat' dir='ltr'><strong>eat.</strong></span> 
     </span>
     <span class='ocr_line' id='line_1_24' title="bbox 151 2924 1218 2999; baseline -0.01 -15"><span class='ocrx_word' id='word_1_172' title='bbox 151 2947 232 2986; x_wconf 88' lang='lat' dir='ltr'><strong>tantus</strong></span> <span class='ocrx_word' id='word_1_173' title='bbox 240 2939 321 2985; x_wconf 76' lang='lat' dir='ltr'><strong>factor</strong></span> <span class='ocrx_word' id='word_1_174' title='bbox 332 2946 369 2984; x_wconf 83' lang='lat' dir='ltr'><strong>est</strong></span> <span class='ocrx_word' id='word_1_175' title='bbox 378 2937 520 2999; x_wconf 74' lang='lat' dir='ltr'><strong>turnultus,</strong></span> <span class='ocrx_word' id='word_1_176' title='bbox 538 2947 567 2984; x_wconf 88' lang='lat' dir='ltr'><strong>nt</strong></span> <span class='ocrx_word' id='word_1_177' title='bbox 579 2946 663 2983; x_wconf 83' lang='lat' dir='ltr'><strong>orator</strong></span> <span class='ocrx_word' id='word_1_178' title='bbox 745 2931 949 2992; x_wconf 71' lang='lat' dir='ltr'><strong>14.Peragros...</strong></span> <span class='ocrx_word' id='word_1_179' title='bbox 960 2924 1047 2972; x_wconf 80' lang='lat' dir='ltr'><strong>civium</strong></span> <span class='ocrx_word' id='word_1_180' title='bbox 1055 2941 1218 2973; x_wconf 75' lang='lat' dir='ltr'><strong>romanorum.</strong></span> 
     </span>
     <span class='ocr_line' id='line_1_25' title="bbox 151 3001 1218 3069; baseline -0.012 -6"><span class='ocrx_word' id='word_1_181' title='bbox 151 3001 221 3064; x_wconf 60' lang='lat' dir='ltr'><strong>arm</strong></span> <span class='ocrx_word' id='word_1_182' title='bbox 233 3025 334 3064; x_wconf 66' lang='lat' dir='ltr'><strong>wn-</strong></span> <span class='ocrx_word' id='word_1_183' title='bbox 342 3016 421 3064; x_wconf 70' lang='lat' dir='ltr'><strong>saa.</strong></span> <span class='ocrx_word' id='word_1_184' title='bbox 431 3012 552 3064; x_wconf 69' lang='lat' dir='ltr'><strong>nastrum</strong></span> <span class='ocrx_word' id='word_1_185' title='bbox 562 3013 661 3062; x_wconf 64' lang='lat' dir='ltr'><strong>samm.</strong></span> <span class='ocrx_word' id='word_1_186' title='bbox 705 3007 770 3056; x_wconf 72' lang='lat' dir='ltr'><strong>uam</strong></span> <span class='ocrx_word' id='word_1_187' title='bbox 785 3005 871 3054; x_wconf 67' lang='lat' dir='ltr'><strong>rausa</strong></span> <span class='ocrx_word' id='word_1_188' title='bbox 888 3003 988 3069; x_wconf 70' lang='lat' dir='ltr'><strong>popus-</strong></span> <span class='ocrx_word' id='word_1_189' title='bbox 1006 3003 1092 3052; x_wconf 72' lang='lat' dir='ltr'><strong>uvsm</strong></span> <span class='ocrx_word' id='word_1_190' title='bbox 1106 3003 1163 3053; x_wconf 72' lang='lat' dir='ltr'><strong>un</strong></span> <span class='ocrx_word' id='word_1_191' title='bbox 1181 3013 1218 3051; x_wconf 64' lang='lat' dir='ltr'><strong>aa</strong></span> 
     </span>
     <span class='ocr_line' id='line_1_26' title="bbox 152 3084 1069 3158; baseline -0.01 -15"><span class='ocrx_word' id='word_1_192' title='bbox 152 3095 255 3143; x_wconf 74' lang='lat' dir='ltr'><strong>maio</strong></span> <span class='ocrx_word' id='word_1_193' title='bbox 263 3095 309 3143; x_wconf 82' lang='lat' dir='ltr'><strong>tata</strong></span> <span class='ocrx_word' id='word_1_194' title='bbox 317 3111 348 3142; x_wconf 74' lang='lat' dir='ltr'><strong>ex</strong></span> <span class='ocrx_word' id='word_1_195' title='bbox 360 3093 453 3142; x_wconf 79' lang='lat' dir='ltr'><strong>duabu·</strong></span> <span class='ocrx_word' id='word_1_196' title='bbox 464 3093 573 3158; x_wconf 78' lang='lat' dir='ltr'><strong>partibus</strong></span> <span class='ocrx_word' id='word_1_197' title='bbox 582 3107 663 3156; x_wconf 84' lang='lat' dir='ltr'><strong>oppo-</strong></span> <span class='ocrx_word' id='word_1_198' title='bbox 705 3087 777 3135; x_wconf 74' lang='lat' dir='ltr'><strong>annis</strong></span> <span class='ocrx_word' id='word_1_199' title='bbox 787 3084 877 3133; x_wconf 76' lang='lat' dir='ltr'><strong>abhinc</strong></span> <span class='ocrx_word' id='word_1_200' title='bbox 887 3085 1069 3132; x_wconf 72' lang='lat' dir='ltr'><strong>cireiwrxvm·</strong></span> 
     </span>
     <span class='ocr_line' id='line_1_27' title="bbox 151 3161 1216 3237; baseline -0.008 -17"><span class='ocrx_word' id='word_1_201' title='bbox 151 3175 202 3222; x_wconf 78' lang='lat' dir='ltr'><strong>atria</strong></span> <span class='ocrx_word' id='word_1_202' title='bbox 214 3185 269 3223; x_wconf 88' lang='lat' dir='ltr'><strong>orta</strong></span> <span class='ocrx_word' id='word_1_203' title='bbox 283 3185 334 3232; x_wconf 82' lang='lat' dir='ltr'><strong>eat,</strong></span> <span class='ocrx_word' id='word_1_204' title='bbox 347 3173 441 3222; x_wconf 76' lang='lat' dir='ltr'><strong>scillcet</strong></span> <span class='ocrx_word' id='word_1_205' title='bbox 457 3189 489 3221; x_wconf 76' lang='lat' dir='ltr'><strong>ex</strong></span> <span class='ocrx_word' id='word_1_206' title='bbox 507 3171 662 3237; x_wconf 67' lang='lat' dir='ltr'><strong>depredato·</strong></span> <span class='ocrx_word' id='word_1_207' title='bbox 745 3165 785 3213; x_wconf 69' lang='grc' dir='ltr'><strong>ιδ.</strong></span> <span class='ocrx_word' id='word_1_208' title='bbox 805 3165 855 3228; x_wconf 76' lang='lat' dir='ltr'><strong>Qut</strong></span> <span class='ocrx_word' id='word_1_209' title='bbox 866 3180 892 3216; x_wconf 74' lang='lat' dir='ltr'><strong>se</strong></span> <span class='ocrx_word' id='word_1_210' title='bbox 907 3163 994 3228; x_wconf 67' lang='lat' dir='ltr'><strong>ipsum</strong></span> <span class='ocrx_word' id='word_1_211' title='bbox 1012 3163 1103 3213; x_wconf 65' lang='lat' dir='ltr'><strong>ursum</strong></span> <span class='ocrx_word' id='word_1_212' title='bbox 1118 3177 1145 3210; x_wconf 79' lang='lat' dir='ltr'><strong>sa</strong></span> <span class='ocrx_word' id='word_1_213' title='bbox 1157 3161 1216 3227; x_wconf 76' lang='lat' dir='ltr'><strong>ipse.</strong></span> 
     </span>
     <span class='ocr_line' id='line_1_28' title="bbox 152 3241 1215 3308; baseline -0.009 -8"><span class='ocrx_word' id='word_1_214' title='bbox 152 3269 203 3300; x_wconf 77' lang='lat' dir='ltr'><strong>run</strong></span> <span class='ocrx_word' id='word_1_215' title='bbox 215 3253 353 3302; x_wconf 76' lang='lat' dir='ltr'><strong>fautoribus</strong></span> <span class='ocrx_word' id='word_1_216' title='bbox 365 3263 390 3300; x_wconf 82' lang='lat' dir='ltr'><strong>et</strong></span> <span class='ocrx_word' id='word_1_217' title='bbox 402 3251 593 3301; x_wconf 63' lang='lat' dir='ltr'><strong>necatoribus.</strong></span> <span class='ocrx_word' id='word_1_218' title='bbox 706 3244 738 3292; x_wconf 77' lang='lat' dir='ltr'><strong>lu</strong></span> <span class='ocrx_word' id='word_1_219' title='bbox 751 3246 787 3292; x_wconf 84' lang='lat' dir='ltr'><strong>rie</strong></span> <span class='ocrx_word' id='word_1_220' title='bbox 802 3253 921 3308; x_wconf 81' lang='lat' dir='ltr'><strong>perpetuo</strong></span> <span class='ocrx_word' id='word_1_221' title='bbox 934 3243 984 3292; x_wconf 78' lang='lat' dir='ltr'><strong>fere</strong></span> <span class='ocrx_word' id='word_1_222' title='bbox 1001 3242 1113 3306; x_wconf 81' lang='lat' dir='ltr'><strong>loquitur</strong></span> <span class='ocrx_word' id='word_1_223' title='bbox 1119 3241 1215 3291; x_wconf 70' lang='lat' dir='ltr'><strong>ll&#39;nllins</strong></span> 
     </span>
     <span class='ocr_line' id='line_1_29' title="bbox 188 3323 796 3381; baseline -0.012 0"><span class='ocrx_word' id='word_1_224' title='bbox 188 3346 228 3381; x_wconf 82' lang='grc' dir='ltr'><strong>ιι.</strong></span> <span class='ocrx_word' id='word_1_225' title='bbox 243 3331 369 3380; x_wconf 71' lang='lat' dir='ltr'><strong>Neminem</strong></span> <span class='ocrx_word' id='word_1_226' title='bbox 386 3331 495 3380; x_wconf 70' lang='lat' dir='ltr'><strong>mnino.</strong></span> <span class='ocrx_word' id='word_1_227' title='bbox 513 3328 663 3380; x_wconf 78' lang='lat' dir='ltr'><strong>seductior</strong></span> <span class='ocrx_word' id='word_1_228' title='bbox 706 3331 731 3371; x_wconf 72' lang='lat' dir='ltr'><strong>el</strong></span> <span class='ocrx_word' id='word_1_229' title='bbox 744 3323 796 3372; x_wconf 73' lang='lat' dir='ltr'><strong>alii.</strong></span> 
     </span>
     <span class='ocr_line' id='line_1_30' title="bbox 151 3401 1215 3466; baseline -0.008 -8"><span class='ocrx_word' id='word_1_230' title='bbox 151 3410 551 3460; x_wconf 71' lang='lat' dir='ltr'><strong>eratbncullnaetluraanacilius</strong></span> <span class='ocrx_word' id='word_1_231' title='bbox 560 3409 662 3458; x_wconf 76' lang='lat' dir='ltr'><strong>Glabrio</strong></span> <span class='ocrx_word' id='word_1_232' title='bbox 745 3401 1215 3466; x_wconf 56' lang='lat' dir='ltr'><strong>rouumbmtaemcraronpstun.</strong></span> 
     </span>
     <span class='ocr_line' id='line_1_31' title="bbox 151 3479 1216 3554; baseline -0.008 -15"><span class='ocrx_word' id='word_1_233' title='bbox 151 3490 252 3539; x_wconf 71' lang='lat' dir='ltr'><strong>honlo</strong></span> <span class='ocrx_word' id='word_1_234' title='bbox 270 3501 417 3548; x_wconf 76' lang='grc' dir='ltr'><strong>ιιιωιιιοι,··</strong></span> <span class='ocrx_word' id='word_1_235' title='bbox 429 3505 534 3554; x_wconf 71' lang='lat' dir='ltr'><strong>parsque</strong></span> <span class='ocrx_word' id='word_1_236' title='bbox 558 3489 662 3537; x_wconf 80' lang='lat' dir='ltr'><strong>maxima</strong></span> <span class='ocrx_word' id='word_1_237' title='bbox 708 3517 716 3530; x_wconf 79' lang='grc'><strong>-,</strong></span> <span class='ocrx_word' id='word_1_238' title='bbox 743 3497 785 3543; x_wconf 76' lang='lat'><strong>17.</strong></span> <span class='ocrx_word' id='word_1_239' title='bbox 805 3483 836 3529; x_wconf 80' lang='lat' dir='ltr'><strong>ln</strong></span> <span class='ocrx_word' id='word_1_240' title='bbox 854 3481 948 3530; x_wconf 65' lang='lat' dir='ltr'><strong>Anba.</strong></span> <span class='ocrx_word' id='word_1_241' title='bbox 965 3479 1034 3528; x_wconf 77' lang='lat' dir='ltr'><strong>Rallo</strong></span> <span class='ocrx_word' id='word_1_242' title='bbox 1051 3480 1173 3528; x_wconf 80' lang='lat' dir='ltr'><strong>maritimo</strong></span> <span class='ocrx_word' id='word_1_243' title='bbox 1189 3481 1216 3530; x_wconf 78' lang='lat' dir='ltr'><strong>iu</strong></span> 
     </span>
     <span class='ocr_line' id='line_1_32' title="bbox 152 3559 1217 3634; baseline -0.004 -20"><span class='ocrx_word' id='word_1_244' title='bbox 152 3569 331 3633; x_wconf 76' lang='lat' dir='ltr'><strong>imperatorum.</strong></span> <span class='ocrx_word' id='word_1_245' title='bbox 344 3571 434 3618; x_wconf 80' lang='lat' dir='ltr'><strong>Orator</strong></span> <span class='ocrx_word' id='word_1_246' title='bbox 446 3585 539 3618; x_wconf 84' lang='lat' dir='ltr'><strong>aumrna</strong></span> <span class='ocrx_word' id='word_1_247' title='bbox 551 3579 602 3618; x_wconf 85' lang='lat' dir='ltr'><strong>arte</strong></span> <span class='ocrx_word' id='word_1_248' title='bbox 615 3585 660 3634; x_wconf 84' lang='lat' dir='ltr'><strong>po-</strong></span> <span class='ocrx_word' id='word_1_249' title='bbox 704 3559 813 3609; x_wconf 76' lang='lat' dir='ltr'><strong>Ciliciam</strong></span> <span class='ocrx_word' id='word_1_250' title='bbox 820 3571 844 3608; x_wconf 84' lang='lat' dir='ltr'><strong>et</strong></span> <span class='ocrx_word' id='word_1_251' title='bbox 850 3561 1069 3627; x_wconf 74' lang='lat' dir='ltr'><strong>Pamphyliam—</strong></span> <span class='ocrx_word' id='word_1_252' title='bbox 1077 3559 1217 3610; x_wconf 58' lang='lat' dir='ltr'><strong>Noram&amp;</strong></span> 
     </span>
     <span class='ocr_line' id='line_1_33' title="bbox 152 3635 1219 3710; baseline -0.012 -12"><span class='ocrx_word' id='word_1_253' title='bbox 152 3647 302 3710; x_wconf 78' lang='lat' dir='ltr'><strong>pnliindicio</strong></span> <span class='ocrx_word' id='word_1_254' title='bbox 313 3665 339 3697; x_wconf 85' lang='grc' dir='ltr'><strong>ιι</strong></span> <span class='ocrx_word' id='word_1_255' title='bbox 349 3649 527 3698; x_wconf 80' lang='lat' dir='ltr'><strong>accommodat.</strong></span> <span class='ocrx_word' id='word_1_256' title='bbox 704 3655 798 3688; x_wconf 73' lang='lat' dir='ltr'><strong>nanus.</strong></span> <span class='ocrx_word' id='word_1_257' title='bbox 810 3639 868 3689; x_wconf 78' lang='lat' dir='ltr'><strong>Non</strong></span> <span class='ocrx_word' id='word_1_258' title='bbox 876 3639 952 3689; x_wconf 86' lang='lat' dir='ltr'><strong>modo</strong></span> <span class='ocrx_word' id='word_1_259' title='bbox 964 3639 1026 3688; x_wconf 84' lang='lat' dir='ltr'><strong>nibil</strong></span> <span class='ocrx_word' id='word_1_260' title='bbox 1039 3635 1219 3702; x_wconf 51' lang='lat' dir='ltr'><strong>apen-osseo·</strong></span> 
     </span>
     <span class='ocr_line' id='line_1_34' title="bbox 190 3715 1216 3794; baseline -0.015 -18"><span class='ocrx_word' id='word_1_261' title='bbox 190 3743 232 3792; x_wconf 40' lang='lat' dir='ltr'><strong>raa</strong></span> <span class='ocrx_word' id='word_1_262' title='bbox 241 3728 387 3778; x_wconf 67' lang='lat' dir='ltr'><strong>HSGolon.</strong></span> <span class='ocrx_word' id='word_1_263' title='bbox 398 3728 522 3794; x_wconf 78' lang='lat' dir='ltr'><strong>adferant.</strong></span> <span class='ocrx_word' id='word_1_264' title='bbox 533 3731 560 3778; x_wconf 89' lang='lat' dir='ltr'><strong>J.</strong></span> <span class='ocrx_word' id='word_1_265' title='bbox 569 3728 602 3775; x_wconf 82' lang='lat' dir='ltr'><strong>V.</strong></span> <span class='ocrx_word' id='word_1_266' title='bbox 616 3727 642 3774; x_wconf 84' lang='lat' dir='ltr'><strong>L·</strong></span> <span class='ocrx_word' id='word_1_267' title='bbox 704 3735 735 3767; x_wconf 80' lang='lat' dir='ltr'><strong>ne</strong></span> <span class='ocrx_word' id='word_1_268' title='bbox 745 3715 834 3783; x_wconf 68' lang='lat' dir='ltr'><strong>pedam</strong></span> <span class='ocrx_word' id='word_1_269' title='bbox 844 3719 943 3784; x_wconf 79' lang='lat' dir='ltr'><strong>qnidam</strong></span> <span class='ocrx_word' id='word_1_270' title='bbox 953 3719 996 3768; x_wconf 89' lang='lat' dir='ltr'><strong>nbi</strong></span> <span class='ocrx_word' id='word_1_271' title='bbox 1007 3735 1057 3766; x_wconf 84' lang='lat' dir='ltr'><strong>non</strong></span> <span class='ocrx_word' id='word_1_272' title='bbox 1067 3716 1158 3764; x_wconf 80' lang='lat' dir='ltr'><strong>licebat</strong></span> <span class='ocrx_word' id='word_1_273' title='bbox 1169 3727 1216 3781; x_wconf 82' lang='lat' dir='ltr'><strong>po-</strong></span> 
     </span>
     <span class='ocr_line' id='line_1_35' title="bbox 187 3795 1216 3870; baseline -0.009 -17"><span class='ocrx_word' id='word_1_274' title='bbox 187 3807 227 3856; x_wconf 81' lang='lat'><strong>13.</strong></span> <span class='ocrx_word' id='word_1_275' title='bbox 241 3809 335 3856; x_wconf 65' lang='lat' dir='ltr'><strong>Itinera</strong></span> <span class='ocrx_word' id='word_1_276' title='bbox 339 3843 389 3857; x_wconf 92' lang='grc'><strong>.....</strong></span> <span class='ocrx_word' id='word_1_277' title='bbox 400 3806 520 3856; x_wconf 57' lang='lat' dir='ltr'><strong>initalia.</strong></span> <span class='ocrx_word' id='word_1_278' title='bbox 528 3809 611 3870; x_wconf 85' lang='lat' dir='ltr'><strong>Quum</strong></span> <span class='ocrx_word' id='word_1_279' title='bbox 619 3806 662 3854; x_wconf 90' lang='lat' dir='ltr'><strong>ad·</strong></span> <span class='ocrx_word' id='word_1_280' title='bbox 704 3798 781 3848; x_wconf 69' lang='lat' dir='ltr'><strong>auitae</strong></span> <span class='ocrx_word' id='word_1_281' title='bbox 803 3797 908 3848; x_wconf 85' lang='lat' dir='ltr'><strong>dicatur.</strong></span> <span class='ocrx_word' id='word_1_282' title='bbox 930 3824 965 3836; x_wconf 90' lang='lat'><em>-</em></span> <span class='ocrx_word' id='word_1_283' title='bbox 988 3799 1090 3845; x_wconf 78' lang='lat' dir='ltr'><strong>Pacato.</strong></span> <span class='ocrx_word' id='word_1_284' title='bbox 1115 3795 1216 3844; x_wconf 79' lang='lat' dir='ltr'><strong>Pacatus</strong></span> 
     </span>
     <span class='ocr_line' id='line_1_36' title="bbox 153 3873 1161 3948; baseline -0.011 -13"><span class='ocrx_word' id='word_1_285' title='bbox 153 3899 232 3934; x_wconf 76' lang='lat' dir='ltr'><strong>verm</strong></span> <span class='ocrx_word' id='word_1_286' title='bbox 250 3885 435 3944; x_wconf 74' lang='lat' dir='ltr'><strong>Mithridatem,</strong></span> <span class='ocrx_word' id='word_1_287' title='bbox 458 3885 559 3948; x_wconf 66' lang='lat' dir='ltr'><strong>culeos,</strong></span> <span class='ocrx_word' id='word_1_288' title='bbox 580 3885 662 3933; x_wconf 84' lang='lat' dir='ltr'><strong>Serto·</strong></span> <span class='ocrx_word' id='word_1_289' title='bbox 705 3873 1161 3943; x_wconf 69' lang='lat' dir='ltr'><strong>dieituriacumqnopacemeolimw.</strong></span> 
     </span>
     <span class='ocr_line' id='line_1_37' title="bbox 153 3957 1217 4031; baseline -0.011 -17"><span class='ocrx_word' id='word_1_290' title='bbox 153 3965 226 4026; x_wconf 70' lang='lat' dir='ltr'><strong>nm,</strong></span> <span class='ocrx_word' id='word_1_291' title='bbox 241 3967 386 4031; x_wconf 75' lang='lat' dir='ltr'><strong>Spartam</strong></span> <span class='ocrx_word' id='word_1_292' title='bbox 398 3964 518 4014; x_wconf 76' lang='lat' dir='ltr'><strong>eremitar</strong></span> <span class='ocrx_word' id='word_1_293' title='bbox 531 3964 661 4022; x_wconf 67' lang='lat' dir='ltr'><strong>dueatur,</strong></span> <span class='ocrx_word' id='word_1_294' title='bbox 745 3959 784 4005; x_wconf 73' lang='grc' dir='ltr'><strong>ιθ.</strong></span> <span class='ocrx_word' id='word_1_295' title='bbox 795 3959 884 4006; x_wconf 78' lang='lat' dir='ltr'><strong>Milites</strong></span> <span class='ocrx_word' id='word_1_296' title='bbox 890 3957 1023 4006; x_wconf 71' lang='lat' dir='ltr'><strong>hibernent.</strong></span> <span class='ocrx_word' id='word_1_297' title='bbox 1037 3957 1089 4002; x_wconf 80' lang='lat' dir='ltr'><strong>Isto</strong></span> <span class='ocrx_word' id='word_1_298' title='bbox 1099 3965 1217 4022; x_wconf 71' lang='lat' dir='ltr'><strong>umpom,</strong></span> 
     </span>
     <span class='ocr_line' id='line_1_38' title="bbox 153 4036 1216 4104; baseline -0.006 -12"><span class='ocrx_word' id='word_1_299' title='bbox 153 4045 291 4096; x_wconf 81' lang='lat' dir='ltr'><strong>autbellnnr</strong></span> <span class='ocrx_word' id='word_1_300' title='bbox 302 4047 452 4104; x_wconf 79' lang='lat' dir='ltr'><strong>Marsicum,</strong></span> <span class='ocrx_word' id='word_1_301' title='bbox 468 4060 513 4092; x_wconf 78' lang='lat' dir='ltr'><strong>reu</strong></span> <span class='ocrx_word' id='word_1_302' title='bbox 524 4044 608 4102; x_wconf 75' lang='lat' dir='ltr'><strong>civile,</strong></span> <span class='ocrx_word' id='word_1_303' title='bbox 619 4042 664 4090; x_wconf 85' lang='lat' dir='ltr'><strong>ad·</strong></span> <span class='ocrx_word' id='word_1_304' title='bbox 707 4053 758 4101; x_wconf 87' lang='lat' dir='ltr'><strong>qno</strong></span> <span class='ocrx_word' id='word_1_305' title='bbox 772 4038 802 4085; x_wconf 82' lang='lat' dir='ltr'><strong>&lt;le</strong></span> <span class='ocrx_word' id='word_1_306' title='bbox 817 4039 870 4102; x_wconf 72' lang='lat' dir='ltr'><strong>lege</strong></span> <span class='ocrx_word' id='word_1_307' title='bbox 885 4037 986 4086; x_wconf 81' lang='lat' dir='ltr'><strong>Manilia</strong></span> <span class='ocrx_word' id='word_1_308' title='bbox 1000 4036 1126 4104; x_wconf 68' lang='lat' dir='ltr'><strong>agebam,</strong></span> <span class='ocrx_word' id='word_1_309' title='bbox 1142 4039 1216 4086; x_wconf 78' lang='lat' dir='ltr'><strong>Pom-</strong></span> 
     </span>
     <span class='ocr_line' id='line_1_39' title="bbox 153 4115 1145 4200; baseline -0.011 -24"><span class='ocrx_word' id='word_1_310' title='bbox 153 4125 326 4185; x_wconf 61' lang='lat' dir='ltr'><strong>nummu</strong></span> <span class='ocrx_word' id='word_1_311' title='bbox 339 4141 396 4174; x_wconf 84' lang='lat' dir='ltr'><strong>nam</strong></span> <span class='ocrx_word' id='word_1_312' title='bbox 419 4139 475 4172; x_wconf 86' lang='lat' dir='ltr'><strong>omn</strong></span> <span class='ocrx_word' id='word_1_313' title='bbox 494 4124 533 4172; x_wconf 91' lang='lat' dir='ltr'><strong>bia</strong></span> <span class='ocrx_word' id='word_1_314' title='bbox 550 4121 663 4172; x_wconf 79' lang='lat' dir='ltr'><strong>hostibus</strong></span> <span class='ocrx_word' id='word_1_315' title='bbox 706 4117 819 4183; x_wconf 77' lang='lat' dir='ltr'><strong>peiurad</strong></span> <span class='ocrx_word' id='word_1_316' title='bbox 826 4118 937 4168; x_wconf 74' lang='lat' dir='ltr'><strong>ciliciam</strong></span> <span class='ocrx_word' id='word_1_317' title='bbox 948 4115 1145 4200; x_wconf 74' lang='lat' dir='ltr'><strong>castnbabebat.</strong></span> 
     </span>
    </p>
   </div>
   <div class='ocr_carea' id='block_1_5' title="bbox 1061 4181 1094 4254">
    <p class='ocr_par' dir='ltr' id='par_1_5' title="bbox 1061 4181 1094 4254">
     <span class='ocr_line' id='line_1_40' title="bbox 1061 4181 1094 4254; baseline 0.03 -1"><span class='ocrx_word' id='word_1_318' title='bbox 1061 4181 1094 4254; x_wconf 75' lang='grc' dir='ltr'><strong>ὀ.</strong></span> 
     </span>
    </p>
   </div>
   <div class='ocr_carea' id='block_1_6' title="bbox 0 0 1486 4682">
    <p class='ocr_par' dir='ltr' id='par_1_6' title="bbox 0 0 1486 4682">
     <span class='ocr_line' id='line_1_41' title="bbox 0 0 1486 4682; baseline 0 0"><span class='ocrx_word' id='word_1_319' title='bbox 0 0 1486 4682; x_wconf 95' lang='lat' dir='ltr'><strong> </strong></span> 
     </span>
    </p>
   </div>
  </div>
 </body>
</html>
