2976 4670
333 383 423 454 PRO
446 383 812 456 JUREGONSULTIS
836 383 1052 456 ROMANIS.
1154 381 1225 456 585

157 503 198 569 de
210 504 347 569 Oratore
359 505 421 592 (ι),
435 503 486 588 id,
502 503 592 593 quod
605 506 740 594 quaeris,
757 504 920 587 invebies3
935 523 1049 594 quater
1062 505 1226 594 (2)euim,

157 627 319 697 quantum
338 610 478 691 scimus,
503 610 600 692 hujus
625 611 766 674 historiae
784 613 989 676 mentionem
1012 613 1124 676 Cicero
1139 613 1225 678 fecit.

159 715 248 798 Quid
264 737 342 804 ergo
360 715 405 780 ibi
421 715 554 781 ait?.....
571 717 726 781 «Veteres
742 717 806 794 illi,
824 718 880 805 qui
897 717 974 780 huie
988 717 1128 782 soenuae
1142 739 1228 806 prte-

158 825 311 904 fuerunt,
334 821 521 886 obtinendae
546 839 643 911 atque
666 823 820 913 augendis
840 823 998 912 potentiae
1011 845 1077 888 suae
1098 845 1227 906 caussa,

157 927 338 1017 pervulgari
354 943 455 992 artem
475 951 567 994 suam
588 928 768 994 noluerunt
787 952 795 994 ι
818 927 936 994 deinde
949 943 1161 1017 posteaquam
1177 945 1227 992 est

158 1030 297 1109 editum,
325 1033 476 1121 expositis
499 1056 517 1097 a
541 1035 598 1100 Cn.
623 1035 734 1100 Flavio
750 1035 894 1123 primum
921 1035 1124 1116 actionibus,
1145 1034 1226 1098 nulli
1330 1054 1332 1064 ¹

157 1140 306 1219 fuerunt,
323 1139 379 1226 qui
391 1136 440 1202 illa
455 1138 626 1204 artificiose
637 1139 759 1228 digesta
769 1140 948 1229 generatim
961 1157 1226 1228 componerent».

157 1244 223 1308 En!
237 1247 295 1308 Cn.
309 1245 437 1308 Flavius
455 1245 622 1310 «actiones
639 1248 812 1311 occultatas
831 1245 1013 1335 exposuit».
1034 1247 1149 1339 Recte,
1169 1246 1226 1310 sed

157 1350 226 1438 ipse
244 1351 341 1414 etiam
362 1351 430 1416 illas
453 1356 641 1439 composuit,
663 1353 799 1418 minime
821 1369 931 1418 autern
949 1352 1146 1416 fraudulenti
1167 1333 1226 1440 pai·

159 1456 265 1538 tricii,
282 1457 340 1544 qui
356 1459 418 1521 isto
436 1473 543 1522 umen
558 1459 695 1522 crimine
708 1461 850 1523 accusari
866 1461 972 1524 solent
984 1457 1044 1545 (3).
1062 1459 1139 1522 Haec
1154 1481 1226 1522 ora-

157 1560 236 1624 toris
253 1563 356 1626 nostri
373 1579 450 1628 sunt
461 1563 558 1627 verba
574 1562 623 1650 (4)
636 1587 643 1628 :
657 1595 670 1620 κ
684 1565 773 1646 Quid
785 1584 863 1656 ergo
874 1563 1028 1653 profecit,
1043 1561 1132 1650 quod
1148 1583 1225 1649 pro·

159 1667 234 1731 tulit
258 1668 383 1733 fastos?
410 1670 610 1734 Occultatam
636 1687 753 1758 putant
783 1670 925 1758 qarodam
957 1686 1102 1756 tempore
1130 1669 1224 1732 istam

159 1771 318 1855 tabulam,
330 1787 369 1837 ut
382 1773 450 1838 dies
463 1773 579 1864 agendi
593 1789 782 1863 peterentur
794 1797 811 1838 a
823 1773 944 1864 paucis.
961 1774 1031 1839 Nec
1043 1794 1120 1866 vero
1131 1774 1225 1866 pauci

159 1893 236 1941 sunt
253 1895 418 1964 auctores,
441 1882 500 1945 Cn.
522 1881 668 1945 Flavium
684 1883 783 1946 fastos
805 1881 996 1971 protulisse,
1018 1869 1226 1967 actionesque

159 1985 413 2072 composuisse».
428 1971 618 2088 Ipsergitur
635 1986 761 2052 Flavius
778 1988 939 2068 actiones,
953 2007 1025 2074 que
1042 1998 1116 2049 ante
1134 1985 1226 2050 illum

158 2089 287 2154 incertae
313 2087 359 2178 (5)
384 2094 469 2155 forte
494 2080 641 2174 firmant,
666 2104 723 2156 aut
749 2093 783 2156 in
807 2091 953 2157 ordinem
979 2113 1046 2154 non
1072 2073 1226 2170 redacte,

159 2197 352 2284 composuit.
371 2197 527 2260 Disseruit
541 2197 713 2264 Raevardus
730 2197 790 2286 (6).
811 2181 942 2264 Prolato
956 2194 1129 2262 Ciceronis
1135 2196 1227 2276 loco,

160 2303 264 2366 Haec
271 2304 383 2368 Cicero
391 2303 543 2392 ,inquit,
559 2315 644 2388 non,
661 2323 699 2370 ut
705 2289 798 2370 milii
814 2289 946 2394 quidem
965 2305 1113 2384 vide't'ur,
1130 2304 1227 2367 actio·

160 2422 217 2472 n'es
228 2397 290 2471 Cn.
306 2409 452 2472 Flavium
467 2412 689 2498 composuisse
706 2419 896 2499 persuasum
908 2391 1050 2492 habens}
1068 2408 1124 2473 sed
1136 2432 1226 2473 com·

158 2513 294 2602 positas,
319 2529 352 2576 et
381 2514 422 2578 ad
451 2515 589 2582 formam
617 2518 658 2580 ab
687 2518 793 2607 Appio
821 2515 976 2599 Claudio,
1003 2517 1096 2597 cujus
1123 2514 1227 2579 scriba

160 2618 285 2683 Flavius
311 2635 393 2700 erat,
414 2619 575 2703 redactas,
598 2623 817 2710 proposuisse.
842 2623 890 2684 Ita
913 2623 1000 2686 enim
1014 2620 1227 2710 ,Pomponius

160 2726 288 2808 scribit,
313 2743 345 2791 et
369 2726 495 2804 idcirco¹
509 2726 689 2794 videndum
705 2727 823 2807 est„an
840 2749 906 2791 non
927 2729 1045 2792 rectius
1062 2725 1227 2820 hic-apud

160 2832 352 2896 Ciceronem
369 2837 590 2918 proposuisse,
612 2852 709 2919 quam
725 2837 940 2918 contpoutitte,
953 2832 1114 2918 legeretur
1135 2831 1226 2893 huuc

160 2937 194 2998 in
221 2934 357 3032 modum
377 2937 486 3029 :QNec
503 2957 582 3000 vero
607 2937 700 3025 pauci
726 2937 806 3000 sun't
826 2951 973 3000 auctores
998 2937 1057 3000 Gn.
1080 2935 1225 3000 Flavium

171 3035 174 3051 ¹
745 3038 748 3048 ·
867 3041 870 3066 :
1026 3033 1046 3066 ξι
1077 3035 1096 3064 ἰ
1124 3035 1185 3068 ‚tw
1221 3042 1224 3051 ¹

197 3229 342 3300 ()Ltb.,1
355 3219 464 3298 apti.

196 3338 299 3405 ()Hac
311 3351 372 3388 orat
382 3355 430 3404 pro
441 3339 508 3388 Mur.
521 3356 575 3402 cap.
587 3355 631 3398 ¹23
651 3339 681 3386 do
693 3341 764 3388 Orat
776 3337 804 3387 ds
815 3337 841 3386 l.'
850 3337 881 3385 ad
892 3339 949 3386 ’.Αιι
966 3313 989 3385 d.
998 3339 1048 3387 lib.
1056 3332 1090 3387 VI
1098 3314 1226 3406 ,ep'is1.,
1202 3333 1224 3388 i

160 3430 221 3477 etin
232 3428 302 3476 libris
314 3430 343 3476 de
357 3427 505 3492 Republica,
518 3439 546 3474 ut
561 3444 591 3474 ex
607 3428 743 3492 posteriore
756 3424 870 3475 illo‘iocb
884 3423 998 3492 patet'

192 3535 232 3602 (3)
223 3537 358 3600 )Praeterea
372 3533 613 3582 animadvertendum
630 3545 682 3591 est,
703 3517 795 3581 etiamsi
814 3533 898 3582 demus
911 3535 1020 3597 Appium
1039 3531 1157 3582 actiories
1155 3513 1227 3582 edm

163 3623 287 3688 posuisse,
300 3619 393 3688 paucos
403 3633 497 3672 untum
511 3637 588 3670 annos
598 3623 661 3670 benc
673 3623 782 3670 fraudem
790 3622 910 3680 verume,
930 3634 1005 3685 quum
1017 3621 1113 3670 navim
1120 3619 1178 3687 qut
1188 3638 1227 3671 eas

160 3711 294 3776 evulgavit,
311 3713 387 3777 Appii
402 3712 479 3761 scriba
493 3713 574 3761 suerit.
716 3711 718 3718 '
1199 3696 1224 3722 ¹

195 3815 287 3883 (4)Αά
302 3819 379 3865 Attio.
394 3817 437 3868 lib.
446 3819 501 3876 VI,
518 3819 591 3882 epist.
605 3834 629 3866 ι,

195 3921 235 3986 (5)
252 3925 311 3972 Haeo
330 3937 386 3968 sane
405 3920 529 3968 Thomasii
548 3933 585 3969 est
606 3921 741 3981 sententia,
756 3922 895 3984 neutiquam
915 3919 1075 3982 improbanda
1090 3917 1133 3986 (de
1155 3921 1225 3970 Naev.

160 4011 266 4075 Jurispr.
279 4010 323 4057 lib.
334 4012 358 4068 1,
372 4025 426 4073 cap.
443 4009 457 4055 5
465 4043 473 4068 ,
484 4025 556 4058 naevo
571 4007 606 4076 8).

196 4115 236 4183 (6)
251 4119 288 4166 De
301 4115 455 4165 Auctoritate
468 4115 543 4165 Prud.
554 4132 608 4180 cap.
627 4132 656 4172 a,
673 4132 730 4180 pag.
746 4090 805 4176 954¹.
