2956 4676
245 395 309 441 tta
563 371 611 438 Μ.
637 373 676 440 Τ.
703 370 982 456 CICERONIS
1027 403 1030 412 v

238 507 310 582 est,
331 507 368 564 et
393 492 481 564 iliud
506 515 574 590 pro
598 489 953 590 potestate⁶dinritti
972 490 1097 586 jussit;
1123 487 1308 559 Stalenum

237 605 314 701 ipse
332 601 378 673 ad
396 600 565 673 subsellia
585 601 744 672 adduxit.
768 604 1009 699 Consurgitur
1032 601 1071 670 in
1092 597 1307 710 eonsilium3

238 739 353 811 quum
369 716 563 784 sententias
578 714 817 810 Oppianicus,
832 737 913 809 quse
929 725 1007 781 tum
1020 721 1118 781 erat⁷
1139 724 1307 807 potestas,

239 825 356 922 palam
382 823 465 895 ferri
487 823 578 894 velle
603 823 769 910 dixisset,
800 837 841 892 ut
866 821 1030 892 Staienus
1053 820 1140 890 scire
1168 834 1306 915 posset,

238 932 328 1029 quid
347 935 478 1030 cuique
502 932 707 1004 deberetur.
728 933 834 1003 Varia
847 931 1011 1028 judicum
1029 952 1185 1024 genera:
1205 953 1307 998 num-

239 1037 364 1113 marii8
389 1043 515 1141 pauci3
541 1041 604 1113 sed
628 1031 757 1113 omnes
783 1041 874 1112 irati.
905 1043 953 1110 Ut
978 1041 1065 1134 qui⁹
1086 1041 1248 1134 accipere
1270 1041 1307 1108 in

236 1175 367 1251 campo
393 1167 632 1238 consuerunt,
650 1154 693 1222 iis
715 1149 933 1238 candidatis,
959 1171 1118 1247 quorum
1139 1163 1309 1219 nummos

240 1287 453 1360 suppressos
476 1286 553 1333 esse
581 1277 728 1360 putant,
749 1262 985 1333 inimicissimi
1007 1261 1124 1332 solent
1143 1283 1239 1344 esse;
1259 1259 1309 1330 sic

241 1371 420 1468 ejusmodi
447 1371 588 1466 judices
617 1369 737 1443 infesti
772 1386 851 1443 turn
884 1394 949 1442 reo
976 1384 1160 1442 venerant.
1189 1371 1310 1441 Ceteri

236 1485 577 1553 nocentissimum¹⁰
604 1477 681 1553 esse
706 1481 992 1568 arbitrabantur3
1013 1481 1076 1552 sed
1097 1479 1309 1578 spectabant

217 1625 221 1633 v
239 1594 416 1663 sententia
432 1615 582 1682 eorum,
603 1617 697 1688 quos
716 1607 909 1692 corruptos
926 1590 1123 1691 putabant,
1141 1606 1182 1663 ut
1203 1591 1309 1662 exiis

230 1703 524 1795 ,constituerent,
554 1728 575 1775 a
604 1728 680 1800 quo
695 1713 723 1748 ¹¹
755 1703 933 1800 judicium
962 1715 1174 1800 corruptum
1207 1700 1308 1772 vide·

237 1826 350 1882 retur.

286 1925 450 1994 XXVIII.
470 1927 561 1994 Ecce
579 1923 666 1994 tibi¹
693 1924 870 2018 ejusmodi
886 1924 1046 2010 sortitio,
1064 1937 1105 1992 ut
1123 1923 1162 1989 in
1182 1919 1308 2017 primis

238 2030 373 2120 Bulbo,
390 2046 427 2103 et
440 2033 604 2120 Staieno,
617 2047 652 2104 et
663 2036 783 2104 Guttae
796 2047 888 2105 esset
894 2031 1142 2130 judicandum.
1156 2033 1306 2100 Summa

237 2144 402 2213 omniurn
415 2145 647 2241 exspectatio,
655 2143 828 2241 quidnam
845 2145 1030 2215 sententiae
1044 2140 1198 2212 ferrent²
1211 2139 1309 2210 leves

238 2277 279 2324 ac
297 2253 488 2324 nummarii
511 2252 662 2348 judices.
698 2258 818 2351 Atque
838 2255 889 2325 ilii
908 2277 1036 2325 omnes
1055 2254 1131 2324 sine
1149 2249 1308 2321 ulla'du-

239 2361 417 2432 bitatione
435 2360 690 2435 condemnant.
717 2368 785 2436 Hic
807 2379 885 2435 tum
906 2365 1060 2460 injectus
1077 2377 1129 2434 est
1149 2361 1307 2432 homini-

238 2471 308 2543 hus
329 2471 538 2569 scrupulus,
560 2487 597 2544 et
619 2472 784 2570 quaedam
803 2475 1001 2563 dubitatio,
1020 2471 1192 2571 quidnam
1216 2484 1309 2542 esset
1335 2553 1340 2559 .

238 2578 394 2654 actum³.
412 2582 551 2653 Deinde
570 2583 737 2656 homines
756 2587 954 2684 sapientes,
972 2608 1017 2656 ex
1035 2599 1155 2655 vetere
1174 2582 1233 2653 illa
1253 2580 1307 2652 di-

124 2712 129 2730 ¹
238 2691 388 2790 sciplina
410 2691 649 2788 judiciorum,
676 2697 739 2792 qui
763 2685 883 2793 n¹eque
908 2694 1094 2767 absolvere
1120 2691 1307 2764 hominem

238 2803 534 2874 nocentissimum
564 2818 738 2903 possent,
765 2828 887 2902 neque
915 2829 1021 2892 enni,
1050 2803 1096 2874 de
1118 2828 1194 2899 quo
1214 2814 1308 2873 esset

238 2927 318 2984 orta
343 2913 525 3010 suspicio,
553 2915 707 3011 pecunia
733 2929 987 3013 oppugnatum
997 2918 1026 3002 4,
1052 2939 1091 2985 re
1116 2912 1177 2983 illa
1204 2913 1307 2982 inco·

272 3075 298 3124 6.
312 3077 359 3122 Pro
370 3085 498 3138 potestate.
519 3073 658 3135 'tribunitio
668 3076 732 3138 jure.
834 3091 873 3125 rt.
893 3079 917 3124 A
930 3092 988 3141 quo.
1002 3077 1057 3140 Qua
1070 3091 1102 3124 ex
1113 3083 1197 3140 perte,
1219 3072 1308 3122 Cluen·

274 3171 300 3216 7.
312 3155 493 3217 Eratpotestas.
500 3153 576 3227 Quod
585 3164 644 3202 tunc
654 3167 749 3220 tempo·
793 3155 865 3214 tiine,
877 3172 909 3203 en
920 3154 1060 3220 Oppianici.

238 3231 437 3281 rumitant.
631 3221 634 3226 ’
827 3235 950 3284 xxvur.
965 3251 986 3283 t.
996 3231 1119 3282 receset.
1131 3230 1307 3295 utinquam

275 3313 298 3360 8.
323 3308 471 3360 Nummart't'.
494 3311 613 3372 Venales,
627 3312 747 3378 qnibuee
792 3325 859 3364 sorte
873 3313 969 3372 evenit,
984 3323 1114 3377 nt‚qunm
1127 3310 1308 3376 pentordeju·

238 3390 337 3438 Staieno
359 3389 478 3452 promisee
499 3393 605 3455 primurn
628 3393 749 3457 pecunie,
792 3392 876 3442 dicuin
888 3393 974 3442 ordine
982 3409 1011 3442 ae
1022 3392 1079 3440 loeo
1093 3392 1120 3442 in
1134 3389 1238 3439 serendis
1248 3405 1306 3437 een·

239 3467 327 3520 deinde
339 3479 436 3532 negate.
791 3474 874 3520 teutiIe
893 3473 1033 3534 sortiretur,
1057 3471 1093 3520 illi
1114 3469 1233 3536 printed
1249 3485 1307 3517 sen·

274 3565 299 3613 9.
322 3550 354 3595 Ut
365 3546 416 3614 qui.
437 3549 648 3611 Quemadmodum
671 3550 690 3597 ii
706 3552 749 3614 qni
793 3551 892 3599 tentiam
906 3550 1034 3599 dicendam
1053 3550 1250 3614 designarentur,
1262 3549 1307 3611 qui

237 3646 280 3680 sue
293 3631 320 3677 in
336 3629 440 3676 comitiis
454 3629 563 3678 vendunt
573 3629 751 3693 tassignan-
794 3632 898 3694 peeunie
910 3630 995 3678 tentati
1009 3629 1165 3680 videbantur.

239 3708 361 3759 seetiteimi
378 3708 479 3757 veniunt
501 3708 631 3757 candidato
643 3708 688 3768 illi,
707 3711 750 3773 qui
830 3725 856 3758 a.
865 3712 967 3758 Ferrent
976 3709 1045 3758 leves.
1054 3709 1094 3756 Ilii
1103 3711 1145 3773 qui
1154 3707 1212 3756 fidei
1221 3721 1307 3772 perum

237 3789 356 3854 promisee
369 3787 473 3851 pecunie
492 3787 559 3850 ipeoe
573 3787 709 3848 fraudavit,
725 3800 750 3838 et
794 3787 1032 3837 membebebentur.

240 3867 312 3916 fidem
325 3882 392 3914 estem
406 3882 457 3914 non
470 3866 587 3929 implerit
829 3869 854 3916 ³.
862 3863 1307 3930 Qnidnamessetaetumdnnffluen-

277 3962 316 3995 ιο.
330 3944 617 3995 omnitenentem
635 3945 746 3996 Inmbin.
792 3950 827 3996 tio
840 3949 889 4010 jem
902 3948 1130 4012 inimnteompti,
1142 3945 1211 4010 qnod
1220 3942 1308 3993 verm

240 4025 280 4074 ed.
292 4025 518 4074 inmeentietimum.
536 4027 553 4074 J
556 4063 563 4076 .
575 4029 608 4074 V.
620 4028 649 4076 t.
664 4055 698 4064 -
709 4027 750 4078 Ce-
796 4027 868 4076 Iuieee
879 4038 988 4092 apparet.

239 4104 292 4152 teri.
306 4105 371 4154 Jneti
382 4116 407 4153 et
419 4104 513 4168 integri.
833 4116 856 4164 t.
870 4105 979 4156 Pecunia
991 4115 1165 4170 oppugnatur.
1187 4103 1229 4154 Ad
1251 4119 1308 4152 eum
