3026 4680
235 425 1300 459 mmmmwmmmwmmmmmmmm

467 712 1066 820 ARGUMENTUM.

182 1029 188 1052 ι
230 1007 388 1080 Postquam
410 999 563 1060 Catilinam
589 999 621 1058 in
649 1011 745 1060 castra
764 998 906 1062 statim
924 997 1091 1077 profertum
1116 1015 1179 1056 osso
1207 1001 1309 1059 Romae

270 1107 452 1176 compertum
464 1108 524 1170 est,
535 1107 667 1167 senatum,
682 1083 716 1156 ut
734 1107 835 1156 narrat
849 1094 1022 1167 snumtius,
1035 1112 1062 1152 r.
1075 1091 1114 1157 tt
1130 1109 1212 1170 seqq.
1230 1093 1308 1152 Cati-

270 1197 361 1255 linam
372 1208 402 1256 et
412 1194 545 1254 Mallium
554 1193 653 1254 bo'stes
663 1193 792 1272 judioat;
805 1207 947 1274 proterea
958 1191 1106 1264 desernit,
1119 1191 1164 1252 uti
1174 1191 1309 1253 consules

269 1293 416 1355 delectum
433 1289 579 1364 babeant,
598 1292 745 1352 Antonius
762 1310 829 1352 oum
849 1289 980 1350 exercitu
1000 1288 1153 1350 Catilinam
1171 1289 1312 1367 persequi

269 1401 416 1462 maturet,
432 1389 539 1456 ,Cieoro
562 1387 631 1448 urbi
651 1388 790 1468 prasidio
812 1388 858 1450 sit
881 1386 994 1450 Eodem
1014 1400 1147 1466 tempore
1167 1385 1310 1446 Ienmlus

268 1491 344 1548 Sura
352 1491 386 1546 P.
400 1485 553 1547 Umbreno
566 1484 683 1546 cuidem
694 1486 842 1566 negotium
853 1485 921 1559 det,
935 1484 978 1544 uti
993 1486 1103 1563 legatos
1114 1481 1309 1562 Allobrogum

268 1583 418 1662 requirat,
431 1601 541 1662 eosqtm
554 1584 579 1642 si
593 1583 700 1662 possit,
713 1584 843 1664 impellat
854 1583 891 1644 ad
902 1583 1072 1643 societatem
1085 1580 1166 1642 belli.
1181 1579 1310 1642 Umbre-

272 1700 328 1740 nus
339 1693 495 1759 postquam
508 1699 559 1740 eos
571 1679 655 1740 videt
666 1681 752 1759 queri
765 1680 802 1739 de
818 1680 938 1740 sortitio
950 1680 1190 1759 magistratuum,
1211 1696 1262 1738 eos
1278 1677 1310 1734 in

269 1774 391 1838 domurn
402 1775 529 1838 absentis
543 1775 628 1836 Bmti
644 1776 711 1836 foro
724 1776 921 1856 propinquam
936 1774 1027 1845 duait,
1037 1773 1079 1838 ibi
1093 1785 1236 1853 prasente
1247 1777 1311 1834 Ca-

269 1871 352 1934 binio
371 1875 605 1953 conjurationem
618 1874 728 1953 aperit,
748 1873 842 1933 sorios
855 1873 1004 1947 nominet,
1019 1873 1087 1934 dein
1102 1891 1154 1934 eos
1164 1872 1311 1952 polliritos

268 1989 391 2051 operam
403 1989 486 2031 sunm
499 1970 629 2032 dimittit.
642 1969 818 2050 Allobroges
830 1991 863 2030 re
874 1969 1049 2044 deliberato,
1058 1989 1114 2049 pro
1125 1970 1237 2030 inoorta
1247 1989 1310 2048 spe,

270 2081 352 2132 certa
364 2069 485 2148 pramis
500 2070 607 2129 mereri
623 2069 752 2139 malunts
766 2073 803 2143 Q.
814 2068 919 2128 Fulvio
930 2071 1033 2146 stage
1046 2086 1108 2126 rem
1119 2086 1235 2130 omnem
1245 2110 1254 2140 ‚
1266 2067 1310 2126 uti

272 2181 491 2245 cognoverant,
505 2166 651 2246 aperiunt.
666 2167 771 2227 Cicero
792 2185 846 2244 per
859 2157 983 2244 Sadgflt
998 2165 1121 2224 oonsilio
1136 2164 1254 2244 oognito
1267 2164 1310 2224 le-

272 2265 348 2342 gatis
361 2265 495 2344 proripit
505 2307 513 2335 ,
525 2277 559 2324 ut
578 2264 706 2326 studium
724 2263 933 2342 conjurationis
953 2260 1142 2324 vehementer
1158 2262 1308 2332 simulent,

267 2371 382 2418 eeteros
393 2359 516 2432 rdeaut,
529 2358 605 2420 bene
615 2359 819 2438 pollioeantur,
833 2359 962 2437 dentque
972 2370 1144 2438 operam,ut
1156 2376 1206 2418 eos
1217 2377 1307 2435 quom

266 2455 393 2517 maxime
402 2455 572 2516 manifestos
585 2453 766 2515 babeant...
778 2461 819 2516 At
831 2458 933 2516 Rornae
945 2458 1087 2518 Iennrlns
1104 2475 1171 2516 oum
1183 2456 1306 2525 ceteris,

268 2552 320 2630 qui
329 2550 478 2632 principer
491 2551 701 2630 conjurationis
714 2567 813 2627 erant,
823 2556 943 2633 peratis,
955 2567 989 2615 ut
999 2554 1184 2628 videbantur,
1195 2554 1306 2634 magnis

265 2650 369 2731 copiis,
383 2651 614 2724 constituerunt,
628 2666 663 2712 nt
676 2653 803 2714 Catilina
814 2653 844 2713 in
855 2673 957 2732 ugrum
970 2655 1145 2716 Fosulrnum
1155 2673 1248 2733 quum
1258 2673 1306 2712 ve·

264 2749 370 2822 nisset,
386 2753 420 2808 t..
429 2749 526 2810 Bestia
539 2749 675 2810 tribunus
690 2751 800 2830 plebis,
811 2753 952 2812 oonoione
966 2750 1077 2821 habite,
1085 2764 1259 2830 quereretur
1269 2749 1306 2808 de

266 2846 432 2911 actionibus
447 2848 613 2921 Cioeronis,
638 2847 766 2927 bellique
779 2848 940 2926 gravissimi
954 2847 1094 2907 invidiam
1110 2848 1223 2926 optimo
1237 2867 1306 2907 oon-

264 2943 321 3002 suli
337 2942 515 3021 irnponerot3
531 2963 568 3002 eo
588 2943 670 3022 signo
684 2944 819 3023 proxima
837 2957 924 3004 noete
938 2957 1036 3003 rotem
1054 2943 1213 3004 multitudo
1235 2963 1304 3002 oon·

261 3039 419 3116 jurationis
428 3058 520 3100 sunm
531 3041 657 3117 quisque
674 3041 823 3119 nogotium
837 3052 1075 3121 exsequerentur.
1089 3039 1148 3102 Sed
1164 3059 1199 3100 ea
1212 3038 1304 3100 divisa

263 3134 321 3194 boo
332 3135 423 3196 modo
435 3133 618 3196 dicebantur.
632 3137 763 3198 Statilius
776 3152 806 3196 ot
815 3137 957 3200 Gabinius
965 3138 1010 3198 uti
1019 3157 1086 3198 cum
1099 3156 1204 3217 magna
1214 3155 1302 3202 mauu

264 3233 421 3297 duodecim
433 3233 520 3294 simul
533 3246 702 3314 oppomrnr
714 3236 779 3294 loca
792 3233 876 3296 urbis
888 3235 1092 3309 incenderent,
1106 3255 1166 3316 quo
1177 3235 1303 3296 tumultu

263 3329 379 3390 facilior
389 3329 486 3390 sdims
496 3330 535 3389 ad
546 3330 696 3392 consulem
706 3332 1101 3412 etenteros,quibusinsidite
1111 3331 1302 3414 petebantur,

265 3429 367 3502 lieret3
381 3427 527 3508 Cetbegus
539 3428 690 3489 Ciceronis
700 3430 819 3509 januum
832 3431 997 3506 obsideret,
1009 3453 1077 3492 eum
1090 3432 1120 3492 vi
1133 3429 1301 3510 aggredere·

264 3522 332 3599 tur5
349 3525 428 3586 alius·
439 3539 536 3585 sutem
550 3525 656 3597 alium,
674 3526 727 3588 titii
743 3527 939 3603 familiarum,
952 3547 1081 3607 qnorum
1094 3547 1130 3588 ott
1148 3525 1300 3590 nobilitate

262 3624 387 3684 maxims
407 3643 497 3702 pars,
522 3637 658 3703 parentes
674 3623 889 3698 interficerent.
912 3627 997 3688 simut
1021 3625 1101 3688 eade
1119 3637 1149 3684 et
1165 3623 1300 3686 iuoendio

261 3720 402 3797 peronius
417 3718 571 3793 omnibus,
585 3720 623 3779 ad
640 3721 794 3784 Catilinam
807 3733 1044 3802 erumperent...
1056 3721 1114 3784 sod
1125 3719 1299 3799 Allobroges

261 3834 298 3874 ox
314 3828 463 3895 precepto
483 3815 631 3881 Cioorouis
657 3837 710 3896 per
732 3817 889 3886 Gabinium
910 3835 1024 3880 oeteros
1046 3817 1238 3890 oonteoiout,
1259 3815 1297 3875 ab

262 3913 396 3981 homin,
408 3913 554 3994 Cethego,
567 3916 701 3994 Statilio,
723 3916 792 3980 item
806 3918 907 3980 Cassio
920 3917 1069 3997 postulant
1083 3913 1296 3993 jusjurandum,

261 4010 342 4088 quod
355 4012 498 4090 signatum
514 4011 550 4070 ad
565 4014 643 4072 cives
658 4015 822 4092 perierant3
834 4016 921 4074 aliter
935 4014 1012 4074 bnud
1028 4013 1112 4083 sarilo
1122 4033 1173 4074 uos
1185 4011 1224 4076 ttti
1236 4025 1297 4072 tau·

263 4121 322 4170 tum
337 4109 486 4190 negotium
497 4109 607 4188 impelli
619 4112 889 4187 possemuermttrtt
901 4113 1080 4192 impleantur
1090 4111 1175 4184 dant;
1184 4111 1298 4171 Cassius
