2934 4680
242 355 288 442 26
561 357 611 427 Μ.
629 358 671 428 Τ.
696 356 976 432 CICERONIS

237 477 436 550 multorum
457 501 546 576 opes
567 480 722 554 alliciant
739 479 784 552 ad
803 477 1106 568 misericordiam,
1123 483 1295 556 maxime·

237 613 310 687 que
326 613 469 676 eorum,
486 591 549 684 qui
568 604 631 660 aut
648 613 749 686 reges
768 604 869 678 suut,
889 605 951 662 aut
966 595 1092 660 vivunt
1109 590 1147 660 in
1161 615 1295 688 reguo3

237 698 337 796 quod
358 698 476 794 regale
496 700 538 770 iis
559 723 714 788 nomen,
735 723 905 797 maguum
924 714 960 771 et
974 713 1137 773 sanctum
1150 723 1226 772 esse
1240 703 1294 770 ni-

237 807 374 881 deatur.
400 813 526 906 ltaque
551 823 691 880 tautum
715 810 832 884 rictus
856 806 998 882 efficere
1019 809 1157 906 potuit,
1176 832 1295 905 quain

237 932 314 990 tum
328 928 357 964 ¹²
387 908 579 990 incolumis
603 943 803 1016 numquam
830 932 885 990 est
910 943 1018 991 ausus
1038 931 1174 1015 optare.
1202 919 1295 988 Natu

236 1051 350 1126 quum
376 1033 478 1102 sein
504 1052 656 1125 regnum
677 1029 870 1126 recepisset
894 1051 1021 1114 suum,
1050 1051 1125 1097 nou
1155 1023 1223 1096 fuit
1250 1048 1297 1096 eo

237 1152 448 1226 contentus,
468 1136 569 1236 quod
590 1140 623 1209 ei
643 1152 771 1236 praeter
787 1161 888 1235 spem
909 1135 1103 1222 acciderat,
1121 1133 1298 1220 utillum,

236 1262 470 1346 posteaquam
483 1249 607 1346 pulsus
618 1262 708 1334 erat,
721 1243 1074 1343 terram¹³umquam
1087 1244 1295 1339 attingerem

236 1355 360 1430 sedin
389 1361 584 1430 exercitum
607 1371 785 1442 restrum,
810 1357 946 1430 clarum
969 1369 1078 1451 atque
1102 1355 1297 1437 victorem,

236 1468 414 1563 impetum
444 1464 582 1540 fecitu.
619 1467 731 1538 Sinite
767 1466 838 1538 hoc
868 1466 969 1552 loco,
999 1465 1175 1554 Quirites,
1204 1461 1298 1532 sicut

236 1589 351 1673 pootae
365 1575 499 1663 solent,
513 1580 576 1672 qui
591 1599 648 1646 res
664 1599 830 1650 romanas
844 1574 1026 1659 scribunt,
1043 1573 1224 1671 preterire
1236 1595 1298 1643 me

236 1698 396 1754 nostram
426 1683 690 1756 calamitatem:
723 1709 804 1782 qum
831 1697 931 1756 tanta
955 1681 1044 1768 fuit,
1074 1696 1116 1754 ut
1146 1678 1297 1754 eumad

235 1815 340 1864 aures
356 1799 396 1866 1,
415 1794 557 1868 Luculli
577 1819 653 1866 non
675 1819 718 1866 ex
739 1794 860 1892 praelio
884 1795 1053 1881 nuntius,
1075 1790 1137 1864 sed
1158 1816 1203 1870 ex
1221 1813 1296 1860 ser·
1363 1843 1365 1846 -

235 1927 346 1976 moue
367 1929 494 1976 rumor
517 1903 673 1978 afferret.
696 1908 763 1976 llic
782 1906 823 1978 iu
846 1905 926 2002 ipso
948 1903 1009 1976 illo
1031 1903 1147 1988 malo,
1167 1900 1297 1995 gravis·

235 2012 398 2110 simaque
429 2013 514 2086 belli
545 2013 769 2102 offensione,
794 2018 834 2084 L.
860 2009 1055 2098 Lucullus,
1084 2012 1149 2108 qui
1177 2025 1297 2084 tamen

150 2133 154 2146 '
188 2203 193 2210 ,
234 2121 355 2220 aliqua
377 2147 420 2194 ex
445 2139 547 2222 parte
575 2126 617 2196 iis
640 2123 879 2198 incommodis
900 2122 1037 2196 mederi
1058 2119 1208 2194 fortasse
1233 2143 1296 2217 po-

208 2299 210 2303 ,
237 2233 378 2318 tuisset,
399 2248 519 2306 vestro
538 2235 640 2330 jussu
661 2249 827 2324 coactus,
842 2233 943 2331 quod
963 2232 1104 2330 Imperii
1123 2227 1299 2300 diuturni·

238 2339 338 2412 tati¹⁵
353 2343 502 2414 modum
519 2345 749 2415 statuendum
764 2346 876 2414 veteri
901 2343 1068 2439 exemplo
1093 2339 1296 2437 putavistis,

236 2459 376 2547 partem
389 2452 565 2540 militum,
583 2458 647 2550 qui
656 2454 732 2548 ‘jam
745 2452 932 2551 stipendiIs
946 2449 1119 2523 confectis
1131 2445 1164 2495 ¹⁶
1178 2460 1296 2534 erant,

274 2666 314 2701 ts.
335 2654 438 2701 Tantum
456 2653 536 2704 vt'ctus
547 2653 642 2724 ffeere
652 2656 742 2720 potnit.
788 2657 888 2708 'censura
901 2673 957 2704 etun
970 2654 1064 2722 populo
1082 2666 1183 2700 romano
1201 2662 1299 2714 ageret,

235 2728 377 2780 Ciceronem
385 2731 459 2796 pudet
466 2733 743 2784 laudareMithridatem.
787 2735 852 2801 apud
864 2735 972 2793 Livium,
986 2733 1030 2782 lib.
1043 2733 1079 2780 IV
1090 2746 1097 2780 :
1114 2729 1188 2790 -su,
1202 2729 1299 2792 iuquit,

235 2803 744 2882 Tautueuimeratllomunorumsuperbia‚
788 2815 917 2862 maximam
942 2812 1059 2861 libertatis
1089 2809 1176 2876 populi
1204 2807 1298 2855 romani

236 2898 265 2935 ut
282 2889 401 2938 nemiuem
422 2892 501 2940 virum
519 2893 617 2951 fortem,
642 2893 744 2940 bellico·
789 2893 922 2940 custodiam
932 2891 1027 2948 esseni
1037 2905 1121 2954 magua
1130 2887 1230 2951 imperia
1244 2884 1299 2932 diu·

237 2983 305 3026 sum,
319 2969 421 3030 clarum,
434 2982 601 3033 prostantem,
611 2973 658 3019 uisi
668 2973 745 3022 civem
790 2982 860 3020 torna
874 2985 924 3017 nou
938 2979 1031 3024 essent,
1045 2978 1070 3014 et
1081 2965 1197 3030 temporis
1210 2964 1300 3012 modus

237 3063 378 3105 mmmm.
390 3051 562 3106 existimarent
746 3105 749 3114 Δ
789 3049 961 3114 imponeretur,
970 3047 1058 3111 quibus
1069 3045 1131 3107 jutia
1144 3044 1237 3106 imponi
1246 3057 1298 3088 uon

276 3128 316 3174 13.
343 3129 442 3174 Terram
465 3145 580 3192 nmquam
605 3123 744 3192 attingeret.
789 3128 977 3198 posset-Atqui
989 3123 1104 3174 Lucullus
1117 3135 1193 3170 annos
1206 3128 1299 3186 septem

238 3206 320 3268 Qum
331 3204 405 3270 Iglml
419 3222 495 3254 ΗΘΜ
508 3217 690 3271 “Ompfflvetsst
703 3221 746 3253 ⁰0·
789 3219 855 3257 totos
868 3207 893 3253 In
905 3205 1007 3270 imperIo
1019 3211 1173 3250 remanserat.

238 3281 356 3346 nitamini
366 3294 393 3330 ut
400 3271 576 3347 regnumsuum
585 3295 746 3348 recuperaret,
827 3287 869 3334 16,
894 3281 1023 3349 Sn'pendr'r's
1045 3277 1172 3345 confectis.
1192 3275 1222 3322 Id
1241 3284 1298 3343 est,

237 3362 746 3430 victoresquellomauosdepelleretlSpem
790 3365 905 3411 veterani,
921 3363 991 3409 Cives
1005 3356 1111 3415 morani,
1129 3355 1159 3402 ab
1181 3367 1247 3400 auno
1266 3367 1296 3412 ¹7

238 3434 500 3492 uouselellitereutus.
789 3441 865 3489 etatis
885 3440 916 3488 ed
934 3455 1023 3486 aunum
1045 3437 1091 3495 45,
1114 3447 1200 3484 novem
1221 3445 1299 3478 anuos

278 3529 319 3575 ¹4·
328 3523 445 3584 Impetum
449 3519 523 3586 feeit.
532 3521 638 3568 Primum
646 3519 673 3564 L.
682 3517 748 3566 Ileo-
789 3519 890 3566 mllitare
897 3528 920 3565 et
931 3513 1049 3580 stipendia
1058 3515 1134 3560 facere
1141 3508 1300 3572 jubebantur,

238 3614 309 3658 cum,
331 3616 404 3664 quern
423 3600 447 3647 iu
461 3602 541 3647 Pouto
558 3597 673 3646 Lucullus
690 3595 747 3643 reli·
789 3608 817 3646 ut
825 3606 890 3661 putet
897 3613 928 3643 ex
935 3592 995 3642 Livii
1004 3591 1046 3640 lib.
1055 3588 1144 3640 xxm
1154 3598 1178 3635 et
1185 3585 1300 3652 Dionysii

238 3690 336 3744 querat,
350 3681 442 3745 fugavit
454 3678 596 3742 ceciditque.
608 3676 702 3724 Deinde
715 3678 744 3726 C.
790 3673 868 3724 Helie.
876 3675 921 3722 111.
933 3673 986 3720 Hos
1000 3665 1226 3718 autemPlutarchus
1235 3665 1300 3712 Fim-

238 3757 358 3806 Triarium
371 3794 378 3818 ,
399 3759 492 3808 Luculli
513 3757 617 3821 legatum
630 3789 639 3815 ,
658 3755 702 3820 qui
719 3755 746 3804 iu
789 3754 886 3803 brianus
895 3751 982 3799 milites
992 3749 1064 3798 luisse
1073 3747 1154 3802 tradit,
1163 3744 1246 3804 idest,
1257 3759 1300 3793 eoa

237 3835 464 3886 FlaeeiIoeumcum
473 3837 650 3884 exercituuovo
660 3833 745 3882 missus
789 3832 847 3899 qui,
860 3831 920 3880 duce
933 3829 962 3878 C.
972 3825 1090 3884 Fimbria,
1103 3825 1178 3889 q'uutu
1191 3823 1217 3870 l..
1225 3821 1301 3869 Vale·

238 3916 328 3973 suffit,
342 3917 437 3979 Ρθυῖῑυὸ
455 3914 552 3963 delevit·
788 3913 839 3960 rius
853 3911 950 3959 Flaccus
960 3907 1055 3956 occisus
1065 3915 1140 3963 esset,
1152 3919 1206 3952 eum
1220 3900 1298 3964 impe-

278 3994 320 4042 15.
334 3995 433 4058 Imperii
438 3990 602 4042 diuturnitati,
611 3991 747 4039 Mamercus
790 4001 893 4038 retorem
905 3988 1095 4051 delegerunt-
1104 3979 1299 4047 Consentinl'ett.

240 4075 349 4124 AEmtttm
362 4075 479 4134 dictator,
487 4089 563 4138 quum
576 4071 607 4119 de
618 4069 747 4119 minuenda
790 4067 850 4116 libb.
861 4059 1138 4132 consecti-Glabrioni
1145 4095 1152 4120 ,
1160 4059 1202 4123 qui
1212 4053 1300 4104 consul
