3018 4664
312 447 315 454 ,
387 403 579 473 onarto
604 403 705 473 uno
732 406 772 473 c.
802 402 1027 474 nantino.
1163 397 1232 477 355

174 527 372 596 coristituto
396 527 514 621 spatio
539 521 777 612 defensionis,
803 525 841 596 in
864 525 1051 595 semihorae
1073 527 1235 596 curricu-

174 636 292 705 lum¹⁰
306 635 474 730 coegisti,
493 633 680 730 parebitur
702 650 757 722 et,
775 634 875 732 quod
891 637 1156 732 iniquissimum
1171 651 1236 722 est,

175 744 391 812 accusatoris
399 739 600 811 conditioni
610 751 654 828 ¹¹,
663 757 716 829 et,
728 743 827 839 quod
839 745 1093 832 miserrimum,
1106 747 1239 818 inimici

174 853 355 948 potestati.
377 851 606 948 Quamquam
624 852 661 921 in
682 853 748 923 bac
765 856 1032 951 praescriptione
1050 855 1238 927 semiborae

173 962 320 1057 petroni
346 960 433 1031 mibi
465 975 583 1058 partes
611 961 808 1064 reliquisti,
830 963 986 1034 consulis
1009 963 1236 1034 ademisti¹²:

175 1085 369 1166 propterea
392 1070 492 1166 quod
516 1067 560 1140 ad
582 1067 850 1142 defendendum
874 1072 1140 1170 propemodum
1156 1075 1240 1144 satis

174 1181 243 1250 erit
262 1179 332 1250 boc
347 1179 437 1249 anibi
454 1180 646 1276 temporis,
666 1177 712 1249 ad
737 1177 1077 1278 conquerendum¹³
1096 1203 1235 1279 pamm.

175 1290 253 1360 Nisi
278 1287 412 1360 forte*⁴
440 1289 485 1360 de
508 1289 597 1360 locis
623 1290 796 1385 religiosis
820 1315 861 1362 ae
883 1291 929 1362 de
948 1291 1057 1376 lucis,
1078 1315 1171 1388 quos
1191 1291 1239 1362 ab

176 1399 248 1471 boc
265 1400 415 1470 violatos
434 1423 510 1470 esse
530 1399 666 1487 dixisti,
684 1399 851 1498 pluribus
873 1401 992 1472 verbis
1009 1401 1076 1472 tibi
1092 1425 1241 1500 respon-

176 1509 337 1580 dendum
360 1523 497 1606 putas:
530 1533 605 1606 quo
630 1511 669 1580 in
698 1513 847 1583 erimine
873 1511 963 1582 nihil
989 1527 1043 1582 est
1066 1532 1241 1607 umquam
1269 1513 1272 1528 '

165 1617 242 1689 'abs
260 1633 295 1689 te
316 1617 471 1702 (lictum,
490 1621 559 1690 nisi
576 1645 597 1690 a
619 1622 658 1690 C.
673 1620 795 1693 Macro
808 1617 840 1663 ¹⁵
860 1619 1043 1716 objectum
1074 1645 1150 1691 esse
1171 1625 1242 1692 cri-

179 1751 263 1804 men
284 1727 321 1798 id
344 1733 382 1800 C.
406 1729 564 1801 Rabirio
591 1734 632 1800 ln
660 1755 736 1826 quo
758 1755 826 1828 ego
848 1729 1018 1818 demiror,
1036 1733 1241 1802 meminisse

179 1853 234 1926 te,
250 1837 339 1934 quid
359 1837 532 1935 objecerit
549 1843 588 1910 C.
603 1838 749 1910 Rabirio
762 1843 882 1911 Macer
895 1841 1073 1926 inimicus3
1084 1839 1241 1910 oblitum

178 1973 275 2032 osse,
295 1949 385 2045 quid
405 1954 497 2047 aequi
516 1965 551 2020 et
566 1952 673 2046 jurati
686 1949 825 2046 judices
838 1950 1042 2048 judicarint.

227 2063 291 2129 ΙΙΙ.
306 2065 359 2131 An
376 2059 421 2131 de
435 2061 602 2159 peculatu
613 2059 707 2132 iacto
718 2073 742 2146 ¹,
756 2085 801 2132 an
811 2062 856 2133 de
870 2061 1068 2134 tabulario²
1081 2062 1241 2147 incenso,

180 2169 286 2264 loaaga
307 2173 424 2242 oratio
448 2187 502 2242 est
524 2169 805 2268 exprimenda³l
830 2197 904 2268 quo
931 2176 967 2241 in
991 2174 1142 2241 crimine
1163 2175 1244 2267 pio·-

180 2281 341 2374 pinquus
357 2283 399 2350 C.
422 2279 560 2350 Rabirii
574 2280 707 2376 judicio
723 2281 918 2353 clarissimo
932 2283 972 2352 C.
991 2282 1119 2352 Curius
1129 2283 1158 2367 ⁴,
1174 2303 1241 2377 pro

180 2389 315 2458 virtute
331 2411 411 2478 sua,
429 2403 483 2462 est
501 2389 753 2463 honestissime
770 2391 959 2478 liberatus,
978 2393 1054 2490 ipse
1071 2413 1159 2460 vero
1177 2394 1243 2459 Ra·

222 2643 259 2678 ro.
290 2629 373 2680 Editio
400 2631 530 2698 peinceps,
556 2633 689 2696 circulum,
734 2627 773 2676 dis
791 2643 806 2676 s
826 2629 942 2678 Cicerone
965 2641 1069 2692 patore
1096 2639 1241 2688 secuntus,

181 2709 250 2772 qnod
277 2711 361 2759 lamb.
386 2727 437 2760 uuo
460 2713 546 2761 codice
571 2713 689 2761 defendit.
735 2707 1245 2756 ‹lamnationemvoluntariaanortevitavit.

181 2791 205 2836 J.
214 2790 244 2837 V.
258 2791 285 2835 L.
735 2786 774 2836 ef.
787 2785 817 2832 ad
830 2789 882 2834 Att.
895 2788 919 2844 l,
934 2800 957 2845 7.

220 2883 261 2914 ar.
272 2867 426 2917 Accusatore&
438 2869 579 2918 conditioni.
593 2872 650 2934 Legi
661 2869 692 2917 ab
771 2867 817 2913 Hi.
833 2879 858 2911 ι.
873 2867 911 2911 De
920 2859 1120 2927 pecudatufactc.
1135 2863 1245 2926 Apparet

181 2957 321 2994 accusatore
340 2949 476 3013 impositae,
496 2961 520 2997 et
538 2950 568 2997 ab
592 2949 693 2995 inimico
736 2943 949 2999 intttoannuttu,
963 2941 1052 3002 illaque
1066 2939 1247 3003 perturbatione

220 3117 261 3148 aa.
274 3103 381 3150 Consulis
390 3103 510 3153 ademisti.
520 3105 606 3168 Neque
615 3106 693 3162 enim,

183 3191 212 3228 ut
222 3181 321 3240 mmul,
336 3181 396 3245 reip.
408 3183 507 3230 nomine
518 3185 636 3248 conqueri
646 3198 693 3247 po-

184 3267 247 3308 leto.

223 3337 264 3385 13.
283 3341 387 3398 Verum,
404 3337 472 3403 quod
489 3337 565 3402 vulgo
584 3339 694 3398 additur,

184 3417 252 3465 abeat
261 3417 359 3465 dnobus
370 3417 444 3466 codd.
457 3419 539 3468 Oxou.
553 3421 577 3467 J.
587 3421 619 3465 V.
632 3421 659 3465 L.

225 3506 262 3553 rt.
278 3495 414 3561 Niaiforte.
433 3497 558 3562 signifieat
573 3499 629 3546 ideo
643 3513 695 3546 aea

184 3574 291 3621 labieno
300 3575 364 3623 intra
372 3579 517 3626 arctissimos
523 3577 584 3626 linea
594 3578 695 3626 circum·

184 3655 320 3718 scriptum,
333 3673 363 3703 ue
381 3657 412 3706 ad
425 3661 507 3706 omnia
523 3675 566 3718 ea,
580 3675 635 3723 qua·
648 3655 694 3705 ob·

183 3733 295 3793 jecisset,
308 3744 390 3797 posset
403 3737 558 3801 respondere.

226 3810 265 3858 15.
288 3813 312 3857 A
333 3811 359 3860 G.
382 3817 478 3866 blarru.
499 3818 550 3881 Qui
569 3816 696 3866 Rabirium

183 3889 234 3954 jam
243 3899 314 3937 antee
325 3889 356 3938 tle
366 3893 463 3942 violatia
474 3895 536 3942 lucis
546 3897 696 3944 accusavisse

186 3967 291 4016 videtur.
313 3973 388 4018 Fuere
404 3970 456 4019 duo
476 3973 523 4022 boc
538 3976 637 4022 nornine
655 3989 697 4038 ap-

188 4045 287 4110 pellatl,
301 4065 406 4112 quorum
419 4052 478 4099 alter
493 4053 517 4099 iu
533 4055 608 4101 Bruto
620 4054 699 4100 boue·

187 4125 290 4174 atisat’mc
301 4140 455 4192 memoratur,
469 4131 528 4178 alter
541 4131 572 4179 tle
584 4143 697 4194 arpemn·

736 3021 846 3086 apuleis
857 3021 982 3070 seditionis
993 3021 1084 3067 buum
1094 3021 1244 3084 peculatum,

737 3103 833 3166 direpto
854 3103 956 3156 maio,
978 3100 1064 3156 fuisse,
1087 3100 1128 3146 cui
1150 3099 1246 3146 crimini

736 3180 816 3229 affinis
828 3182 894 3228 visua
904 3181 936 3228 sit
947 3179 1068 3228 Rabirius.

773 3275 797 3308 a.
811 3259 942 3308 rabulatio
954 3259 1058 3306 incenso.
1068 3260 1152 3320 Quum
1160 3257 1246 3306 itua-

737 3339 801 3388 birio
824 3339 987 3400 objiceretur,
1013 3335 1123 3384 noudum
1149 3337 1247 3400 patebat

738 3420 793 3483 quis
802 3419 867 3465 bunc
877 3429 985 3465 aetorum
997 3415 1152 3480 publicorum
1163 3417 1247 3464 lorum

738 3496 903 3545 incendisset:
919 3503 1003 3560 postea
1020 3497 1052 3557 Q.
1073 3495 1158 3542 Sosim
1174 3511 1247 3559 eques

738 3591 801 3623 tom.
815 3593 840 3623 ae
854 3576 937 3624 fecisse
948 3575 1070 3624 confessus
1083 3585 1129 3623 eat.

776 3655 800 3702 3.
821 3655 917 3704 Manat.
937 3654 1019 3702 lamb.
1039 3652 1138 3702 Iallent.
1158 3667 1248 3716 expro-

740 3733 836 3781 menda.
846 3736 870 3782 J.
881 3737 913 3780 Ὺ.
926 3737 953 3780 L.

775 3812 800 3859 4.
816 3805 840 3852 C.
860 3803 965 3852 Caeritum.
980 3801 1024 3849 llle
1042 3799 1164 3848 liubit-iam
1176 3799 1249 3861 buius

740 3897 842 3931 uxorem
853 3884 879 3930 in
891 3879 1048 3954 matrimopio
1058 3877 1150 3927 babuit.
1158 3879 1251 3928 sieao·
1303 3877 1305 3884 '

741 3973 809 4009 eatur
825 3963 849 4008 iu
866 3971 929 4009 orat.
946 3973 992 4024 pro
1004 3957 1088 4004 liubit.
1103 3959 1169 4005 Post.
1185 3975 1208 4008 e.
1223 3975 1251 4023 a,

745 4057 786 4101 17,
804 4040 956 4105 probantque
972 4040 1165 4096 ilottomamms,
1185 4038 1254 4087 Ursi.

742 4137 802 4180 nus,
812 4131 858 4169 etc.
867 4117 941 4181 Vulg.
953 4118 998 4167 «c.
1008 4115 1105 4165 Curtius
1113 4137 1133 4162 n.
1143 4117 1167 4163 J.
1177 4119 1210 4165 V.
1224 4121 1243 4165 L

1080 4200 1136 4270 nd.
