2958 4670
357 389 553 458 onarm
579 389 680 458 rao
703 391 742 458 n.
764 389 989 460 nunnus.
1135 388 1205 488 509

141 522 316 606 quantum
325 522 400 580 tua
415 533 473 580 me
483 508 664 606 postulare
673 529 781 579 ausus
790 509 849 594 sis,
860 523 1001 580 tantum
1014 508 1203 600 debuisse;

142 634 267 692 contra
283 618 433 692 salutem
448 619 500 707 ¹4,
531 618 620 688 nihil
635 616 779 690 debere.
803 620 931 715 Neque
952 620 1068 706 enim,
1091 621 1120 690 si
1138 620 1205 692 tibi

142 742 237 813 tum,
252 754 367 825 quum
385 743 527 826 peteres
548 727 792 813 consulatum,
815 725 923 815 nisui,
941 726 1075 800 idcirco
1092 755 1207 817 nune,

143 862 257 933 quum
271 843 460 910 Murenam
478 842 597 936 ipsum
617 852 717 936 petas
728 833 771 925 ¹⁵,
787 835 931 933 adjutor
952 836 1080 910 eodem
1092 854 1208 936 pacto

144 970 220 1018 esse
237 945 363 1020 debeo.
380 951 498 1047 Atque
515 947 586 1020 hoe
602 973 678 1018 non
694 947 804 1019 modo
821 972 897 1018 non
912 946 1065 1036 laudari,
1082 949 1144 1022 sed
1159 973 1208 1022 ne

143 1057 294 1158 eoncedi
314 1057 462 1155 quidem
478 1072 615 1157 potest,
636 1073 692 1144 ut,
713 1059 835 1130 amicis
856 1059 988 1129 nostris
1009 1063 1207 1132 accusanti·

143 1162 233 1252 bus,
252 1192 327 1238 non
348 1170 455 1239 etiam
471 1169 706 1240 alienissimos
718 1165 748 1212 ¹⁶
769 1166 1013 1254 defendamus.

193 1281 254 1346 IV.
275 1275 365 1348 Mihi
383 1290 504 1348 autem
523 1303 606 1349 cum
624 1283 795 1364 Murena,
812 1275 971 1373 judices,
991 1292 1158 1368 etvetus,
1175 1295 1212 1352 et

144 1397 275 1482 magna
287 1389 440 1459 amicitia
455 1403 526 1474 est,
550 1413 630 1484 quae
640 1391 677 1457 in
692 1389 819 1486 capitis
828 1387 1078 1460 dimicatione¹
1099 1416 1119 1459 a
1138 1395 1216 1462 Ser.·

145 1496 304 1593 Sulpicio
318 1522 393 1568 non
411 1496 544 1570 idcirco
561 1496 758 1585 obruetur,
770 1496 870 1594 quod
883 1496 929 1568 ab
944 1497 1072 1569 eodem
1088 1501 1127 1568 in
1141 1496 1210 1569 ho-

146 1607 247 1677 noris
270 1610 528 1680 contentione²
556 1623 723 1707 superata
751 1623 814 1678 est.
837 1609 926 1697 Quae
949 1610 979 1678 si
1005 1631 1111 1678 causa
1135 1631 1214 1678 non

145 1729 258 1799 esset,
278 1731 399 1788 tamen
416 1719 473 1790 vel
494 1717 646 1816 dignitas
665 1718 845 1807 hominis,
865 1717 922 1788 vel
947 1717 1097 1789 honoris
1115 1719 1211 1812 ejus,

147 1851 258 1923 quem
272 1825 424 1926 adeptus
432 1827 727 1924 est,amplitudo,
741 1852 917 1899 summam
930 1827 1019 1898 mihi
1034 1827 1211 1926 superbiae

147 1938 439 2035 crudelitatisque
464 1936 595 2008 famam
616 1939 819 2026 inussisset,
838 1941 865 2009 si
885 1937 1063 2024 bominis,
1083 1953 1121 2010 et
1139 1939 1214 2011 suis

147 2065 184 2121 et
201 2050 328 2148 populi
338 2051 479 2120 romani
490 2049 710 2120 ornamentis
726 2048 954 2146 amplissimi,
971 2069 1114 2119 causam
1125 2047 1214 2118 tanti
1238 2093 1241 2106 ·

148 2159 322 2258 periculi³
342 2159 598 2258 repudiassem.
627 2162 757 2263 Neque
776 2159 873 2230 enim
895 2157 970 2252 jam
996 2156 1085 2227 mibi
1115 2157 1214 2246 licet,

148 2295 269 2368 neque
298 2285 351 2342 est
371 2273 604 2369 integrum,
626 2284 668 2340 ut
688 2294 810 2342 meum
833 2268 993 2340 laborem
1024 2267 1215 2340 bominum
1245 2329 1276 2380 3

150 2380 318 2477 periculis
328 2379 557 2452 sublevandis
567 2404 642 2450 non
658 2380 872 2478 impertiam.
887 2383 978 2452 Nam
995 2403 1109 2475 quum
1128 2402 1216 2475 praee

150 2491 246 2565 mia⁵
260 2494 349 2564 mihi
369 2508 467 2566 tanta
488 2519 554 2592 pro
575 2493 642 2564 hac
664 2493 839 2565 industria
858 2495 929 2565 sint
954 2492 1055 2577 data,
1081 2507 1217 2588 quanta

151 2618 254 2674 antea
279 2606 442 2674 nemini:
472 2603 634 2690 labores,
655 2627 720 2701 per
738 2627 831 2700 quos
851 2627 892 2673 ea
918 2605 1074 2700 ceperis,
1100 2623 1216 2698 quum

151 2713 304 2811 adeptus
320 2717 384 2801 sis,
402 2714 601 2811 deponere,
620 2727 712 2784 esset
728 2713 885 2782 hominis
902 2725 938 2781 et
954 2711 1079 2798 astuti,
1100 2716 1137 2780 et
1160 2713 1215 2781 in·
1282 2738 1285 2744 ·

150 2927 282 2990 quominus
288 2925 390 2974 Murena
397 2925 481 2974 consul
489 2925 660 2988 designaretur.
743 2937 767 2970 a.
783 2924 813 2968 In
826 2917 923 2988 lionoris
935 2916 1096 2965 contentione.
1110 2919 1139 2966 ln
1153 2917 1218 2983 peti·

190 3023 232 3070 ¹4·
256 3014 349 3060 Contra
366 3012 477 3058 salutem.
504 3013 585 3072 Quum
604 3023 662 3057 veto
706 2999 772 3046 5⁰⁰0
799 2997 947 3048 conwlilflt·
973 3022 1009 3032 -
1031 2997 1149 3059 Superata
1172 3008 1216 3046 est.

151 3106 204 3138 non
220 3095 269 3153 jam
289 3107 327 3138 rea
343 3101 443 3154 agatur,
458 3100 486 3136 ut
502 3105 515 3136 a
535 3087 662 3136 consulatu
706 3079 828 3126 Amicitia.

152 3169 259 3234 petendo
272 3166 663 3230 Murenadejieiatur‚sedabipaa
742 3159 768 3206 3.
793 3155 865 3204 stati
885 3152 996 3218 periculi.
1020 3155 1049 3201 In
1073 3169 1120 3217 qua
1146 3167 1216 3202 eausa

154 3250 220 3297 Urbe
232 3261 256 3298 et
266 3250 370 3296 fortunis
381 3247 523 3312 depellatur.
707 3237 811 3285 fortune
824 3250 908 3284 omnes
921 3245 1034 3298 aguntur.

191 3333 231 3379 15.
257 3332 336 3394 Quum
350 3331 479 3378 Murenam
494 3327 571 3390 psum
583 3335 662 3388 petas.
743 3325 768 3372 t.
786 3316 870 3379 Neque
879 3311 1049 3378 estintegrum.
1060 3310 1090 3359 Id
1099 3322 1135 3360 eat
1144 3311 1220 3388 abso:

154 3414 256 3462 Invadaa
263 3448 272 3472 ,
283 3425 420 3476 oppugnes.
430 3406 499 3457 Nihil
509 3406 557 3467 jam
570 3421 608 3452 me
617 3404 663 3452 tibi
707 3397 792 3444 lutum.
806 3396 836 3441 In
844 3409 896 3440 mea
907 3403 1025 3457 potestate
1037 3401 1215 3440 eonvertatur.

154 3496 241 3544 debere
255 3493 368 3541 arbitror.
707 3477 746 3525 Sic
757 3478 808 3523 An.
821 3475 860 3532 11,
870 3480 884 3528 4
894 3485 900 3518 :
911 3494 922 3514 ι
930 3471 993 3520 Mihi
1003 3471 1122 3534 integrum
1132 3480 1168 3517 est
1181 3470 1218 3516 la·

191 3575 231 3620 ιθ.
243 3569 415 3622 Alienissimtu.
427 3568 525 3618 Nedum
534 3569 662 3616 Murenam
706 3572 760 3606 etro
783 3554 821 3602 vel
839 3567 890 3600 non
909 3552 1073 3614 sloem5pto
1090 3548 1154 3596 Rab.
1167 3549 1217 3640 ,ηδε

155 3669 261 3717 quocum
277 3664 302 3701 et
316 3661 385 3702 vetua
401 3661 427 3698 et
443 3664 527 3714 magna
546 3647 607 3695 mibi
627 3656 663 3693 eat
706 3630 1219 3698 -Esomimihiemtiategrumfluwrpe-

155 3733 268 3781 amicitia.
707 3713 812 3762 tuboe
822 3712 942 3760 odmen».

191 3814 235 3858 1v.
263 3826 287 3858 1.
313 3809 481 3858 Dlmieatioue.
504 3809 583 3871 Quam
608 3821 663 3853 eum
744 3797 769 3844 5.
790 3790 903 3840 Praenria.
922 3788 1119 3838 Cieeroornatua
1138 3784 1218 3836 luerat

157 3893 260 3940 Murena
277 3889 405 3937 amicitiam
417 3903 467 3934 non
484 3887 541 3936 ideo
554 3885 665 3950 Sulpicio
708 3871 976 3940 qwfflmoeffllstfliss»
988 3878 1106 3930 Pfflfflfflt
1118 3875 1143 3913 ⁶2
1155 3878 1218 3910 0⁰⁰·

158 3968 318 4026 condonabo,
333 3978 358 4014 et
371 3965 506 4024 obliviscar,
520 3965 586 4027 quod
599 3963 680 4029 apud*
709 3956 799 4004 aulatu.
809 3955 870 4016 Quae
879 3950 992 4016 pleraque
998 3961 1096 3994 munera
1102 3953 1145 3992 aut
1153 3958 1219 4032 eom·

159 4067 196 4096 roe
210 4047 285 4112 pluris
300 4046 389 4106 valuit,
407 4060 482 4107 qutun
496 4043 526 4091 de
541 4043 665 4092 consulatu
710 4035 840 4100 petitorum
849 4031 956 4095 primus,
969 4036 1011 4075 aut
1021 4027 1047 4072 in
1061 4023 1146 4088 primia
1155 4021 1220 4070 obta-

158 4139 274 4190 agetrtur.
712 4125 804 4163 nuerat.
