3026 4680
480 377 1010 464 1uu.car1u1ulu,1r.
1205 362 1278 463 aas

214 498 365 596 scriptos
379 494 502 567 detuli.
521 499 605 587 Quo
619 501 732 594 quum
746 497 897 568 Catilina
910 497 1063 568 venisset
1075 550 1084 584 ,
1096 501 1178 594 quis
1191 523 1277 570 eum

214 615 379 677 senator⁷
397 605 615 703 appellavit?
636 609 718 703 quis
738 607 927 678 salutavit?
945 608 1026 704 quis
1051 606 1208 705 denique
1227 610 1278 682 ita

214 715 398 813 adspexit,
416 730 456 785 ut
467 715 649 814 perditum
673 718 805 806 civem,
830 742 870 789 ac
893 742 968 788 non
992 719 1132 815 potius,
1149 733 1191 790 ut
1208 721 1276 788 lm-

213 826 511 922 portunissimum
541 825 712 896 hostem?
737 827 963 916 Quinetiam
990 828 1172 926 principes
1199 829 1277 924 ejus

214 935 350 1005 ordinis
371 949 508 1032 partem
528 935 625 1006 illam
644 934 920 1024 subselliorum,
942 935 987 1007 ad
1008 961 1116 1033 quam
1138 936 1198 1008 ille
1219 961 1277 1008 ac·

213 1060 388 1130 cesserat,
406 1043 540 1115 nudam
561 1059 669 1141 atque
692 1048 837 1118 inanem
856 1045 1096 1143 reliquerunt.
1122 1049 1188 1118 Hic
1208 1071 1276 1142 ego

212 1153 408 1242 vehemens
432 1155 492 1226 ille
521 1149 686 1244 consul⁸,
710 1158 773 1254 qui
793 1155 906 1227 verbo
930 1159 1024 1228 cives
1047 1157 1087 1226 in
1112 1156 1276 1228 exsilium

213 1265 336 1360 ejicio,
350 1267 528 1362 quaesivia
543 1265 709 1355 Catilina,
723 1291 768 1337 an
783 1281 963 1338 nocturno
981 1281 1162 1338 conventu
1179 1266 1277 1365 apud

213 1377 262 1444 Μ.
282 1379 418 1446 Laecam
437 1375 581 1462 fuisset,
598 1401 723 1448 necne.
744 1378 866 1466 Quum
886 1376 965 1464 ille,
986 1377 1098 1448 homo
1116 1377 1276 1448 audacis·

212 1486 324 1554 simus
334 1495 362 1569 9,
377 1486 595 1556 couscientia
612 1488 816 1575 convictus,
837 1488 954 1582 primo
974 1487 1173 1558 reticuisset
1189 1508 1275 1582 :pa-

212 1590 318 1664 tefeci
343 1607 480 1680 cetera,
510 1595 600 1692 quid
625 1619 668 1666 ea
692 1609 799 1666 nocte
823 1601 978 1692 egisset,
1002 1595 1107 1667 ubi¹⁰
1127 1593 1275 1682 luisset3

213 1702 302 1798 quid
328 1703 367 1772 in
396 1707 598 1802 proximam
630 1707 940 1793 constituisset¹¹;
967 1703 1275 1803 quemadmodum

213 1826 305 1883 esset
323 1812 357 1884 ei
376 1815 468 1885 ratio
484 1815 596 1886 totius
618 1813 706 1887 belli
732 1814 967 1913 descripta¹²,
985 1815 1124 1887 edocui.
1151 1816 1274 1904 Quum

212 1920 405 2008 haesitaret,
422 1947 536 2020 quum
556 1939 741 1997 teneretur
758 1924 810 2014 ¹³3
829 1926 997 2022 quaesivi,
1025 1925 1114 2024 quid
1130 1923 1274 1998 dubita-

211 2045 267 2102 ret
280 2056 323 2103 eo
336 2031 533 2129 proficisci,
545 2059 620 2132 quo
627 2035 844 2134 jampridem
859 2051 1018 2135 pararat:
1034 2060 1146 2133 quum
1159 2057 1274 2121 arma,

212 2166 327 2239 quum
349 2167 512 2231 secures,
537 2169 652 2242 quum
673 2143 848 2235 lascesu,
869 2171 984 2244 quum
1009 2145 1137 2234 tubas,
1159 2169 1274 2242 quum

212 2253 314 2348 signa
332 2252 514 2340 militaria,
535 2277 650 2351 quum
664 2257 821 2353 aquilam
832 2257 928 2328 illam
942 2271 1148 2354 argenteam
1158 2252 1200 2343 ¹5,
1214 2255 1274 2324 cui

212 2360 272 2431 ille
283 2363 389 2431 etiam
399 2365 592 2434 sacrarium
601 2365 777 2438 scelerum
786 2366 886 2437 domi
901 2390 972 2438 suae
986 2365 1136 2453 lecerat,
1147 2365 1276 2434 scirem

212 2494 289 2543 esse
305 2474 534 2571 praemissam.
555 2481 596 2546 In
619 2476 780 2547 exsilium
802 2475 1048 2574 ejiciebamffi,
1069 2497 1177 2573 quem
1200 2473 1275 2569 jam

211 2691 295 2741 heberi
312 2707 364 2741 uon
383 2694 508 2757 potuisse,
523 2693 572 2744 atsi
587 2695 613 2743 in
629 2695 720 2760 templo
764 2698 845 2744 Veter.
866 2695 891 2744 iu
913 2695 1039 2760 proxima.
1054 2695 1191 2744 Proximam
1216 2692 1277 2742 dicit

211 2772 294 2820 notius
304 2782 340 2820 est
352 2785 460 2836 quamut
473 2771 611 2824 eoufirmsri
624 2775 720 2825 debeat.
765 2791 816 2824 nou
834 2792 887 2824 eam
903 2791 958 2838 qua
975 2783 1146 2832 antecesserat,
1160 2772 1203 2820 sed
1222 2787 1274 2820 cem

249 2867 274 2912 7.
289 2853 400 2906 Senator.
419 2855 483 2903 Veu.
495 2864 521 2901 ct
533 2853 599 2903 Pitb.
612 2853 669 2902 cod.
683 2869 720 2901 se·
764 2870 819 2917 quae
828 2853 938 2918 proxime
947 2863 1076 2916 sequutura
1089 2863 1152 2910 eret,
1166 2851 1191 2898 iu
1203 2868 1275 2914 quem

211 2940 331 2979 uatarrsm.
765 2929 1068 2980 constitueratCetiliuaee
1080 2930 1210 2978 exiturum.

248 3009 272 3056 8.
293 3007 425 3054 Vehemens
445 3007 487 3055 ille
505 3007 599 3057 consul.
619 3008 651 3070 Id
668 3021 721 3068 est,
805 3027 845 3059 rs.
861 3008 998 3072 Descripta.
1017 3008 1165 3064 Distribute,
1180 3006 1276 3066 divisa3

212 3101 285 3148 quem
298 3085 463 3133 vehementem
479 3084 600 3149 clamant,
619 3087 662 3152 qui
675 3087 723 3137 Ca·
765 3100 794 3137 ut
807 3105 823 3136 r
842 3090 868 3136 iu
881 3087 1033 3136 Antonium:
1047 3102 1151 3151 quoram
1166 3087 1276 3151 ipsorum

212 3164 304 3212 tiliuem
315 3165 418 3225 ejectum
430 3175 573 3227 queruntur.
766 3151 848 3229 bons,
871 3175 1065 3231 quantecumque
1090 3175 1173 3224 erant,
1194 3164 1275 3212 statim

248 3259 273 3308 9.
288 3245 367 3307 Quum
380 3243 437 3302 ille,
451 3241 523 3292 homo
535 3243 721 3296 audactissiuus.
766 3248 815 3294 suis
837 3245 967 3295 comitibus
985 3243 1215 3309 compotoribsuque
1234 3241 1277 3290 de·

211 3323 246 3370 Ut
267 3319 434 3370 admirabilius
457 3323 569 3370 videatur
587 3339 642 3370 eum
663 3323 722 3371 reti·
765 3325 870 3390 scripsit.

210 3401 300 3459 cuisse,
321 3412 345 3450 et
365 3413 393 3448 ut
410 3411 505 3449 constet
521 3400 548 3449 id
566 3417 618 3450 uua
637 3413 725 3464 metu,
803 3405 844 3454 13.
864 3405 942 3467 Quum
960 3413 1088 3451 teneretur.
1107 3401 1202 3466 Vulgo,
1217 3417 1276 3449 cua·

210 3479 252 3527 sed
265 3481 414 3529 conscientia
427 3481 550 3529 enectum
571 3481 611 3530 Sic
623 3482 649 3528 iu
660 3483 721 3530 Ors-
765 3494 882 3532 claretur.

211 3569 281 3608 tore:
295 3561 388 3609 «nobis
401 3561 477 3609 homo
491 3559 665 3608 audacissimus
676 3560 723 3609 c·-
804 3571 845 3618 1⁴·
866 3564 945 3625 Quum
965 3577 1075 3618 secures,
1098 3575 1172 3624 quum
1184 3557 1278 3624 fasces.

210 3637 279 3686 tiliae
292 3639 319 3686 iu
332 3651 416 3688 senatu
428 3650 553 3688 accusatus
566 3639 720 3689 obmutuit».
765 3641 868 3690 Catilina
882 3644 947 3689 enim
958 3639 1003 3688 sibi
1018 3649 1042 3686 et
1054 3653 1152 3694 nomen,
1166 3647 1191 3684 et
1205 3653 1277 3684 orna-

250 3732 288 3766 to.
307 3719 353 3764 Ubi
356 3715 455 3782 suisset.
474 3721 503 3766 In
517 3720 612 3785 optimo
629 3720 721 3768 Mureti
764 3730 844 3768 mente
858 3719 981 3783 dignitatis
993 3715 1141 3775 consularis,
1157 3715 1183 3761 in
1198 3725 1276 3763 cestre

210 3797 274 3846 libro
286 3795 323 3844 lue
337 3795 391 3844 duae
404 3813 478 3846 voees
490 3815 542 3846 uon
555 3799 680 3863 leguntur,
696 3809 721 3846 et
764 3799 842 3846 Mellii
857 3794 1024 3862 proficiscens,
1044 3802 1221 3857 assumpserat,
1247 3803 1275 3864 up

210 3891 267 3923 saue
283 3891 322 3922 eas
336 3875 358 3923 si
376 3877 431 3940 quis
445 3875 582 3936 sustulerit,
602 3876 679 3938 nihil,
693 3889 721 3927 ut
764 3877 798 3925 eit
812 3877 869 3925 Dio.

212 3957 308 4020 opinor,
317 3971 397 4020 neque
410 3953 440 4002 de
453 3953 586 4014 sententie,
598 3972 676 4020 neque
691 3955 721 4025 de
801 3949 843 4004 15.
862 3949 978 4017 Aquilam
991 3949 1058 3998 illam
1071 3957 1221 4014 argenteam.
1237 3951 1274 3998 De

213 4034 332 4081 orationis
343 4032 491 4082 vehementia
501 4031 637 4082 detraxerit.
765 4050 813 4098 qua
822 4033 945 4098 superiore
957 4028 1128 4078 commentario
1143 4027 1255 4077 diximus.

253 4129 294 4162 ιι.
303 4111 370 4176 Quid
375 4111 401 4161 iu
405 4109 547 4179 proximam
553 4109 721 4161 consciarum.
804 4111 843 4160 16.
857 4113 887 4157 In
900 4109 1012 4159 exsilium
1024 4107 1158 4172 ejiciebam.
1171 4107 1274 4156 Minime
