<?xml version="1.0" encoding="UTF-8"?>
<!DOCTYPE html PUBLIC "-//W3C//DTD XHTML 1.0 Transitional//EN"
    "http://www.w3.org/TR/xhtml1/DTD/xhtml1-transitional.dtd">
<html xmlns="http://www.w3.org/1999/xhtml" xml:lang="en" lang="en">
 <head>
  <title>
</title>
<meta http-equiv="Content-Type" content="text/html;charset=utf-8" />
  <meta name='ocr-system' content='tesseract 3.04.00' />
  <meta name='ocr-capabilities' content='ocr_page ocr_carea ocr_par ocr_line ocrx_word'/>
</head>
<body>
  <div class='ocr_page' id='page_1' title='image "./mtciceronisquae00lemagoog_0472.png"; bbox 0 0 3026 4680; ppageno 0'>
   <div class='ocr_carea' id='block_1_1' title="bbox 431 375 1274 464">
    <p class='ocr_par' dir='ltr' id='par_1_1' title="bbox 431 375 1274 464">
     <span class='ocr_line' id='line_1_1' title="bbox 431 375 1274 464; baseline 0.011 -21"><span class='ocrx_word' id='word_1_1' title='bbox 431 415 435 425; x_wconf 83' lang='lat'>·</span> <span class='ocrx_word' id='word_1_2' title='bbox 461 375 517 443; x_wconf 85' lang='lat' dir='ltr'>ru</span> <span class='ocrx_word' id='word_1_3' title='bbox 542 378 582 445; x_wconf 84' lang='lat' dir='ltr'>L.</span> <span class='ocrx_word' id='word_1_4' title='bbox 608 375 915 460; x_wconf 71' lang='lat' dir='ltr'>murmuret,</span> <span class='ocrx_word' id='word_1_5' title='bbox 941 377 1017 443; x_wconf 90' lang='lat'>111.</span> <span class='ocrx_word' id='word_1_6' title='bbox 1201 377 1274 464; x_wconf 70' lang='lat'>463</span> 
     </span>
    </p>
   </div>
   <div class='ocr_carea' id='block_1_2' title="bbox 203 493 1327 2254">
    <p class='ocr_par' dir='ltr' id='par_1_2' title="bbox 203 493 1327 2254">
     <span class='ocr_line' id='line_1_2' title="bbox 205 493 1275 588; baseline 0.004 -20"><span class='ocrx_word' id='word_1_7' title='bbox 205 513 242 570; x_wconf 91' lang='lat' dir='ltr'>et</span> <span class='ocrx_word' id='word_1_8' title='bbox 266 521 393 568; x_wconf 89' lang='lat' dir='ltr'>eorum</span> <span class='ocrx_word' id='word_1_9' title='bbox 412 495 551 568; x_wconf 88' lang='lat' dir='ltr'>iudices</span> <span class='ocrx_word' id='word_1_10' title='bbox 576 497 614 570; x_wconf 91' lang='lat' dir='ltr'>in</span> <span class='ocrx_word' id='word_1_11' title='bbox 635 495 748 568; x_wconf 85' lang='lat' dir='ltr'>aedern</span> <span class='ocrx_word' id='word_1_12' title='bbox 774 493 1010 568; x_wconf 82' lang='lat' dir='ltr'>Concordiae⁵</span> <span class='ocrx_word' id='word_1_13' title='bbox 1033 495 1275 588; x_wconf 79' lang='lat' dir='ltr'><strong>ducerentur,</strong></span> 
     </span>
     <span class='ocr_line' id='line_1_3' title="bbox 205 607 1277 706; baseline 0.004 -28"><span class='ocrx_word' id='word_1_14' title='bbox 205 631 249 679; x_wconf 87' lang='lat' dir='ltr'>eo</span> <span class='ocrx_word' id='word_1_15' title='bbox 267 609 348 706; x_wconf 92' lang='lat' dir='ltr'>ipso</span> <span class='ocrx_word' id='word_1_16' title='bbox 364 621 529 705; x_wconf 88' lang='lat' dir='ltr'>tempore</span> <span class='ocrx_word' id='word_1_17' title='bbox 550 607 693 703; x_wconf 89' lang='lat' dir='ltr'>signum</span> <span class='ocrx_word' id='word_1_18' title='bbox 715 608 958 678; x_wconf 79' lang='lat' dir='ltr'><strong>statueretur?</strong></span> <span class='ocrx_word' id='word_1_19' title='bbox 978 627 1054 702; x_wconf 86' lang='lat' dir='ltr'>quo</span> <span class='ocrx_word' id='word_1_20' title='bbox 1080 607 1277 700; x_wconf 81' lang='lat' dir='ltr'>collocato,</span> 
     </span>
     <span class='ocr_line' id='line_1_4' title="bbox 205 716 1278 817; baseline -0.002 -25"><span class='ocrx_word' id='word_1_21' title='bbox 205 734 315 817; x_wconf 85' lang='lat' dir='ltr'>atque</span> <span class='ocrx_word' id='word_1_22' title='bbox 330 716 376 788; x_wconf 93' lang='lat' dir='ltr'>ad</span> <span class='ocrx_word' id='word_1_23' title='bbox 391 741 455 788; x_wconf 77' lang='lat' dir='ltr'>vos</span> <span class='ocrx_word' id='word_1_24' title='bbox 471 733 712 815; x_wconf 89' lang='lat' dir='ltr'>senatumque</span> <span class='ocrx_word' id='word_1_25' title='bbox 727 738 920 804; x_wconf 88' lang='lat' dir='ltr'>converso,</span> <span class='ocrx_word' id='word_1_26' title='bbox 932 716 1055 817; x_wconf 80' lang='lat' dir='ltr'>omnia</span> <span class='ocrx_word' id='word_1_27' title='bbox 1068 730 1105 787; x_wconf 91' lang='lat' dir='ltr'>et</span> <span class='ocrx_word' id='word_1_28' title='bbox 1115 732 1278 810; x_wconf 85' lang='lat' dir='ltr'>senatus,</span> 
     </span>
     <span class='ocr_line' id='line_1_5' title="bbox 205 825 1278 926; baseline 0 -26"><span class='ocrx_word' id='word_1_29' title='bbox 205 843 243 901; x_wconf 88' lang='lat' dir='ltr'>et</span> <span class='ocrx_word' id='word_1_30' title='bbox 260 853 341 915; x_wconf 90' lang='lat' dir='ltr'>vos,</span> <span class='ocrx_word' id='word_1_31' title='bbox 361 852 443 925; x_wconf 82' lang='lat' dir='ltr'>quae</span> <span class='ocrx_word' id='word_1_32' title='bbox 460 841 563 899; x_wconf 86' lang='lat' dir='ltr'>eraut</span> <span class='ocrx_word' id='word_1_33' title='bbox 586 841 713 898; x_wconf 93' lang='lat' dir='ltr'>contra</span> <span class='ocrx_word' id='word_1_34' title='bbox 735 825 887 898; x_wconf 85' lang='lat' dir='ltr'>salutem</span> <span class='ocrx_word' id='word_1_35' title='bbox 912 827 1079 896; x_wconf 90' lang='lat' dir='ltr'>omnium</span> <span class='ocrx_word' id='word_1_36' title='bbox 1103 828 1278 926; x_wconf 84' lang='lat' dir='ltr'>cogitata,</span> 
     </span>
     <span class='ocr_line' id='line_1_6' title="bbox 204 935 1280 1036; baseline 0.001 -26"><span class='ocrx_word' id='word_1_37' title='bbox 204 939 378 1010; x_wconf 81' lang='lat' dir='ltr'>illustrata</span> <span class='ocrx_word' id='word_1_38' title='bbox 397 953 434 1010; x_wconf 87' lang='lat' dir='ltr'>et</span> <span class='ocrx_word' id='word_1_39' title='bbox 454 935 630 1036; x_wconf 82' lang='lat' dir='ltr'>patefacta</span> <span class='ocrx_word' id='word_1_40' title='bbox 647 935 794 1008; x_wconf 89' lang='lat' dir='ltr'>vidistis.</span> <span class='ocrx_word' id='word_1_41' title='bbox 813 938 896 1026; x_wconf 91' lang='lat' dir='ltr'>Quo</span> <span class='ocrx_word' id='word_1_42' title='bbox 913 938 1019 1007; x_wconf 86' lang='lat' dir='ltr'>etiam</span> <span class='ocrx_word' id='word_1_43' title='bbox 1034 936 1172 1032; x_wconf 86' lang='lat' dir='ltr'>majore</span> <span class='ocrx_word' id='word_1_44' title='bbox 1193 955 1280 1011; x_wconf 89' lang='lat' dir='ltr'>suut</span> 
     </span>
     <span class='ocr_line' id='line_1_7' title="bbox 205 1044 1280 1146; baseline 0.001 -26"><span class='ocrx_word' id='word_1_45' title='bbox 205 1051 264 1120; x_wconf 91' lang='lat' dir='ltr'>isti</span> <span class='ocrx_word' id='word_1_46' title='bbox 284 1047 370 1120; x_wconf 91' lang='lat' dir='ltr'>odio</span> <span class='ocrx_word' id='word_1_47' title='bbox 398 1047 652 1146; x_wconf 86' lang='lat' dir='ltr'>supplicioque</span> <span class='ocrx_word' id='word_1_48' title='bbox 677 1047 793 1144; x_wconf 85' lang='lat' dir='ltr'><strong>digni,</strong></span> <span class='ocrx_word' id='word_1_49' title='bbox 817 1045 883 1144; x_wconf 86' lang='lat' dir='ltr'>qui</span> <span class='ocrx_word' id='word_1_50' title='bbox 907 1070 983 1116; x_wconf 89' lang='lat' dir='ltr'>non</span> <span class='ocrx_word' id='word_1_51' title='bbox 1008 1044 1127 1118; x_wconf 90' lang='lat' dir='ltr'>solum</span> <span class='ocrx_word' id='word_1_52' title='bbox 1152 1049 1280 1121; x_wconf 84' lang='lat' dir='ltr'>vestris</span> 
     </span>
     <span class='ocr_line' id='line_1_8' title="bbox 205 1153 1279 1257; baseline 0.003 -29"><span class='ocrx_word' id='word_1_53' title='bbox 205 1157 395 1230; x_wconf 88' lang='lat' dir='ltr'>domiciliis</span> <span class='ocrx_word' id='word_1_54' title='bbox 423 1171 534 1256; x_wconf 85' lang='lat' dir='ltr'>atque</span> <span class='ocrx_word' id='word_1_55' title='bbox 565 1157 698 1242; x_wconf 83' lang='lat' dir='ltr'>tectis,</span> <span class='ocrx_word' id='word_1_56' title='bbox 726 1153 921 1228; x_wconf 82' lang='lat' dir='ltr'>sedetiam</span> <span class='ocrx_word' id='word_1_57' title='bbox 948 1155 1101 1228; x_wconf 91' lang='lat' dir='ltr'>deorum</span> <span class='ocrx_word' id='word_1_58' title='bbox 1134 1159 1279 1257; x_wconf 84' lang='lat' dir='ltr'>templis</span> 
     </span>
     <span class='ocr_line' id='line_1_9' title="bbox 206 1263 1280 1367; baseline 0.002 -27"><span class='ocrx_word' id='word_1_59' title='bbox 206 1284 316 1367; x_wconf 90' lang='lat' dir='ltr'>atque</span> <span class='ocrx_word' id='word_1_60' title='bbox 334 1267 495 1340; x_wconf 85' lang='lat' dir='ltr'>delubris</span> <span class='ocrx_word' id='word_1_61' title='bbox 515 1283 602 1359; x_wconf 75' lang='lat' dir='ltr'>sunt</span> <span class='ocrx_word' id='word_1_62' title='bbox 620 1265 783 1339; x_wconf 79' lang='lat' dir='ltr'>funestos</span> <span class='ocrx_word' id='word_1_63' title='bbox 795 1290 837 1338; x_wconf 90' lang='lat' dir='ltr'>ac</span> <span class='ocrx_word' id='word_1_64' title='bbox 855 1263 1012 1338; x_wconf 77' lang='lat' dir='ltr'>nefarios</span> <span class='ocrx_word' id='word_1_65' title='bbox 1026 1268 1127 1364; x_wconf 88' lang='lat' dir='ltr'>ignes</span> <span class='ocrx_word' id='word_1_66' title='bbox 1146 1267 1280 1342; x_wconf 71' lang='lat' dir='ltr'>inferro</span> 
     </span>
     <span class='ocr_line' id='line_1_10' title="bbox 207 1377 1280 1476; baseline 0 -25"><span class='ocrx_word' id='word_1_67' title='bbox 207 1379 329 1451; x_wconf 88' lang='lat' dir='ltr'>conati</span> <span class='ocrx_word' id='word_1_68' title='bbox 348 1406 356 1450; x_wconf 76' lang='grc' dir='ltr'><strong>ε</strong></span> <span class='ocrx_word' id='word_1_69' title='bbox 378 1377 514 1476; x_wconf 91' lang='lat' dir='ltr'>quibus</span> <span class='ocrx_word' id='word_1_70' title='bbox 535 1398 604 1476; x_wconf 83' lang='lat' dir='ltr'>ego</span> <span class='ocrx_word' id='word_1_71' title='bbox 629 1380 659 1450; x_wconf 90' lang='lat' dir='ltr'>si</span> <span class='ocrx_word' id='word_1_72' title='bbox 680 1403 739 1449; x_wconf 93' lang='lat' dir='ltr'>me</span> <span class='ocrx_word' id='word_1_73' title='bbox 760 1378 931 1450; x_wconf 83' lang='lat' dir='ltr'>restitisse</span> <span class='ocrx_word' id='word_1_74' title='bbox 958 1378 1095 1464; x_wconf 78' lang='lat' dir='ltr'>dicam,</span> <span class='ocrx_word' id='word_1_75' title='bbox 1127 1380 1280 1452; x_wconf 89' lang='lat' dir='ltr'>nimium</span> 
     </span>
     <span class='ocr_line' id='line_1_11' title="bbox 206 1485 1282 1586; baseline 0 -26"><span class='ocrx_word' id='word_1_76' title='bbox 206 1489 297 1560; x_wconf 89' lang='lat' dir='ltr'>mihi</span> <span class='ocrx_word' id='word_1_77' title='bbox 315 1513 474 1578; x_wconf 86' lang='lat' dir='ltr'>sumam,</span> <span class='ocrx_word' id='word_1_78' title='bbox 495 1505 531 1562; x_wconf 84' lang='lat' dir='ltr'>et</span> <span class='ocrx_word' id='word_1_79' title='bbox 550 1501 626 1560; x_wconf 88' lang='lat' dir='ltr'>non</span> <span class='ocrx_word' id='word_1_80' title='bbox 653 1492 720 1559; x_wconf 91' lang='lat' dir='ltr'>sim</span> <span class='ocrx_word' id='word_1_81' title='bbox 742 1485 922 1559; x_wconf 84' lang='lat' dir='ltr'>ferendus.</span> <span class='ocrx_word' id='word_1_82' title='bbox 946 1486 1032 1575; x_wconf 90' lang='lat' dir='ltr'>Ille,</span> <span class='ocrx_word' id='word_1_83' title='bbox 1062 1486 1122 1558; x_wconf 89' lang='lat' dir='ltr'>ille</span> <span class='ocrx_word' id='word_1_84' title='bbox 1141 1489 1282 1586; x_wconf 85' lang='lat' dir='ltr'>Jupiter</span> 
     </span>
     <span class='ocr_line' id='line_1_12' title="bbox 208 1596 1282 1698; baseline 0 -26"><span class='ocrx_word' id='word_1_85' title='bbox 208 1602 359 1689; x_wconf 81' lang='lat' dir='ltr'>restitit;</span> <span class='ocrx_word' id='word_1_86' title='bbox 383 1600 443 1671; x_wconf 92' lang='lat' dir='ltr'>ille</span> <span class='ocrx_word' id='word_1_87' title='bbox 470 1599 712 1698; x_wconf 82' lang='lat' dir='ltr'>Capitolium,</span> <span class='ocrx_word' id='word_1_88' title='bbox 732 1598 792 1668; x_wconf 89' lang='lat' dir='ltr'>ille</span> <span class='ocrx_word' id='word_1_89' title='bbox 816 1597 893 1670; x_wconf 83' lang='lat' dir='ltr'>haec</span> <span class='ocrx_word' id='word_1_90' title='bbox 925 1597 1081 1696; x_wconf 87' lang='lat' dir='ltr'>templa,</span> <span class='ocrx_word' id='word_1_91' title='bbox 1102 1596 1164 1670; x_wconf 87' lang='lat' dir='ltr'>ille</span> <span class='ocrx_word' id='word_1_92' title='bbox 1186 1599 1282 1672; x_wconf 76' lang='lat' dir='ltr'>haut</span> 
     </span>
     <span class='ocr_line' id='line_1_13' title="bbox 207 1707 1281 1808; baseline 0.001 -27"><span class='ocrx_word' id='word_1_93' title='bbox 207 1708 357 1796; x_wconf 88' lang='lat' dir='ltr'>urbem,</span> <span class='ocrx_word' id='word_1_94' title='bbox 386 1709 446 1782; x_wconf 92' lang='lat' dir='ltr'>ille</span> <span class='ocrx_word' id='word_1_95' title='bbox 465 1735 531 1782; x_wconf 84' lang='lat' dir='ltr'>vos</span> <span class='ocrx_word' id='word_1_96' title='bbox 553 1733 681 1781; x_wconf 90' lang='lat' dir='ltr'>omnes</span> <span class='ocrx_word' id='word_1_97' title='bbox 706 1708 822 1779; x_wconf 84' lang='lat' dir='ltr'>salros</span> <span class='ocrx_word' id='word_1_98' title='bbox 849 1731 926 1779; x_wconf 83' lang='lat' dir='ltr'>esse</span> <span class='ocrx_word' id='word_1_99' title='bbox 949 1707 1075 1779; x_wconf 84' lang='lat' dir='ltr'>voluit.</span> <span class='ocrx_word' id='word_1_100' title='bbox 1105 1709 1182 1781; x_wconf 90' lang='lat' dir='ltr'>Diis</span> <span class='ocrx_word' id='word_1_101' title='bbox 1212 1733 1281 1808; x_wconf 82' lang='lat' dir='ltr'>ego</span> 
     </span>
     <span class='ocr_line' id='line_1_14' title="bbox 203 1817 1282 1910; baseline 0 -20"><span class='ocrx_word' id='word_1_102' title='bbox 203 1819 470 1892; x_wconf 89' lang='lat' dir='ltr'>immortalibus</span> <span class='ocrx_word' id='word_1_103' title='bbox 487 1817 644 1891; x_wconf 90' lang='lat' dir='ltr'>ducibus</span> <span class='ocrx_word' id='word_1_104' title='bbox 659 1818 754 1888; x_wconf 88' lang='lat' dir='ltr'>hauc</span> <span class='ocrx_word' id='word_1_105' title='bbox 765 1832 943 1906; x_wconf 82' lang='lat' dir='ltr'><strong>mentem,</strong></span> <span class='ocrx_word' id='word_1_106' title='bbox 958 1819 1136 1910; x_wconf 85' lang='lat' dir='ltr'>Quirites,</span> <span class='ocrx_word' id='word_1_107' title='bbox 1151 1819 1282 1891; x_wconf 79' lang='lat' dir='ltr'>voluu-</span> 
     </span>
     <span class='ocr_line' id='line_1_15' title="bbox 205 1921 1327 2038; baseline -0.001 -38"><span class='ocrx_word' id='word_1_108' title='bbox 205 1943 392 2026; x_wconf 88' lang='lat' dir='ltr'>tatemque</span> <span class='ocrx_word' id='word_1_109' title='bbox 405 1930 569 2027; x_wconf 89' lang='lat' dir='ltr'>suscepi,</span> <span class='ocrx_word' id='word_1_110' title='bbox 588 1943 697 2026; x_wconf 87' lang='lat' dir='ltr'>atque</span> <span class='ocrx_word' id='word_1_111' title='bbox 713 1927 758 1998; x_wconf 92' lang='lat' dir='ltr'>ad</span> <span class='ocrx_word' id='word_1_112' title='bbox 771 1927 847 1998; x_wconf 79' lang='lat' dir='ltr'>lraec</span> <span class='ocrx_word' id='word_1_113' title='bbox 863 1941 964 1998; x_wconf 82' lang='lat' dir='ltr'>tauta</span> <span class='ocrx_word' id='word_1_114' title='bbox 977 1921 1327 2038; x_wconf 51' lang='lat' dir='ltr'>iudiciaperreuiss-t(</span> 
     </span>
     <span class='ocr_line' id='line_1_16' title="bbox 203 2021 1295 2136; baseline 0.002 -24"><span class='ocrx_word' id='word_1_115' title='bbox 203 2046 279 2112; x_wconf 90' lang='lat' dir='ltr'>Jam</span> <span class='ocrx_word' id='word_1_116' title='bbox 302 2067 389 2113; x_wconf 89' lang='lat' dir='ltr'>vero</span> <span class='ocrx_word' id='word_1_117' title='bbox 414 2040 474 2112; x_wconf 89' lang='lat' dir='ltr'>illa</span> <span class='ocrx_word' id='word_1_118' title='bbox 500 2037 740 2136; x_wconf 79' lang='lat' dir='ltr'>Allobrogum</span> <span class='ocrx_word' id='word_1_119' title='bbox 762 2039 986 2128; x_wconf 83' lang='lat' dir='ltr'>sollicitatio,</span> <span class='ocrx_word' id='word_1_120' title='bbox 1008 2040 1059 2112; x_wconf 89' lang='lat' dir='ltr'>sic</span> <span class='ocrx_word' id='word_1_121' title='bbox 1082 2065 1102 2111; x_wconf 87' lang='lat' dir='ltr'>a</span> <span class='ocrx_word' id='word_1_122' title='bbox 1126 2021 1295 2114; x_wconf 82' lang='lat' dir='ltr'>Lentulo</span> 
     </span>
     <span class='ocr_line' id='line_1_17' title="bbox 206 2143 1281 2254; baseline 0.003 -33"><span class='ocrx_word' id='word_1_123' title='bbox 206 2152 407 2254; x_wconf 78' lang='lat' dir='ltr'>ceterisque</span> <span class='ocrx_word' id='word_1_124' title='bbox 431 2149 639 2221; x_wconf 86' lang='lat' dir='ltr'>domesticis</span> <span class='ocrx_word' id='word_1_125' title='bbox 668 2143 860 2236; x_wconf 76' lang='lat' dir='ltr'>hostibuS,</span> <span class='ocrx_word' id='word_1_126' title='bbox 892 2161 1091 2238; x_wconf 85' lang='lat' dir='ltr'>tantares,</span> <span class='ocrx_word' id='word_1_127' title='bbox 1120 2165 1195 2222; x_wconf 85' lang='lat' dir='ltr'>tam</span> <span class='ocrx_word' id='word_1_128' title='bbox 1218 2151 1281 2224; x_wconf 89' lang='lat' dir='ltr'>de·</span> 
     </span>
    </p>
   </div>
   <div class='ocr_carea' id='block_1_3' title="bbox 85 2258 1281 2359">
    <p class='ocr_par' dir='ltr' id='par_1_3' title="bbox 85 2258 1281 2359">
     <span class='ocr_line' id='line_1_18' title="bbox 85 2258 1281 2359; baseline 0.002 -27"><span class='ocrx_word' id='word_1_129' title='bbox 85 2317 89 2324; x_wconf 89' lang='lat'>.</span> <span class='ocrx_word' id='word_1_130' title='bbox 207 2275 348 2332; x_wconf 87' lang='lat' dir='ltr'>menter</span> <span class='ocrx_word' id='word_1_131' title='bbox 369 2259 505 2333; x_wconf 87' lang='lat' dir='ltr'>credita</span> <span class='ocrx_word' id='word_1_132' title='bbox 528 2275 565 2333; x_wconf 89' lang='lat' dir='ltr'>et</span> <span class='ocrx_word' id='word_1_133' title='bbox 580 2261 731 2358; x_wconf 87' lang='lat' dir='ltr'>ignotis,</span> <span class='ocrx_word' id='word_1_134' title='bbox 749 2275 787 2331; x_wconf 91' lang='lat' dir='ltr'>et</span> <span class='ocrx_word' id='word_1_135' title='bbox 806 2258 988 2349; x_wconf 86' lang='lat' dir='ltr'>barbaris,</span> <span class='ocrx_word' id='word_1_136' title='bbox 1009 2263 1281 2359; x_wconf 81' lang='lat' dir='ltr'>commissaeque</span> 
     </span>
    </p>
   </div>
   <div class='ocr_carea' id='block_1_4' title="bbox 206 2367 1320 3128">
    <p class='ocr_par' dir='ltr' id='par_1_4' title="bbox 206 2367 1320 3128">
     <span class='ocr_line' id='line_1_19' title="bbox 207 2367 1281 2468; baseline 0.002 -27"><span class='ocrx_word' id='word_1_137' title='bbox 207 2370 316 2442; x_wconf 85' lang='lat' dir='ltr'>literae</span> <span class='ocrx_word' id='word_1_138' title='bbox 330 2393 532 2468; x_wconf 84' lang='lat' dir='ltr'>numquam</span> <span class='ocrx_word' id='word_1_139' title='bbox 552 2385 673 2443; x_wconf 87' lang='lat' dir='ltr'>essent</span> <span class='ocrx_word' id='word_1_140' title='bbox 689 2367 872 2468; x_wconf 88' lang='lat' dir='ltr'>profecto,</span> <span class='ocrx_word' id='word_1_141' title='bbox 889 2369 957 2441; x_wconf 91' lang='lat' dir='ltr'>nisi</span> <span class='ocrx_word' id='word_1_142' title='bbox 976 2394 996 2440; x_wconf 90' lang='lat' dir='ltr'>a</span> <span class='ocrx_word' id='word_1_143' title='bbox 1013 2369 1081 2440; x_wconf 92' lang='lat' dir='ltr'>diis</span> <span class='ocrx_word' id='word_1_144' title='bbox 1099 2374 1281 2443; x_wconf 85' lang='lat' dir='ltr'>immorta-</span> 
     </span>
     <span class='ocr_line' id='line_1_20' title="bbox 206 2475 1281 2580; baseline 0.004 -30"><span class='ocrx_word' id='word_1_145' title='bbox 206 2475 303 2551; x_wconf 92' lang='lat' dir='ltr'>libus</span> <span class='ocrx_word' id='word_1_146' title='bbox 329 2480 416 2550; x_wconf 91' lang='lat' dir='ltr'>huic</span> <span class='ocrx_word' id='word_1_147' title='bbox 438 2493 544 2552; x_wconf 87' lang='lat' dir='ltr'>tantae</span> <span class='ocrx_word' id='word_1_148' title='bbox 566 2479 722 2552; x_wconf 83' lang='lat' dir='ltr'>audaciae</span> <span class='ocrx_word' id='word_1_149' title='bbox 749 2476 962 2552; x_wconf 82' lang='lat' dir='ltr'>consilium6</span> <span class='ocrx_word' id='word_1_150' title='bbox 983 2495 1075 2558; x_wconf 86' lang='lat' dir='ltr'>essct</span> <span class='ocrx_word' id='word_1_151' title='bbox 1102 2497 1281 2580; x_wconf 79' lang='lat' dir='ltr'>ereptum.</span> 
     </span>
     <span class='ocr_line' id='line_1_21' title="bbox 207 2589 1282 2689; baseline 0.002 -27"><span class='ocrx_word' id='word_1_152' title='bbox 207 2589 304 2682; x_wconf 86' lang='lat' dir='ltr'>Quid</span> <span class='ocrx_word' id='word_1_153' title='bbox 319 2591 426 2663; x_wconf 78' lang='lat' dir='ltr'>vero?</span> <span class='ocrx_word' id='word_1_154' title='bbox 443 2605 485 2662; x_wconf 94' lang='lat' dir='ltr'>ut</span> <span class='ocrx_word' id='word_1_155' title='bbox 509 2591 676 2662; x_wconf 89' lang='lat' dir='ltr'>homines</span> <span class='ocrx_word' id='word_1_156' title='bbox 698 2591 792 2662; x_wconf 91' lang='lat' dir='ltr'>Galli</span> <span class='ocrx_word' id='word_1_157' title='bbox 806 2615 851 2661; x_wconf 86' lang='lat' dir='ltr'>ex</span> <span class='ocrx_word' id='word_1_158' title='bbox 864 2591 1007 2662; x_wconf 86' lang='lat' dir='ltr'>civitate</span> <span class='ocrx_word' id='word_1_159' title='bbox 1028 2590 1120 2662; x_wconf 86' lang='lat' dir='ltr'>male</span> <span class='ocrx_word' id='word_1_160' title='bbox 1136 2607 1282 2689; x_wconf 84' lang='lat' dir='ltr'>pacata,</span> 
     </span>
     <span class='ocr_line' id='line_1_22' title="bbox 207 2697 1320 2800; baseline 0 -27"><span class='ocrx_word' id='word_1_161' title='bbox 207 2727 287 2800; x_wconf 88' lang='lat' dir='ltr'>quae</span> <span class='ocrx_word' id='word_1_162' title='bbox 305 2725 394 2800; x_wconf 87' lang='lat' dir='ltr'>gens</span> <span class='ocrx_word' id='word_1_163' title='bbox 414 2715 625 2790; x_wconf 88' lang='lat' dir='ltr'>unarestat‚</span> <span class='ocrx_word' id='word_1_164' title='bbox 643 2725 724 2798; x_wconf 83' lang='lat' dir='ltr'>quae</span> <span class='ocrx_word' id='word_1_165' title='bbox 744 2697 882 2797; x_wconf 91' lang='lat' dir='ltr'>populo</span> <span class='ocrx_word' id='word_1_166' title='bbox 901 2720 1055 2770; x_wconf 88' lang='lat' dir='ltr'>romano</span> <span class='ocrx_word' id='word_1_167' title='bbox 1073 2697 1210 2771; x_wconf 88' lang='lat' dir='ltr'>bellurn</span> <span class='ocrx_word' id='word_1_168' title='bbox 1230 2699 1283 2773; x_wconf 84' lang='lat' dir='ltr'>sa·</span> <span class='ocrx_word' id='word_1_169' title='bbox 1316 2751 1320 2756; x_wconf 92' lang='lat'><em>-</em></span> 
     </span>
     <span class='ocr_line' id='line_1_23' title="bbox 207 2807 1284 2910; baseline 0.001 -26"><span class='ocrx_word' id='word_1_170' title='bbox 207 2837 289 2884; x_wconf 88' lang='lat' dir='ltr'>cere</span> <span class='ocrx_word' id='word_1_171' title='bbox 305 2827 343 2884; x_wconf 90' lang='lat' dir='ltr'>et</span> <span class='ocrx_word' id='word_1_172' title='bbox 359 2837 483 2910; x_wconf 88' lang='lat' dir='ltr'>posse,</span> <span class='ocrx_word' id='word_1_173' title='bbox 502 2828 539 2886; x_wconf 89' lang='lat' dir='ltr'>et</span> <span class='ocrx_word' id='word_1_174' title='bbox 553 2837 628 2884; x_wconf 91' lang='lat' dir='ltr'>uon</span> <span class='ocrx_word' id='word_1_175' title='bbox 644 2807 945 2893; x_wconf 86' lang='lat' dir='ltr'>nolle-videatur,</span> <span class='ocrx_word' id='word_1_176' title='bbox 965 2832 1069 2904; x_wconf 86' lang='lat' dir='ltr'>spem</span> <span class='ocrx_word' id='word_1_177' title='bbox 1089 2809 1233 2907; x_wconf 88' lang='lat' dir='ltr'>imperii</span> <span class='ocrx_word' id='word_1_178' title='bbox 1247 2827 1284 2884; x_wconf 91' lang='lat' dir='ltr'>et</span> 
     </span>
     <span class='ocr_line' id='line_1_24' title="bbox 207 2915 1285 3020; baseline 0 -27"><span class='ocrx_word' id='word_1_179' title='bbox 207 2947 329 2994; x_wconf 87' lang='lat' dir='ltr'>rerum</span> <span class='ocrx_word' id='word_1_180' title='bbox 350 2923 651 3020; x_wconf 86' lang='lat' dir='ltr'>amplissimarum</span> <span class='ocrx_word' id='word_1_181' title='bbox 670 2918 768 2990; x_wconf 92' lang='lat' dir='ltr'>ultro</span> <span class='ocrx_word' id='word_1_182' title='bbox 786 2915 853 2988; x_wconf 89' lang='lat' dir='ltr'>sibi</span> <span class='ocrx_word' id='word_1_183' title='bbox 869 2941 888 2986; x_wconf 91' lang='lat' dir='ltr'>a</span> <span class='ocrx_word' id='word_1_184' title='bbox 903 2917 1060 3015; x_wconf 85' lang='lat' dir='ltr'>patriciis</span> <span class='ocrx_word' id='word_1_185' title='bbox 1073 2916 1285 2992; x_wconf 86' lang='lat' dir='ltr'>homiuibus</span> 
     </span>
     <span class='ocr_line' id='line_1_25' title="bbox 209 3020 1284 3128; baseline 0.001 -26"><span class='ocrx_word' id='word_1_186' title='bbox 209 3030 368 3102; x_wconf 89' lang='lat' dir='ltr'>oblatam</span> <span class='ocrx_word' id='word_1_187' title='bbox 388 3033 631 3128; x_wconf 84' lang='lat' dir='ltr'>negligerent,</span> <span class='ocrx_word' id='word_1_188' title='bbox 647 3044 876 3125; x_wconf 88' lang='lat' dir='ltr'>vestramque</span> <span class='ocrx_word' id='word_1_189' title='bbox 893 3020 1046 3098; x_wconf 89' lang='lat' dir='ltr'>salutem</span> <span class='ocrx_word' id='word_1_190' title='bbox 1062 3029 1136 3099; x_wconf 91' lang='lat' dir='ltr'>suis</span> <span class='ocrx_word' id='word_1_191' title='bbox 1151 3028 1284 3128; x_wconf 87' lang='lat' dir='ltr'>opibus</span> 
     </span>
    </p>
   </div>
   <div class='ocr_carea' id='block_1_5' title="bbox 99 3135 1286 3237">
    <p class='ocr_par' dir='ltr' id='par_1_5' title="bbox 99 3135 1286 3237">
     <span class='ocr_line' id='line_1_26' title="bbox 99 3135 1286 3237; baseline 0.002 -27"><span class='ocrx_word' id='word_1_192' title='bbox 99 3173 100 3178; x_wconf 41' lang='lat'>¹</span> <span class='ocrx_word' id='word_1_193' title='bbox 209 3154 494 3237; x_wconf 81' lang='lat' dir='ltr'>anteponerent3</span> <span class='ocrx_word' id='word_1_194' title='bbox 516 3139 553 3210; x_wconf 92' lang='lat' dir='ltr'>id</span> <span class='ocrx_word' id='word_1_195' title='bbox 571 3149 669 3208; x_wconf 65' lang='lat' dir='ltr'>non?</span> <span class='ocrx_word' id='word_1_196' title='bbox 689 3138 862 3208; x_wconf 89' lang='lat' dir='ltr'>divinitus</span> <span class='ocrx_word' id='word_1_197' title='bbox 882 3135 1017 3209; x_wconf 77' lang='lat' dir='ltr'>lactum</span> <span class='ocrx_word' id='word_1_198' title='bbox 1039 3161 1117 3209; x_wconf 88' lang='lat' dir='ltr'>esse</span> <span class='ocrx_word' id='word_1_199' title='bbox 1133 3143 1286 3236; x_wconf 80' lang='lat' dir='ltr'>putatis?</span> 
     </span>
    </p>
   </div>
   <div class='ocr_carea' id='block_1_6' title="bbox 208 3244 1284 3459">
    <p class='ocr_par' dir='ltr' id='par_1_6' title="bbox 208 3244 1284 3459">
     <span class='ocr_line' id='line_1_27' title="bbox 208 3244 1284 3348; baseline 0.004 -28"><span class='ocrx_word' id='word_1_200' title='bbox 208 3253 406 3348; x_wconf 74' lang='lat' dir='ltr'>praesertim</span> <span class='ocrx_word' id='word_1_201' title='bbox 435 3251 500 3348; x_wconf 92' lang='lat' dir='ltr'>qui</span> <span class='ocrx_word' id='word_1_202' title='bbox 527 3272 595 3321; x_wconf 87' lang='lat' dir='ltr'>nos</span> <span class='ocrx_word' id='word_1_203' title='bbox 623 3271 699 3319; x_wconf 92' lang='lat' dir='ltr'>non</span> <span class='ocrx_word' id='word_1_204' title='bbox 728 3244 948 3347; x_wconf 80' lang='lat' dir='ltr'>pugnando,</span> <span class='ocrx_word' id='word_1_205' title='bbox 974 3247 1037 3320; x_wconf 87' lang='lat' dir='ltr'>sed</span> <span class='ocrx_word' id='word_1_206' title='bbox 1054 3247 1206 3322; x_wconf 89' lang='lat' dir='ltr'>tacendo</span> <span class='ocrx_word' id='word_1_207' title='bbox 1223 3273 1284 3324; x_wconf 87' lang='lat' dir='ltr'>su-</span> 
     </span>
     <span class='ocr_line' id='line_1_28' title="bbox 209 3353 428 3459; baseline -0.005 -28"><span class='ocrx_word' id='word_1_208' title='bbox 209 3353 428 3459; x_wconf 84' lang='lat' dir='ltr'>perarent⁸?</span> 
     </span>
    </p>
   </div>
   <div class='ocr_carea' id='block_1_7' title="bbox 208 3549 1285 4168">
    <p class='ocr_par' dir='ltr' id='par_1_7' title="bbox 208 3549 1285 4168">
     <span class='ocr_line' id='line_1_29' title="bbox 245 3549 1283 3618; baseline -0.002 -16"><span class='ocrx_word' id='word_1_209' title='bbox 245 3553 604 3604; x_wconf 50' lang='lat' dir='ltr'>armamentorum&amp;</span> <span class='ocrx_word' id='word_1_210' title='bbox 611 3563 720 3602; x_wconf 67' lang='lat' dir='ltr'>nutum</span> <span class='ocrx_word' id='word_1_211' title='bbox 765 3551 880 3600; x_wconf 50' lang='lat' dir='ltr'>&amp;eunde</span> <span class='ocrx_word' id='word_1_212' title='bbox 896 3549 1001 3600; x_wconf 74' lang='lat' dir='ltr'>facinora</span> <span class='ocrx_word' id='word_1_213' title='bbox 1016 3551 1159 3612; x_wconf 70' lang='lat' dir='ltr'>audaciam,</span> <span class='ocrx_word' id='word_1_214' title='bbox 1174 3567 1283 3618; x_wconf 64' lang='lat' dir='ltr'>praem</span> 
     </span>
     <span class='ocr_line' id='line_1_30' title="bbox 208 3629 1285 3694; baseline 0 -12"><span class='ocrx_word' id='word_1_215' title='bbox 208 3632 336 3682; x_wconf 70' lang='lat' dir='ltr'>habiturus</span> <span class='ocrx_word' id='word_1_216' title='bbox 349 3644 407 3684; x_wconf 70' lang='lat' dir='ltr'>mat</span> <span class='ocrx_word' id='word_1_217' title='bbox 766 3643 864 3694; x_wconf 80' lang='lat' dir='ltr'>temque</span> <span class='ocrx_word' id='word_1_218' title='bbox 873 3633 979 3678; x_wconf 82' lang='lat' dir='ltr'>acimum</span> <span class='ocrx_word' id='word_1_219' title='bbox 988 3629 1070 3678; x_wconf 77' lang='lat' dir='ltr'>desem</span> <span class='ocrx_word' id='word_1_220' title='bbox 1082 3631 1285 3692; x_wconf 70' lang='lat' dir='ltr'>videamus3lroec</span> 
     </span>
     <span class='ocr_line' id='line_1_31' title="bbox 245 3710 1281 3775; baseline 0.002 -15"><span class='ocrx_word' id='word_1_221' title='bbox 245 3712 271 3760; x_wconf 74' lang='grc'>6.</span> <span class='ocrx_word' id='word_1_222' title='bbox 284 3712 349 3760; x_wconf 76' lang='lat' dir='ltr'>Huic</span> <span class='ocrx_word' id='word_1_223' title='bbox 362 3723 437 3760; x_wconf 69' lang='lat' dir='ltr'>tauto</span> <span class='ocrx_word' id='word_1_224' title='bbox 452 3711 567 3760; x_wconf 71' lang='lat' dir='ltr'>andacia</span> <span class='ocrx_word' id='word_1_225' title='bbox 585 3710 721 3760; x_wconf 63' lang='lat' dir='ltr'>condidam.</span> <span class='ocrx_word' id='word_1_226' title='bbox 765 3711 831 3759; x_wconf 80' lang='lat' dir='ltr'>enlm</span> <span class='ocrx_word' id='word_1_227' title='bbox 844 3721 947 3774; x_wconf 73' lang='lat' dir='ltr'>utruque</span> <span class='ocrx_word' id='word_1_228' title='bbox 962 3711 1092 3772; x_wconf 72' lang='lat' dir='ltr'>conjunctu</span> <span class='ocrx_word' id='word_1_229' title='bbox 1108 3712 1281 3775; x_wconf 61' lang='lat' dir='ltr'>timueren-</span> 
     </span>
     <span class='ocr_line' id='line_1_32' title="bbox 211 3789 1284 3856; baseline -0.002 -15"><span class='ocrx_word' id='word_1_230' title='bbox 211 3791 352 3852; x_wconf 81' lang='lat' dir='ltr'>Dlrltu&#39;tus,</span> <span class='ocrx_word' id='word_1_231' title='bbox 369 3791 470 3855; x_wconf 83' lang='lat' dir='ltr'>opinor,</span> <span class='ocrx_word' id='word_1_232' title='bbox 484 3790 516 3839; x_wconf 79' lang='lat' dir='ltr'>sd</span> <span class='ocrx_word' id='word_1_233' title='bbox 532 3789 722 3839; x_wconf 72' lang='lat' dir='ltr'>commendem</span> <span class='ocrx_word' id='word_1_234' title='bbox 768 3801 816 3848; x_wconf 80' lang='lat' dir='ltr'>tur,</span> <span class='ocrx_word' id='word_1_235' title='bbox 828 3789 895 3838; x_wconf 78' lang='lat' dir='ltr'>nulla</span> <span class='ocrx_word' id='word_1_236' title='bbox 908 3789 1021 3852; x_wconf 64' lang='lat' dir='ltr'>musceto</span> <span class='ocrx_word' id='word_1_237' title='bbox 1033 3799 1096 3837; x_wconf 66' lang='lat' dir='ltr'>met</span> <span class='ocrx_word' id='word_1_238' title='bbox 1106 3798 1172 3836; x_wconf 72' lang='lat' dir='ltr'>unta</span> <span class='ocrx_word' id='word_1_239' title='bbox 1181 3792 1284 3856; x_wconf 68' lang='lat' dir='ltr'>risque</span> 
     </span>
     <span class='ocr_line' id='line_1_33' title="bbox 210 3867 1283 3934; baseline -0.003 -15"><span class='ocrx_word' id='word_1_240' title='bbox 210 3871 336 3920; x_wconf 85' lang='lat' dir='ltr'>hominum</span> <span class='ocrx_word' id='word_1_241' title='bbox 346 3869 409 3916; x_wconf 78' lang='lat' dir='ltr'>iuter</span> <span class='ocrx_word' id='word_1_242' title='bbox 417 3885 442 3916; x_wconf 79' lang='lat' dir='ltr'>se</span> <span class='ocrx_word' id='word_1_243' title='bbox 450 3869 591 3918; x_wconf 70' lang='lat' dir='ltr'>societur·</span> <span class='ocrx_word' id='word_1_244' title='bbox 600 3883 724 3934; x_wconf 75' lang='lat' dir='ltr'>eomptrs·</span> <span class='ocrx_word' id='word_1_245' title='bbox 768 3867 887 3916; x_wconf 80' lang='lat' dir='ltr'>obsisterc</span> <span class='ocrx_word' id='word_1_246' title='bbox 898 3867 1047 3914; x_wconf 74' lang='lat' dir='ltr'>uel&#39;uicrum</span> <span class='ocrx_word' id='word_1_247' title='bbox 1058 3867 1186 3916; x_wconf 84' lang='lat' dir='ltr'>hominum</span> <span class='ocrx_word' id='word_1_248' title='bbox 1201 3883 1283 3934; x_wconf 71' lang='lat' dir='ltr'>ponet</span> 
     </span>
     <span class='ocr_line' id='line_1_34' title="bbox 212 3945 908 4010; baseline -0.007 -13"><span class='ocrx_word' id='word_1_249' title='bbox 212 3960 263 3997; x_wconf 85' lang='lat' dir='ltr'>tum</span> <span class='ocrx_word' id='word_1_250' title='bbox 274 3959 324 4007; x_wconf 79' lang='lat' dir='ltr'>est,</span> <span class='ocrx_word' id='word_1_251' title='bbox 336 3950 399 3995; x_wconf 81' lang='lat' dir='ltr'>utin</span> <span class='ocrx_word' id='word_1_252' title='bbox 410 3946 500 4010; x_wconf 84' lang='lat' dir='ltr'>quibus</span> <span class='ocrx_word' id='word_1_253' title='bbox 512 3955 548 3994; x_wconf 80' lang='lat' dir='ltr'>est</span> <span class='ocrx_word' id='word_1_254' title='bbox 558 3947 671 4006; x_wconf 72' lang='lat' dir='ltr'>cucheln,</span> <span class='ocrx_word' id='word_1_255' title='bbox 682 3963 725 3996; x_wconf 79' lang='lat' dir='ltr'>eos</span> <span class='ocrx_word' id='word_1_256' title='bbox 769 3945 908 3996; x_wconf 75' lang='lat' dir='ltr'>comtibus.</span> 
     </span>
     <span class='ocr_line' id='line_1_35' title="bbox 212 4025 1110 4090; baseline -0.006 -14"><span class='ocrx_word' id='word_1_257' title='bbox 212 4039 337 4078; x_wconf 72' lang='lat' dir='ltr'>mentone</span> <span class='ocrx_word' id='word_1_258' title='bbox 355 4025 571 4085; x_wconf 64' lang='lat' dir='ltr'>consiliumne</span> <span class='ocrx_word' id='word_1_259' title='bbox 593 4026 724 4090; x_wconf 79' lang='lat' dir='ltr'>inquibus</span> <span class='ocrx_word' id='word_1_260' title='bbox 753 4039 762 4048; x_wconf 77' lang='lat'><strong>·</strong></span> <span class='ocrx_word' id='word_1_261' title='bbox 806 4043 830 4087; x_wconf 80' lang='lat'>7.</span> <span class='ocrx_word' id='word_1_262' title='bbox 844 4025 886 4073; x_wconf 82' lang='grc' dir='ltr'>ΔΙ.</span> <span class='ocrx_word' id='word_1_263' title='bbox 900 4035 990 4072; x_wconf 80' lang='lat' dir='ltr'>noune.</span> <span class='ocrx_word' id='word_1_264' title='bbox 1002 4025 1026 4072; x_wconf 77' lang='lat' dir='ltr'>J,</span> <span class='ocrx_word' id='word_1_265' title='bbox 1036 4025 1068 4072; x_wconf 82' lang='lat' dir='ltr'>V.</span> <span class='ocrx_word' id='word_1_266' title='bbox 1083 4027 1110 4072; x_wconf 84' lang='lat' dir='ltr'>L.</span> 
     </span>
     <span class='ocr_line' id='line_1_36' title="bbox 214 4103 1284 4168; baseline 0.004 -15"><span class='ocrx_word' id='word_1_267' title='bbox 214 4106 300 4154; x_wconf 76' lang='lat' dir='ltr'>ertutis</span> <span class='ocrx_word' id='word_1_268' title='bbox 315 4115 340 4153; x_wconf 87' lang='lat' dir='ltr'>et</span> <span class='ocrx_word' id='word_1_269' title='bbox 352 4103 470 4154; x_wconf 72' lang='lat' dir='ltr'>collidltts</span> <span class='ocrx_word' id='word_1_270' title='bbox 484 4104 561 4168; x_wconf 78' lang='lat' dir='ltr'>viget,</span> <span class='ocrx_word' id='word_1_271' title='bbox 581 4105 616 4150; x_wconf 79' lang='lat' dir='ltr'>sin</span> <span class='ocrx_word' id='word_1_272' title='bbox 630 4103 680 4152; x_wconf 74' lang='lat' dir='ltr'>lere</span> <span class='ocrx_word' id='word_1_273' title='bbox 692 4105 724 4152; x_wconf 76' lang='lat' dir='ltr'>ud</span> <span class='ocrx_word' id='word_1_274' title='bbox 806 4103 1016 4167; x_wconf 62' lang='lat' dir='ltr'>&amp;AL-supernus</span> <span class='ocrx_word' id='word_1_275' title='bbox 1023 4107 1284 4167; x_wconf 57' lang='lat' dir='ltr'>pumannum.</span> 
     </span>
    </p>
   </div>
   <div class='ocr_carea' id='block_1_8' title="bbox 0 0 1527 4680">
    <p class='ocr_par' dir='ltr' id='par_1_8' title="bbox 0 0 1527 4680">
     <span class='ocr_line' id='line_1_37' title="bbox 0 0 1527 4680; baseline 0 0"><span class='ocrx_word' id='word_1_276' title='bbox 0 0 1527 4680; x_wconf 95' lang='lat' dir='ltr'> </span> 
     </span>
    </p>
   </div>
  </div>
 </body>
</html>
