2976 4670
234 363 328 437 ⁶26
427 333 802 436 oasunvnnonts
827 361 1157 434 nronoourmffi

257 491 359 554 culter
372 486 469 553 fidem
482 485 666 552 habendam
685 507 771 569 esse,
785 509 825 550 ex
842 485 1039 576 argumentis
1061 486 1141 550 meis
1160 503 1330 567 constare,

257 596 413 685 opinione
429 615 592 684 auguror,
607 615 711 658 unum
725 615 815 657 nuno
833 608 950 675 restat,
968 590 1056 681 quod
1073 593 1101 656 si
1117 594 1330 681 perfecerim,

257 701 453 790 sponsione,
477 730 490 754 a
506 699 541 763 ni
555 699 630 763 falsa
648 699 812 763 Ciceronis
829 699 870 764 sit
883 699 1061 779 accusatio,
1076 713 1109 763 et
1121 699 1201 762 boni
1214 700 1331 787 probi-

258 829 323 895 que
347 807 408 870 viri
430 806 554 870 fuerint
567 805 636 869 lCti
649 806 815 886 romani»,
833 823 887 870 rne
907 804 1071 868 victurum
1088 825 1159 868 esse
1173 804 1331 868 audacter

258 909 399 978 conlido.
415 909 501 976 lllud
511 905 660 975 videlicet
681 927 748 992 est,
772 925 811 975 ut
824 909 992 974 ostendant
1005 911 1168 1000 primunr,
1184 910 1330 999 benigne

258 1017 334 1082 alibi
350 1015 391 1080 de
406 1017 532 1081 cuncus
542 1015 730 1105 jurisperitis
745 1017 898 1096 sensisse,
911 1016 1016 1103 iisque
1029 1015 1219 1080 criminibus
1230 1017 1330 1103 plane

259 1123 418 1189 contraria
445 1122 610 1211 scripsisse
635 1138 875 1206 accusatoreru3
910 1120 1028 1186 deinde
1059 1121 1149 1186 hune
1177 1120 1329 1186 ordinem

259 1229 353 1292 istam
372 1228 522 1308 injuriam
538 1228 730 1315 neutiquam
754 1227 855 1293 fuisse
866 1227 1102 1315 promeritum,
1119 1215 1251 1291 minime
1266 1249 1329 1290 au-

261 1351 328 1400 tern
345 1335 494 1398 omnium
519 1334 668 1401 servium
690 1333 868 1422 Sulpicium
888 1333 1087 1422 exprobratus
1109 1335 1212 1422 culpe
1228 1334 1330 1398 irrisae

261 1439 408 1523 affinem,
425 1439 521 1504 tertio
537 1459 575 1504 ea
589 1439 676 1526 ipsa,
689 1459 761 1526 quaa
778 1439 832 1503 hic
847 1439 933 1504 JCtis
946 1439 1156 1523 obiiciuntur,
1170 1440 1232 1502 alio
1252 1440 1328 1503 loco

263 1563 415 1611 nostruin
431 1561 595 1609 oratorem¹
609 1559 648 1608 ut
659 1532 798 1631 pulchre
813 1545 960 1609 instituta
971 1545 1141 1634 probasse,
1152 1562 1185 1609 et
1195 1543 1327 1609 tandem

217 1715 218 1720 ,
262 1668 397 1739 quarto,
411 1651 519 1739 ipsura
533 1651 583 1714 sui
598 1651 673 1714 facti
686 1665 718 1714 et
733 1650 876 1740 piguisse
892 1665 924 1715 et
936 1649 1099 1740 puduisse.

314 1757 430 1822 Tenuis
450 1762 581 1822 scientia
602 1772 651 1822 est
672 1757 753 1836 juris
778 1757 938 1846 cognitio,
956 1757 1127 1822 Murenam
1152 1755 1327 1820 defendens

264 1863 309 1928 ait
317 1881 329 1945 ;‘
339 1862 397 1927 sed
413 1861 598 1954 sermonem
615 1885 633 1926 a
648 1863 780 1943 Crasso,
806 1879 845 1925 ut
856 1863 945 1944 vult,
965 1862 1112 1926 habitum
1130 1861 1326 1943 describens,

264 1967 365 2056 «quid
381 1983 445 2050 est,
463 1967 860 2056 inquit(1),prteclariua,
880 1989 978 2055 quant
996 1967 1179 2032 bonoribus
1198 1983 1231 2032 et
1251 1969 1325 2055 reip.

265 2075 457 2139 muneribus
474 2075 682 2162 perfunctum
696 2095 806 2138 senem
824 2093 919 2161 posse
936 2095 997 2138 suo
1011 2074 1085 2154 jure
1099 2073 1207 2138 dicere
1222 2073 1305 2137 idern
1313 2121 1324 2155 ,

265 2179 354 2269 quod
371 2179 458 2269 apud
476 2181 621 2244 Ennium
637 2177 723 2244 dicat
740 2179 791 2243 illc
807 2179 944 2268 Pythius
957 2179 1087 2268 Apollo,
1099 2203 1134 2244 se
1152 2201 1221 2244 esse
1237 2201 1327 2260 eum,

208 2282 216 2292 '
266 2285 443 2366 undesibi,
458 2285 565 2350 sinon
576 2284 689 2373 populi
704 2300 738 2350 et
756 2304 864 2374 reges,
881 2301 914 2350 at
929 2307 1042 2351 omnes
1060 2286 1110 2350 sui
1126 2287 1211 2350 cives
1225 2285 1327 2350 consi·

256 2392 345 2457 'lium
363 2407 531 2480 expetunt,

372 2536 474 2582 suarum
488 2547 568 2580 rerum
581 2533 686 2582 incerti?
697 2549 759 2598 quos
773 2549 820 2600 ego
836 2551 888 2583 mea
905 2551 953 2602 ope
968 2553 998 2585 ex

373 2621 475 2670 Incertis
484 2632 564 2670 cenos
572 2656 580 2682 ,
594 2632 769 2686 compotesque
780 2623 869 2672 cousffi
876 2660 884 2687 ,

374 2707 494 2769 Dimisso,
510 2719 539 2758 ut
553 2720 586 2758 ae
599 2724 637 2757 m
650 2720 740 2758 tenue
752 2719 860 2759 transm
870 2711 988 2762 turbido

269 2874 327 2938 Est
344 2873 430 2938 enim
454 2875 523 2938 sine
547 2872 648 2938 dubio
671 2871 789 2940 domus
809 2875 1032 2954 jurisconsulti
1049 2876 1149 2941 totius
1166 2878 1327 2942 oraculum

272 2979 417 3044 civitatis.
435 2979 539 3044 Testis
555 2995 603 3044 est
621 2978 757 3060 hujusce
776 2981 817 3064 Q.
830 2979 932 3045 Mucii
948 2983 1061 3064 janua,
1074 2998 1108 3048 et
1123 2985 1327 3066 vestibulum,

271 3083 360 3172 quod
380 3086 414 3147 in
430 3084 499 3163 ejus
516 3083 936 3170 infirmissimaralitudine,
953 3088 1132 3176 affectaque
1147 3089 1212 3170 jam
1227 3105 1327 3168 aetate,

271 3191 409 3252 maxima
430 3188 576 3277 quotidie
598 3190 779 3276 frequentia
799 3191 935 3274 civium,
958 3215 996 3256 ac
1010 3215 1215 3258 surnrnorurn
1232 3193 1329 3258 borni·

270 3317 351 3359 nurn
365 3293 536 3383 splendore
548 3294 727 3359 celebratur
735 3325 759 3361 ι.
767 3295 875 3386 Pergit
885 3299 998 3362 Cicero
1006 3300 1040 3362 in
1051 3317 1159 3364 nostra
1171 3302 1327 3365 oratione:

271 3401 438 3490 aDignitas
460 3401 493 3465 in
519 3401 578 3465 ista
600 3401 732 3466 scientia
758 3404 935 3468 consularis
961 3428 1140 3493 numquam
1165 3408 1243 3490 fuit,
1260 3429 1327 3494 quat

271 3526 336 3574 tota
354 3531 393 3574 ex
409 3508 506 3574 rebus
524 3507 607 3574 fictis
625 3510 921 3600 commentitiisque
941 3529 1117 3578 constarett
1135 3515 1241 3602 grstia
1255 3535 1328 3577 rem

667 3614 678 3650 Ι

247 3799 250 3804 ’
309 3815 348 3882 (r)
362 3817 400 3864 De
413 3817 483 3865 Orat.
497 3813 541 3863 lib.
554 3817 580 3876 1,
595 3831 649 3880 cap.
661 3815 702 3874 tt.
716 3815 831 3865 Similiter
843 3817 869 3865 in
878 3819 997 3883 Topicis,
1017 3837 1071 3885 cap.
1086 3838 1125 3886 17,
1147 3823 1198 3871 ait:
1217 3845 1228 3864 ι
1238 3819 1328 3868 Privata

271 3905 364 3968 judicia
378 3905 536 3954 maximarum
555 3903 654 3968 quidem
670 3921 748 3954 rerum
766 3905 793 3952 iu
803 3905 921 3954 JCtorum
937 3907 998 3955 mibi
1011 3909 1184 3958 videnturesse
1195 3907 1326 3974 pmdetnir.

273 3993 336 4042 Natu
348 4003 371 4041 ct
384 3993 472 4041 adsunt
484 3989 595 4053 muitum,
605 4001 630 4042 et
642 3991 789 4042 adhibentur
800 3994 826 4042 in
840 3995 958 4053 consilio,
970 4007 994 4045 et
1007 3999 1115 4063 petronia
1128 3997 1289 4064 diligenu‘bua,
1297 3995 1327 4044 ad

273 4098 357 4130 eorum
368 4081 522 4146 prudentium
535 4079 746 4145 confugientibus,
758 4081 839 4132 hastas
850 4083 1016 4135 minianum».
