2958 4670
378 359 577 459 ORATIO
601 365 704 433 PRO
730 367 768 433 L.
796 366 1025 436 MURENA.
1164 366 1227 456 541

172 488 367 588 praesertim
389 511 466 558 non
482 485 645 583 inopem,
664 510 784 582 neque
803 484 1008 576 infirmnm,
1021 490 1233 583 exturbare,

171 599 236 696 qui
254 613 292 669 et
312 621 377 694 per
395 621 454 682 se,
476 609 512 667 et
529 620 595 692 per
608 619 711 684 suos,
734 610 771 666 et
787 620 876 668 vero
888 599 996 668 etiam
1013 622 1079 696 per
1097 601 1234 675 alienos

173 705 396 779 defendatur.
429 709 565 777 Omnes
595 706 693 775 enim
727 703 772 775 ad
802 704 961 802 pericula
993 710 1236 806 propulsanda

173 821 440 904 concurrimus3
459 817 574 911 etqui
592 841 665 886 non
680 829 805 912 aperte
822 817 956 888 inimici
973 843 1114 906 sumus,
1129 825 1236 895 etiam

173 928 414 1013 alienissimis,
433 926 471 995 in
495 927 623 1023 capitis
640 925 823 1024 periculis,
845 928 1142 1002 amicissimorum
1154 931 1235 1004 offi-

173 1039 226 1109 cia
247 1052 284 1108 et
304 1035 422 1108 studia
448 1049 667 1134 praestamus.
685 1036 805 1124 Quare
825 1059 893 1133 ego
921 1053 1091 1136 expertus
1110 1056 1151 1123 ,et
1170 1067 1235 1141 pe-

172 1146 288 1244 tendi,
306 1160 345 1218 et
358 1201 360 1208 .
374 1142 615 1229 defendendi,
642 1159 678 1215 et
700 1145 892 1217 accusandi
911 1146 1163 1241 molestiam2,
1187 1155 1238 1225 sic

172 1255 357 1329 intellexi:
385 1257 422 1326 in
444 1254 604 1354 petendo
613 1252 640 1342 ³,
660 1254 819 1327 studium
845 1281 921 1328 esse
938 1260 1176 1350 acerrimum
1197 1265 1234 1335 in

172 1366 428 1454 defendendo,
462 1363 637 1450 officinm3
658 1365 695 1434 in
721 1366 939 1456 accusando,
966 1367 1137 1441 laborem.
1165 1355 1235 1444 Ita-

172 1501 247 1574 que
264 1480 314 1547 sic
327 1489 464 1563 statuo,
477 1472 557 1546 fieri
575 1473 677 1545 nullo
694 1473 805 1546 modo
820 1499 944 1574 posse,
964 1493 1006 1548 nt
1021 1479 1118 1572 idem'
1133 1504 1237 1553 accu-

172 1589 374 1673 sationem,
405 1600 442 1658 et
475 1585 685 1682 petitionem
706 1585 914 1658 consulatus
923 1587 1114 1686 diligenter
1132 1591 1236 1662 ador·

174 1711 237 1768 net
268 1710 376 1794 atque
408 1698 571 1765 instruat.
601 1699 722 1765 Unum
741 1698 919 1767 sustinere
940 1699 1045 1794 pauci
1063 1717 1235 1796 possunt,

173 1821 371 1903 utrumque
384 1829 504 1878 nemo.
518 1809 573 1874 Tn
584 1857 594 1892 ,
607 1829 722 1901 quum
734 1803 794 1877 tel
809 1805 853 1876 de
869 1808 1237 1907 enrriculopetitionis

173 1916 393 2003 deflexisses,
409 1919 644 2013 enlmumque
661 1915 707 1986 ad
724 1915 964 1988 accusandum
979 1921 1236 2012 transtulisses,
1265 1995 1269 2009 ,

172 2029 401 2114 existimasti,
427 2031 462 2098 'te
485 2030 626 2120 utrique
646 2029 792 2124 negotio
812 2025 1013 2101 satisfacere
1025 2033 1237 2127 posselVe·
1325 2029 1329 2038 ’

172 2136 361 2210 hementer
375 2137 607 2226 errasti.Qnis
620 2137 716 2208 enim
734 2132 832 2206 dies⁵
846 2134 933 2222 fuit,
949 2153 1184 2236 posteaquam
1199 2143 1237 2212 in

62 2293 67 2302 -
171 2250 275 2318 Istam
302 2245 492 2318 accusandi
517 2244 830 2317 denuntiationem
856 2247 1033 2341 ingressus
1054 2271 1111 2337 eS,
1129 2275 1238 2346 quern

172 2373 212 2429 tu
237 2382 311 2428 non
330 2371 448 2428 totum
469 2357 507 2426 in
529 2357 596 2426 ista
619 2357 760 2428 ratione
778 2357 1069 2452 consumpseris?

219 2470 350 2539 XXIII.
377 2471 509 2563 Legem
542 2464 697 2537 ambitus
728 2464 934 2562 flagitasti¹,
960 2489 1040 2562 quae
1068 2464 1135 2537 tibi
1162 2493 1237 2556 non

172 2575 303 2648 deerat.
319 2582 404 2649 Erat
416 2577 513 2646 enim
533 2578 753 2648 severissime
772 2577 902 2675 scripta
921 2576 1148 2673 Calpurnia².
1165 2582 1236 2650 Ge-

172 2702 248 2760 stus
267 2702 320 2760 est
344 2712 422 2758 mos
432 2700 468 2757 et
490 2685 682 2772 voluntati,
707 2699 744 2754 et
763 2682 927 2781 dignitati
952 2699 1031 2754 tuae.
1056 2685 1125 2756 Sed
1140 2685 1237 2758 tota³

171 2865 204 2898 no
215 2849 301 2900 Cicero
315 2849 400 2896 consul
413 2857 468 2894 ante
480 2846 577 2894 comitia
592 2861 680 2893 cousu-
725 2844 766 2890 lex
779 2843 895 2900 ferretur,
906 2857 983 2905 quum
1001 2853 1028 2890 tu
1041 2841 1172 2906 Calpurnia
1186 2843 1237 2908 lege

170 2927 311 2986 lactarunt,
325 2927 352 2973 in
365 2925 477 2973 exsiliom
489 2923 565 2970 ibant.
725 2919 872 2970 severissime
900 2919 990 2984 scripta
1023 2931 1152 2968 contentus
1186 2940 1237 2972 essa

207 3023 233 3053 a.
255 3003 394 3052 Accusandi
403 3000 545 3050 molestiam.
558 3003 641 3064 Quum
653 3003 681 3051 C.
726 3014 820 3064 possea.

171 3087 271 3132 Verrem
288 3065 417 3130 aemuia.
762 3094 787 3126 a.
802 3075 943 3140 Calpmaia.
957 3077 985 3124 (I.
1005 3076 1152 3140 Calpurnius
1166 3081 1238 3142 Piso,

207 3164 232 3210 3.
241 3163 272 3208 In
277 3160 391 3226 petetado.
399 3161 518 3223 Expertus
525 3156 681 3204 animadverti
726 3173 776 3204 non
790 3155 871 3202 multia
883 3155 953 3202 anuis
965 3166 1021 3203 ante
1040 3155 1165 3206 CiceronIs
1179 3176 1237 3208 eon.

171 3242 198 3288 In
215 3239 328 3305 petendis
341 3237 476 3286 honoribus
489 3237 618 3284 maximam
631 3251 681 3284 eoae
725 3235 829 3284 sulatum
840 3267 849 3294 ,
862 3233 918 3281 tulit
937 3251 968 3282 ex
980 3239 1190 3287 senatusconsulto
1204 3240 1239 3289 le-

171 3315 356 3384 impen'dendam
369 3315 548 3380 assiduitatem
560 3316 587 3363 in
600 3315 681 3362 delen·
725 3312 819 3379 gernde
833 3312 937 3373 ambitu,
956 3314 982 3360 in
1002 3329 1064 3377 qua,
1083 3327 1170 3380 praeter
1179 3319 1238 3368 alias

172 3398 253 3447 dendo
267 3407 347 3445 antem
359 3395 529 3454 reo,etudlum
548 3395 681 3459 diligentia·
725 3408 821 3458 poenas,
835 3390 972 3457 pecuniaria
992 3403 1042 3439 erat
1062 3393 1152 3442 addita.
1167 3399 1237 3447 Hauc

170 3477 273 3538 risurum
284 3487 307 3524 et
322 3475 348 3524 in
364 3474 501 3524 accusando
519 3474 681 3539 pertInacIsai·
725 3474 817 3536 legem,
836 3470 902 3535 quod
922 3471 1005 3520 inultis
1024 3471 1122 3536 gravior
1139 3476 1260 3526 videbe·-

170 3573 237 3604 mum
249 3557 365 3605 laborem.
726 3563 778 3610 tur,
791 3567 841 3598 non
855 3550 902 3596 nisi
916 3565 1001 3616 magna
1015 3567 1088 3600 manu
1100 3552 1204 3618 stipatus
1213 3558 1238 3606 in

207 3643 232 3690 l.
251 3634 315 3683 uda.
338 3644 399 3682 vett.
421 3633 550 3680 omiserant
564 3631 682 3679 te:dedlt
726 3633 781 3679 Ioro
799 3629 864 3678 tulit.

170 3713 365 3764 Gruter-eMSS
378 3713 512 3762 sucat.
529 3715 557 3762 L.
761 3711 788 3758 3.
807 3711 866 3756 Tota
879 3707 923 3756 illa
946 3709 996 3758 lex.
1012 3709 1091 3770 Quam
1110 3709 1237 3776 flagitasti,

208 3795 230 3841 5.
242 3791 300 3854 Quis
306 3790 369 3838 euim
376 3790 434 3840 dies.
442 3789 553 3838 Studium
563 3789 682 3838 Seruianae
726 3799 750 3836 et
761 3803 815 3852 qua
824 3787 872 3835 lata
886 3799 930 3835 eat.
940 3787 1002 3835 Mira
1011 3800 1064 3836 arte
1076 3799 1141 3838 totus
1151 3791 1192 3839 hic
1201 3793 1238 3841 lo·

170 3868 331 3917 accuutlonis
344 3877 479 3930 exaggerat,
486 3882 536 3931 quo
545 3867 614 3914 Illum
622 3866 683 3931 peti-
726 3883 770 3915 cus
782 3877 910 3924 tractatur,
924 3866 949 3913 ln
962 3882 1013 3929 quo
1022 3867 1099 3930 legem
1108 3885 1152 3917 suo
1161 3870 1238 3936 ipsius

171 3948 235 3998 aloni
245 3948 324 3994 miuus
339 3961 423 3994 vacare
438 3947 547 4012 potuisse
559 3945 681 3994 ostendat.
726 3946 824 3995 nomine
832 3945 972 4008 inscriptam
980 3946 1065 3994 Cicero
1073 3963 1123 3995 non
1132 3959 1180 3996 tam
1187 3953 1238 4017 Ipse

208 4027 305 4074 xxm.
319 4041 342 4072 r.
354 4027 438 4090 Legem
446 4023 549 4073 ambitio
549 4022 683 4092 flagitasti.
727 4023 809 4072 tulisse
817 4023 974 4086 quamamico
985 4023 1070 4072 Servio
1085 4025 1237 4082 condonasse

172 4105 290 4153 Petiiatia
309 4113 394 4152 senatu
411 4113 438 4152 nt
460 4119 524 4151 nova
543 4103 573 4151 de
591 4103 682 4151 ambitu
727 4103 816 4150 Inuuit.
