2958 4670
343 442 534 510 ontrro
559 445 662 512 rno
687 445 724 512 n.
751 445 980 516 nunnus.
1066 469 1070 480 ⁷
1120 403 1191 518 '533

134 577 187 632 tot
212 560 360 660 praeliis,
386 577 443 634 tot
469 566 703 660 imperatores
730 561 825 635 bella
852 568 1064 662 gesserunt?
1093 569 1198 662 'cujus'

133 671 272 768 expulsi
296 685 332 742 et
351 672 454 770 ejecti
477 674 548 744 vita
574 675 662 744 tanti
689 671 882 746 aestimata⁵
907 690 979 764 est,
999 691 1057 764 ut,
1078 693 1194 750 morte

133 782 211 877 ejus
234 783 415 866 nuntiata,
434 796 511 852 turn
533 781 692 880 denique
713 781 849 856 bellum
872 782 1076 856 contectum
1099 784 1195 857 arbi·

134 889 334 963 traretur⁶?
354 897 431 964 Hoc
460 894 568 990 igitur
583 895 622 964 in
636 892 734 985 bello
752 897 792 964 L.
814 897 1022 984 Murenam,
1040 895 1197 993 legatum

133 999 316 1073 fortissimi
333 1003 462 1101 animi,
485 1005 618 1074 summi
640 1004 798 1093 consilii,
817 1005 963 1076 maximi
984 1004 1117 1078 laboris
1136 1031 1196 1078 co·

24 1143 26 1148 ’
133 1114 271 1209 gnitum
298 1136 374 1184 esse
404 1111 648 1198 defendimus;
676 1128 713 1186 et
735 1114 828 1186 hanc
849 1114 927 1208 ejus
950 1139 1097 1213 operam
1120 1140 1197 1188 non

22 1219 26 1246 ⁶
134 1224 252 1294 minus
270 1221 316 1293 ad
332 1223 560 1294 consulatum
583 1223 876 1322 adipiscendum,¹
894 1248 1002 1322 quam
1023 1225 1116 1296 hauc
1130 1249 1196 1297 no·

134 1348 241 1404 stram
265 1331 446 1404 forensem
469 1331 706 1422 industriam,
727 1333 909 1432 dignitatis
927 1333 1105 1406 habuisse.
1197 1413 1199 1420 ,

181 1446 291 1513 XVII.
313 1445 360 1511 At
373 1443 468 1513 enim
483 1453 493 1484 ¹
511 1443 546 1512 in
567 1457 731 1539 praeturae
749 1446 928 1541 petitione
946 1447 1047 1542 prior
1065 1467 1199 1515 renun-

134 1554 241 1624 tiatus
264 1566 318 1622 est
341 1554 493 1624 Servius.
516 1554 713 1650 Pergitisue
733 1578 815 1640 vos,
842 1569 1026 1652 tamquam
1047 1578 1092 1625 ex
1113 1577 1198 1649 syn-

135 1662 310 1760 grapha²‚
329 1686 434 1758 agere
457 1687 540 1734 cum
564 1664 721 1762 populo,
738 1678 780 1735 ut
803 1689 912 1762 quem
938 1665 1059 1736 locum
1088 1663 1199 1736 semel

135 1771 284 1842 honoris
297 1772 452 1868 cuipiam
469 1771 625 1862 dederit,
645 1773 813 1846 eumdem
830 1774 979 1872 reliquis
998 1773 1199 1846 honoribus

135 1868 284 1953 debeat?
300 1883 409 1973 Quod
426 1884 522 1954 enim
544 1881 696 1973 fretum,
713 1909 822 1981 quem
841 1882 1040 1982 Euripum³
1058 1899 1113 1959 tot
1122 1909 1200 1956 mo·

135 2004 213 2078 tus‚
232 2004 369 2078 tantas,
403 2005 475 2062 tam
495 1995 631 2064 varias4
660 1993 796 2078 habere
826 1999 959 2091 putatis
988 1996 1199 2092 agitationes

136 2100 329 2187 flnctuum,
358 2115 509 2198 quantas
534 2102 824 2200 perturbationes
849 2119 885 2175 et
913 2119 1070 2201 quantos
1094 2121 1200 2177 aestus

136 2211 241 2280 habet
258 2215 349 2281 ratio
379 2214 629 2283 comitiorum?
645 2214 730 2284 Dies
753 2215 976 2286 intermissus
998 2239 1111 2304 unus,
1137 2231 1201 2286 aut

137 2346 209 2391 nox
226 2322 455 2419 interposita,
469 2348 562 2420 saepo
580 2321 765 2418 perturbat
780 2324 919 2412 omnia;
938 2339 1106 2396 ettotam
1124 2328 1200 2425 opi·

137 2435 282 2502 nionem
298 2455 406 2528 parva
420 2457 696 2532 nonnumquam
713 2448 913 2506 commutat
930 2459 1017 2504 aura
1034 2438 1200 2506 rumoris

137 2545 235 2638 Saepe
261 2542 368 2611 etiam
395 2543 472 2612 sine
498 2542 569 2614 ulla
589 2557 712 2640 aperta
731 2539 861 2636 causa⁵
879 2543 920 2616 fit
941 2543 1061 2635 aliud,
1091 2561 1201 2644 atque

138 2653 400 2738 existimamu5‚
420 2668 461 2724 ut
483 2678 758 2752 nonnumquam
778 2658 828 2724 ita
845 2652 979 2726 factum
1000 2679 1076 2728 esse
1094 2659 1200 2730 etiam
1231 2654 1236 2663 '

174 2830 199 2877 5.
232 2829 374 2878 Ειτίιιιαεα.
405 2831 463 2878 Duo
482 2829 557 2878 oodd.
573 2831 645 2893 rogii,
690 2845 766 2894 quum
793 2829 872 2876 multo
896 2829 1004 2877 crebrius
1028 2847 1102 2895 quam
1126 2835 1201 2883 maria

138 2930 149 2949 ι
163 2908 328 2956 uterinum..
341 2910 411 2956 J,v,
426 2910 454 2956 L,
691 2911 788 2959 oetern,
806 2910 937 2948 extestuare
957 2912 1049 2950 veteres
1071 2913 1202 2969 poterent,

173 2986 198 3034 6.
207 2987 318 3034 hmbin.
330 2987 548 3036 «arbitraremur».
560 2987 646 3035 Malim
690 2980 722 3028 ad
741 2981 849 3028 omniurn
868 2991 949 3028 retum
969 2981 1155 3032 inconstantiam
1172 2999 1200 3032 eo

138 3079 184 3128 ego
205 3087 217 3106 s
232 3065 439 3114 arbitrarentur..
462 3065 530 3116 Nihil
554 3065 647 3114 mim
690 3059 812 3107 levitatem
824 3059 1118 3111 unmeutemnwnmm
1128 3063 1203 3125 hujus

139 3142 211 3191 codd.
224 3146 251 3191 J.
262 3146 294 3193 V.
310 3145 336 3192 1.
691 3137 826 3203 opinionis,
839 3153 884 3186 our
897 3140 987 3203 septies
999 3143 1150 3206 reciprocare
1161 3143 1201 3192 die

174 3225 255 3271 ΠΗ.
282 3238 304 3271 1,
326 3223 362 3270 Ae
385 3222 457 3270 enim,
483 3225 560 3290 snpra
582 3223 647 3272 idem
691 3227 895 3266 aonoetesestum
908 3218 1202 3287 oreditomsnerit‚egrs·

139 3299 261 3360 objectum
279 3301 470 3349 adversariorum
484 3301 514 3350 de
526 3311 647 3366 quaestura
692 3295 732 3362 gie
744 3296 816 3344 dooet
825 3298 928 3346 Voesins
938 3297 970 3346 ad
982 3297 1080 3360 Metam,
1092 3303 1131 3360 11,
1143 3319 1166 3364 ⁷·

139 3379 244 3428 breviter
255 3380 404 3444 perstrinxit.
417 3380 489 3428 Nune
501 3380 587 3429 iterum
600 3382 648 3430 ittte
728 3384 752 3432 e.
768 3378 827 3424 Tam
839 3376 927 3424 vm'as
940 3376 1142 3442 kabmputatie,
1150 3394 1199 3433 ete.

140 3459 280 3523 urgentibus
297 3477 326 3508 ao
342 3459 372 3506 de
386 3470 491 3526 praetura
505 3461 649 3510 inculcanti-
692 3455 795 3518 Quintil.
805 3458 880 3514 VIII,
893 3457 922 3515 6,
942 3464 989 3520 49,
1002 3460 1151 3520 memoriter,
1172 3473 1201 3510 ot

139 3538 200 3598 boe,
214 3538 339 3586 verbosius
354 3539 492 3604 respondet.
693 3534 796 3592 ridetur,
813 3557 827 3576 ι
840 3544 888 3582 tam
908 3537 986 3584 variae
1004 3537 1092 3586 hebere
1108 3540 1205 3589 creditis

175 3633 200 3666 a.
214 3619 254 3665 Eo·
266 3619 412 3683 syngrapha.
426 3621 501 3681 Quasi
515 3635 545 3668 ex
557 3619 649 3684 obligu-
693 3615 846 3677 agitationes,
863 3616 1081 3676 oommufflonee,
1099 3617 1207 3680 fluetus,

141 3697 207 3743 tione
225 3709 298 3744 certae
319 3713 348 3745 ao
371 3696 477 3746 definito·
500 3698 648 3760 voluntatis,
693 3693 1206 3758 qusntsspertnbstionesetquantoeaettue

140 3791 195 3838 quse
217 3793 230 3822 a
251 3777 344 3840 populo
364 3777 497 3826 candidatis
517 3789 582 3826 certe
600 3794 650 3826 non
694 3773 756 3820 mio
767 3774 951 3822 conitiorum·
962 3776 1027 3824 Η.
1039 3776 1067 3822 L.

140 3853 250 3901 debetur.
265 3857 308 3902 Est
319 3866 398 3902 autern
411 3857 550 3922 syngrapho
563 3857 651 3906 debite
731 3853 754 3900 ⁵.
771 3853 828 3901 Sine
843 3853 896 3900 ulla
908 3863 993 3914 aperta
1010 3856 1206 3920 summulam

140 3933 252 3997 pecuniae
266 3935 411 3998 perscriptio
425 3946 450 3983 et
467 3936 578 3982 solvendi
592 3953 652 3984 oon·
695 3931 796 3980 obscure
806 3942 831 3979 et
841 3931 965 3994 inoognita
975 3947 1046 3980 musa
1057 3945 1207 3997 exepeetetss

142 4013 247 4060 ditiones
265 4013 383 4061 eontinet.
397 4015 434 4060 Eo
447 4016 652 4066 aooommodetior
700 4009 877 4074 deliguitiow
900 4011 1024 4072 imnum,
1047 4013 1081 4061 iu
1105 4025 1133 4060 ut
1154 4015 1207 4080 ipse

142 4089 234 4156 figura,
246 4092 313 4156 quod
326 4108 381 4140 oum
392 4096 408 4144 J
410 4093 462 4142 Ctis
472 4095 530 4157 agit.
699 4091 808 4155 populos
815 4088 884 4154 quod
896 4091 979 4138 fuerit
991 4091 1100 4153 miretur,
1113 4109 1159 4142 nee
1170 4097 1208 4144 eni

181 4173 204 4216 3.
222 4173 298 4232 Quem
319 4171 447 4235 Euripum.
467 4173 541 4236 Quod
555 4173 655 4233 irenem,
699 4177 755 4226 faeti
766 4176 843 4240 possit
854 4177 959 4226 rationes
968 4179 1073 4228 reddere.
