2956 4676
250 271 316 340 130
563 271 609 338 Μ.
636 271 673 336 Τ.
702 269 992 340 CICERONIS

242 392 337 464 hauc
363 389 636 462 absolutionem.
662 387 782 460 Nihilo
804 392 923 462 minus
954 391 1051 462 enirn
1082 403 1219 487 potest,
1247 388 1312 462 ut⁶

241 502 338 572 illam
347 501 497 572 multam
508 525 583 570 non
594 501 830 587 commiserit,
844 501 1023 598 accepisse
1039 513 1160 572 tamen
1174 499 1311 572 obrem

239 611 486 708 judicandam,
508 633 618 706 quam
639 609 851 696 stelenum,
872 612 936 707 qui
957 634 1100 680 cansam
1130 635 1312 708 nusquam

243 723 368 794 eadem
386 722 465 818 lege
485 721 582 790 dixit.
604 721 793 816 Proprium
817 714 975 792 crimen⁸
994 719 1083 790 iilud
1103 723 1311 817 quaestionis

242 835 319 926 ejus
350 829 525 902 nonfuit.
553 828 794 900 Fidiculanius
824 828 914 926 quid
932 828 1058 902 fecisse
1075 828 1311 902 dicebatur⁹i

241 943 418 1038 accepisse
432 964 453 1010 e
469 940 637 1010 Cluentio
658 943 732 1009 H·S
751 949 890 1011 coco¹⁰.
914 941 1028 1035 Cujus
1053 951 1130 1012 eret
1152 941 1311 1014 ordinis?

242 1052 421 1122 senatorii.
435 1051 517 1140 Qua
530 1050 608 1146 lege
621 1052 659 1118 in
674 1073 718 1119 eo
732 1073 864 1146 genere
875 1075 897 1121 a
908 1065 1074 1122 senatore
1089 1051 1181 1123 ratio
1195 1053 1310 1148 repeti
1367 1061 1368 1064 ’

243 1162 352 1250 solet,
368 1161 414 1232 de
432 1163 595 1260 pecuniis
610 1158 839 1256 repetundis,
860 1184 903 1231 ea
922 1158 1002 1256 lege
1019 1174 1225 1247 accusatus,
1245 1159 1310 1232 ho·

241 1273 441 1344 nestissime
466 1287 520 1342 est
545 1269 745 1344 absolutus.
769 1274 852 1342 Acta
878 1285 932 1342 est
954 1273 1050 1344 enirn
1079 1293 1186 1344 causa
1208 1293 1310 1344 more

241 1383 440 1478 majorum,
459 1384 538 1452 sine
551 1383 608 1466 vi,
639 1383 715 1454 sine
740 1394 860 1468 metu,
883 1381 960 1454 sine
983 1380 1173 1477 periculo:
1197 1379 1309 1466 dicte,

242 1508 278 1564 et
295 1493 472 1590 exposita,
489 1506 525 1563 et
540 1489 786 1562 demonstrata
800 1505 885 1560 sunt
898 1491 1032 1562 omnia.
1049 1488 1241 1564 Addooti¹¹
1250 1490 1307 1586 ju·

242 1603 340 1674 dices
359 1617 458 1689 sunt,
479 1626 554 1672 nou
579 1599 691 1672 modo
716 1601 875 1696 potuisse
902 1597 1054 1672 honeste
1071 1597 1117 1670 ab
1141 1624 1186 1672 eo
1206 1624 1308 1672 reum

242 1709 475 1782 condemnari
484 1767 492 1796 ,
501 1712 564 1808 qui
574 1735 648 1780 non
661 1723 838 1808 perpetuo
850 1709 1056 1796 sedisset¹²3
1075 1709 1156 1796 sed,
1168 1711 1198 1780 si
1212 1707 1308 1780 aliud

240 1821 270 1890 is
281 1819 392 1913 judex
409 1819 500 1890 nihil
515 1821 655 1906 scisset,
674 1821 764 1905 nisi,
782 1843 863 1915 quae
879 1818 1086 1917 praejudicia
1102 1818 1146 1890 de
1161 1845 1207 1892 eo
1218 1817 1309 1890 facta

242 1953 319 2002 esse
336 1945 562 2019 constarent,
581 1931 704 2002 audire
721 1946 893 2029 praeterea
906 1931 998 2033 nihil
1015 1929 1235 2004 debuisse¹³.

292 2043 486 2110 XXXVIII.
514 2045 605 2110 Tum
627 2041 733 2111 etiam
753 2041 805 2111 illi
829 2043 1011 2140 quinque,
1038 2043 1100 2140 qui
1122 2043 1309 2140 imperito·

243 2174 326 2221 rum
338 2149 528 2220 hominum
538 2150 981 2249 rumusculosaucupati1,
995 2167 1074 2224 turn
1084 2153 1184 2224 ilium
1197 2151 1311 2226 absol·

235 2273 411 2348 .verunt²,
435 2261 508 2356 jam
531 2284 633 2330 sunm
664 2260 891 2333 clementiam
923 2260 1061 2332 laudari
1089 2287 1309 2362 magnopere

277 2489 303 2538 6.
321 2491 361 2538 Ut.
373 2489 434 2536 Utut
450 2487 512 2536 nihil
525 2487 686 2546 commiserit,
702 2504 752 2553 quo
835 2505 873 2538 ro.
893 2488 984 2538 Debuit
1001 2489 1064 2540 sorte
1083 2491 1158 2540 turibi
1170 2507 1238 2550 «xe,
1251 2508 1309 2556 que·

241 2567 308 2616 illem
318 2567 418 2616 multem
430 2579 570 2616 mereretur.
797 2567 927 2632 &egiptu-
938 2585 984 2633 pro
994 2569 1308 2634 quemnemo-am

278 2663 304 2708 7.
314 2647 434 2708 nicolettus,
444 2648 489 2713 qui
496 2665 596 2697 causam
605 2661 752 2712 nusquam...
835 2661 876 2696 tt.
889 2647 930 2696 Al.
942 2647 1052 2698 adducti.
1061 2650 1078 2696 J
1080 2652 1126 2698 .V.
1136 2651 1165 2699 1..

243 2725 392 2791 dur'exutg.
402 2727 562 2793 «muniam,
572 2743 644 2792 quem
658 2735 752 2790 eepttm
835 2741 875 2776 ru.
889 2727 1068 2792 Nonperpetuo
1076 2729 1185 2778 redisset.
1197 2729 1249 2792 Qui
1255 2745 1309 2780 otu·

243 2823 363 2872 umquem
376 2807 487 2856 stelenus
497 2806 580 2856 eedem
593 2807 646 2868 lege
663 2804 752 2854 dixit».
797 2819 847 2852 tem
858 2815 934 2854 tottm
948 2821 1000 2854 uon
1011 2807 1128 2858 audisset.
1213 2839 1216 2846 ·

242 2889 303 2937 Em.
316 2887 437 2950 atquealii
449 2888 596 2936 recentiores
608 2883 751 2933 Lembinum
834 2884 873 2932 13.
888 2883 958 2932 Nitr't
972 2884 1091 2936 debutisn
1106 2887 1161 2934 Hoc
1173 2884 1308 2938 inloooitn

242 2976 387 3029 sequuntur.
401 2968 426 3014 J.
434 2966 465 3011 V.
478 2967 506 3012 L.
795 2977 874 3010 musa
891 2977 941 3012 tum
961 2966 1037 3012 servit
1057 2965 1160 3022 Cieero,
1180 2975 1209 3012 ut
1229 2964 1308 3014 omui·

278 3047 302 3093 Β.
316 3043 444 3106 Proprium
456 3043 556 3091 crimen.
570 3045 630 3091 IIaee
642 3040 672 3089 ad
685 3051 751 3090 ente-
792 3041 893 3100 §utine
906 3041 1061 3092 fundamenta
1080 3043 1224 3094 Itbeftotere
1236 3043 1308 3094 notit

137 3173 141 3180 ,
241 3122 352 3171 cedenti·
366 3133 390 3170 et
407 3121 513 3185 priorem
531 3119 635 3170 relenta
655 3135 750 3168 mutem
794 3133 822 3168 te
834 3119 1193 3186 pravisomniuoopimouibm
1200 3138 1253 3172 non
1262 3121 1308 3172 du·

241 3197 435 3250 astruerunt
452 3201 507 3248 illos
528 3201 571 3264 qui
591 3215 647 3249 eum
670 3199 750 3263 primo
793 3197 930 3248 bitet.Non
942 3200 1036 3250 iubenti
1048 3202 1131 3250 animo
1143 3201 1306 3252 mihiillaot·

238 3279 423 3345 jndicem-unt,
432 3294 483 3326 non
496 3278 631 3344 pertinebrt
643 3293 750 3341 querere
794 3277 845 3341 pite
858 3277 906 3343 legi
915 3279 1039 3340 videntur,
1053 3281 1079 3329 iu
1089 3281 1179 3346 quibus
1187 3293 1216 3330 ut
1226 3281 1308 3332 visen

241 3369 324 3406 utrum
344 3357 447 3421 pecunie
467 3359 551 3406 fnisset
568 3374 645 3407 necue
664 3373 751 3406 eorru-
793 3369 891 3418 otttor,
904 3359 1154 3424 otveritttemipttm
1165 3361 1307 3422 Mensem,

241 3449 310 3503 ptut.
794 3445 818 3484 et
829 3452 919 3484 nomen
933 3453 1004 3486 enum
1023 3455 1080 3486 enm
1094 3437 1262 3504 impurittitttit
1278 3455 1306 3488 te

277 3513 752 3580 9.Dieebatur.AIterumhioFtleulteju·
793 3513 985 3577 flagitiosissimi·
1006 3515 1147 3566 hominibus
1168 3517 1305 3568 wmmuui·

239 3593 751 3660 dieiumexpouitinquoquumdeteeeptis
794 3609 849 3642 oere
867 3594 970 3656 cogitur.

241 3677 291 3724 tus
299 3674 458 3739 quarnngtnu
468 3673 575 3721 millibus
587 3683 750 3732 necuter-etur,
829 3674 976 3724 xxxvnt.
986 3691 1008 3724 t.
1018 3675 1306 3741 flammineanonpatt'.

239 3769 266 3800 ee
277 3754 331 3818 lege
339 3753 463 3816 judicatus
472 3764 507 3801 eet
517 3767 572 3816 que
584 3751 616 3800 ed
629 3763 750 3799 meteres
793 3753 869 3800 Venit
891 3769 920 3801 te
942 3754 1055 3805 inertibut
1078 3754 1218 3804 minoribus
1237 3771 1306 3806 tutet

239 3830 308 3879 tulos
323 3833 392 3898 (etp.
408 3833 439 3880 52
463 3831 549 3897 κῃ),
561 3831 665 3896 ideoque
681 3831 749 3880 nullo
792 3831 936 3896 prebente.

239 3910 315 3958 modo
332 3911 364 3959 nd
381 3911 533 3968 Cluentium,
547 3927 609 3962 rom.
627 3911 748 3976 equitem,
828 3927 853 3960 e.
868 3913 943 3962 Ilium
955 3913 1306 3978 atsolmar.0ppimimm,

238 3989 383 4051 pertinebat.
791 3991 902 4040 ttetetis
916 3993 964 4041 iere
976 3991 1090 4042 omnibus
1103 3991 1252 4042 domm.
