2962 4682
475 370 882 442 ARGUMENTUM.
1171 373 1213 446 61

176 487 277 548 neflcii
300 488 475 566 pertineret,
492 488 687 568 ipse-quoque
703 492 867 550 oraticnem
880 511 961 552 suam
976 495 1018 553 sic
1031 496 1167 574 partitur,
1184 512 1218 556 ut

178 589 310 664 primum
321 605 352 644 sc
364 575 631 646 demonstraturum
647 588 794 662 ostendat,
815 591 930 669 culpam
942 590 1044 669 judicii
1056 594 1188 673 corrupti
1203 615 1220 652 a

179 683 318 741 Cluentio
330 703 449 761 prorsus
466 684 588 744 ulienam
603 705 679 758 csse,
696 684 802 744 deinde
818 688 848 745 in
862 685 1001 746 diluendo
1018 691 1149 749 venelicii
1162 693 1219 750 cri-

179 779 258 837 mine
273 799 303 840 se
316 793 498 840 versaturum
513 801 575 840 esse
590 781 685 855 dicat,
700 801 763 861 cap.
775 791 836 852 1-4.

221 881 256 934 In
267 879 367 952 prima
383 877 469 957 igitur
481 879 621 938 orationis
640 893 743 958 parte,
766 899 824 959 qua
839 893 961 958 negatur
979 883 1144 942 Cluentium
1159 905 1216 962 pe-

180 974 268 1032 cunia
274 973 416 1051 judicium
430 976 594 1055 corrupisse
606 1018 614 1047 ,
624 996 684 1056 quo
697 977 847 1036 inimicum
861 997 944 1036 suum
955 979 1139 1040 innocentem
1150 986 1213 1044 Sta·

181 1071 254 1129 tium
269 1071 388 1131 Albium
402 1073 599 1152 Oppianicum
611 1074 841 1134 condemnareta
886 1121 888 1128 ,

221 1172 396 1228 tuocum
418 1171 634 1254 Oppianicum,
655 1171 789 1230 maximis
810 1170 981 1231 criminibus
994 1185 1024 1231 et
1043 1174 1218 1252 gravissimis

181 1265 302 1326 testibus
313 1267 344 1326 in
356 1266 500 1346 judicium
512 1281 646 1328 vocatum
661 1289 733 1328 esse.
751 1275 854 1348 ltaque
867 1269 966 1328 multae
979 1269 1072 1330 cedes
1085 1277 1219 1358 erpant-

180 1362 256 1422 cidia
268 1362 305 1423 ah
318 1385 354 1424 eo
367 1366 529 1440 commissa,
544 1366 659 1446 aliaque
673 1368 784 1426 nefaria
795 1367 923 1426 facinora
935 1383 1116 1444 enarrantur,
1131 1371 1218 1446 5⁴⁶3

180 1480 218 1518 cx
232 1459 338 1539 quihus
350 1461 471 1540 intelligi
482 1478 597 1540 posset,
616 1485 683 1522 eum
701 1465 731 1522 in
744 1462 856 1542 judicio
869 1483 1005 1548 nonesse
1018 1467 1140 1544 pecunia
1159 1469 1218 1529 cir-

180 1572 367 1618 cumventum
378 1559 454 1632 ,sed
467 1561 566 1640 potius
580 1561 701 1622 honeste
715 1560 828 1620 absolvi
843 1561 924 1620 nullo
936 1563 1025 1622 modo
1037 1565 1177 1642 potuisse.

184 1639 187 1644 ¹
221 1655 335 1716 Deinde
346 1662 375 1717 11
388 1656 552 1716 ostenditur
567 1658 743 1737 praejudiciis
760 1658 789 1716 in
806 1657 1001 1730 Scamandro,
1020 1669 1126 1735 17220,
1144 1665 1218 1724 etin

180 1751 314 1812 Fabricio
329 1754 427 1828 lactis,
445 1775 497 1824 nr,
515 1765 572 1827 aa,
592 1775 709 1816 necesse
725 1755 813 1814 fuisse
827 1756 1023 1834 Oppianicum
1038 1777 1121 1817 reum
1142 1779 1217 1819 con-

176 1849 325 1923 demnari,
334 1851 495 1932 presertim
506 1851 544 1912 ab
555 1851 658 1913 iisdem
668 1851 835 1932 judicibus,
848 1854 899 1931 qui
911 1852 970 1912 duo
979 1845 1031 1913 illn
1042 1856 1213 1934 prejudicia

181 1949 326 2008 fecissent.
1114 1974 1117 1982 ¹

219 2045 355 2124 Denique
378 2051 424 2106 III
448 2045 665 2110 demonstratur
693 2045 837 2125 judicium
861 2067 920 2104 non
947 2067 964 2106 a
984 2049 1139 2122 Cluentio,
1161 2051 1213 2112 sed

181 2159 281 2204 contra
302 2144 467 2205 Cluentium
485 2145 608 2225 pecunia
624 2165 685 2204 csse
701 2157 857 2216 tentatum,
879 2147 989 2220 23·27;
1005 2146 1035 2204 in
1052 2167 1113 2224 quo
1128 2149 1214 2210 simul

180 2245 345 2324 exponitur,
354 2247 431 2301 unde
442 2244 569 2322 suspicio
582 2257 647 2303 orta
656 2245 702 2316 sit,
712 2245 877 2303 Cluentium
888 2245 1011 2322 pecunia
1021 2245 1135 2321 judices
1144 2268 1214 2308 cor·

108 2339 111 2344 ’
180 2339 301 2418 rupisse.
323 2340 358 2398 ld
372 2341 449 2398 enim
464 2339 602 2399 accidisse
617 2339 791 2400 turbulentis
806 2341 918 2413 Quintil
932 2343 1136 2416 concionibus,
1148 2366 1215 2424 quae

180 2437 339 2509 effecerint,
346 2449 380 2494 ut
392 2440 530 2515 quaesitor
537 2439 554 2496 J
556 2438 649 2509 unius,
663 2436 809 2515 etjudices
819 2438 930 2515 aliquot
941 2439 1214 2516 condemnarentur,

181 2533 283 2602 all-41.
296 2537 399 2610 Neque
411 2553 483 2592 vero
500 2533 600 2592 salsam
614 2533 693 2592 illam
707 2533 744 2594 de
761 2534 896 2594 Cluentio
912 2535 1079 2615 opinionem
1093 2559 1129 2598 eo
1143 2560 1211 2599 con·

180 2630 298 2703 firmari,
310 2627 390 2709 quod
403 2651 537 2690 censores
550 2631 673 2712 (Gellius
689 2644 718 2690 et
734 2631 886 2711 Lentulus)
898 2633 928 2691 in
939 2633 1052 2711 judices
1068 2636 1211 2713 quosdam

181 2727 256 2786 illius
268 2728 382 2786 consilii
391 2734 408 2788 J
411 2729 510 2788 uniani
518 2727 793 2800 animadverterint,
806 2737 843 2796 la
854 2749 936 2808 seqq.
950 2732 1083 2809 Denique
1092 2753 1212 2813 respon·

180 2823 266 2884 detur
280 2825 373 2884 trihus
388 2825 548 2885 adversarii
561 2827 752 2904 argumentis,
765 2825 862 2904 primo
875 2826 955 2903 quod
969 2830 1166 2906 enngnatius
1179 2833 1211 2891 in

181 2935 351 2982 testamento
364 2923 525 3003 scripserit,
539 2923 650 2982 idcirco
667 2943 698 2983 se
713 2920 904 3000 exheredasse
916 2922 1022 2996 lilium,
1038 2925 1154 3002 quodie
1170 2927 1210 2986 ob

179 3020 335 3098 Oppianici
348 3019 562 3080 damnationem
575 3021 728 3099 pecuniam
738 3019 904 3099 accepisset,
918 3019 975 3092 483
988 3020 1117 3080 secundo
1129 3023 1210 3102 quod

179 3131 295 3176 senatus
316 3117 467 3176 universus
489 3116 664 3195 judicaverit
685 3131 859 3196 corruptum
882 3133 943 3175 esse
963 3115 1125 3196 judicium,
1152 3129 1207 3198 493

180 3215 265 3274 tertio
279 3214 358 3293 quod
375 3217 437 3294 ipsc
452 3214 554 3274 Cicero
571 3215 646 3294 (Act
659 3219 673 3273 1
686 3216 717 3273 in
729 3219 813 3274 Verr.
826 3233 889 3292 cap.
905 3213 952 3292 13)
966 3217 1114 3278 consessus
1129 3217 1208 3278 sitin

177 3311 288 3390 judicio
301 3313 353 3372 illo
366 3313 520 3391 pecuniam
533 3332 595 3371 esse
610 3325 769 3384 versatam,
789 3311 842 3385 50,
859 3312 906 3370 51.

219 3415 254 3468 ln
281 3410 406 3470 secunda
429 3423 513 3490 parte
539 3409 679 3469 orationis
702 3409 918 3468 demonstratur
942 3411 1052 3470 crimen
1077 3415 1209 3473 veneficii

180 3508 315 3566 Cluentio
326 3508 472 3586 objectum
490 3507 527 3567 ah
543 3528 579 3567 ec
595 3527 714 3586 prorsus
726 3509 853 3566 alienum
865 3528 937 3567 esse.
960 3513 993 3568 In
1007 3529 1067 3588 quo
1080 3512 1208 3587 primum

179 3607 305 3666 ostendit
318 3627 349 3666 se
362 3608 442 3666 nolle
452 3606 589 3686 praesidio
599 3609 671 3686 legis
686 3609 863 3687 Semproniae
874 3606 919 3687 (C.
931 3611 1065 3680 Gracchi)
1078 3629 1132 3666 «ne
1142 3611 1207 3686 quis

175 3709 285 3786 judicio
300 3711 577 3770 circumveniretur»
587 3712 618 3769 in
632 3710 801 3770 defensione
817 3711 943 3770 Cluentii
957 3711 1013 3782 uti,
1030 3729 1206 3789 quamquam

179 3807 238 3867 haec
256 3809 302 3867 lex
318 3808 355 3868 ad
370 3822 532 3882 senatores,
543 3829 602 3867 non
615 3807 653 3867 ad
667 3810 777 3885 equites
789 3809 945 3888 pertineat,
959 3807 1009 3865 sed
1022 3808 1129 3884 potius,
1143 3807 1207 3887 ipso

179 3907 263 3965 ctiam
275 3907 412 3968 Cluentio
432 3919 570 3984 rogante,
594 3925 660 3965 cum
685 3907 762 3964 facto
784 3925 842 3964 non
866 3907 928 3982 lege
950 3905 998 3962 illa
1019 3903 1205 3964 defensurum

179 4023 252 4075 esse,
268 4003 306 4062 52
321 4024 385 4082 sqq.
404 4010 506 4082 Itaque
520 4005 646 4082 primum
661 4016 767 4082 praeter
780 4003 836 4060 alia
856 4000 988 4078 quaedum
1008 3999 1134 4072 leviora,
1151 4001 1206 4081 59,

178 4100 284 4160 refutat
303 4101 376 4160 salsa
390 4101 517 4160 duorum
535 4101 758 4173 veneficiorum,
778 4110 860 4156 antea
879 4117 944 4175 quae
962 4097 1113 4156 commissa
1130 4098 1206 4159 dice·
