2976 4670
325 428 417 497 eno
438 427 806 508 Junmonsnnns
830 429 1051 504 nonanis.
1145 422 1216 532 ἰρι

156 568 272 639 quam,
288 549 376 613 inter
393 569 429 613 ea
445 548 515 614 lora
536 549 786 615 estviueuium:
807 552 927 642 quippe
943 573 1034 638 mox,
1052 557 1188 644 proditis
1202 581 1221 624 a

155 655 265 720 Flavio
283 653 450 732 formulis,
474 666 567 718 notas
589 655 784 742 compositas
802 657 900 720 fuisse
923 674 1035 723 orator
1054 661 1114 743 ait3
1131 665 1223 751 atqui

154 777 289 826 oeuuun
306 776 339 824 et
357 757 462 822 tribus
482 775 557 847 post
574 758 671 824 Fierii
695 759 918 849 proditionem
940 763 1033 829 aunis
1056 783 1152 830 auum
1168 769 1222 849 jua

154 868 288 934 demum
303 867 474 958 propoauit
491 867 583 930 ionio
601 873 726 956 egregie
743 869 892 933 cordatus
909 889 922 932 t
940 868 1059 936 deindo
1068 869 1222 959 [madent

154 992 188 1039 et
206 973 358 1038 malitiam
379 973 495 1038 harum
517 971 732 1038 formularum
751 995 896 1040 umnam
915 977 1016 1041 fuisse
1035 979 1131 1043 nobis
1147 999 1222 1068 per·

153 1079 288 1144 suadere
301 1080 371 1144 ruit
387 1080 517 1160 Cicer03
534 1095 567 1142 at
577 1079 781 1169 Pomponius
793 1103 845 1146 eus
860 1083 1054 1170 compositas
1071 1085 1131 1168 ait,
1146 1087 1222 1176 quie

154 1176 313 1250 «deerant
330 1201 448 1274 genera
467 1175 614 1273 quaedam
635 1183 751 1274 agendi
770 1177 817 1274 (r)
828 1217 851 1250 n.
870 1185 1016 1253 Tandem
1034 1187 1122 1255 nulla
1139 1191 1224 1258 inter

154 1291 223 1356 haee'
243 1289 314 1356 loca
333 1286 483 1380 eognatio
500 1307 570 1354 este
590 1301 714 1380 potest3
737 1315 812 1356 nam
834 1288 946 1357 Cicero
967 1289 1054 1382 plebi
1073 1290 1223 1362 inimicos
1254 1377 1257 1384 ¹

154 1405 186 1462 et
208 1390 397 1462 dominandi
416 1391 528 1460 avidos
552 1398 649 1461 JCtos
673 1420 784 1462 earum
808 1411 956 1464 auctores
976 1395 1075 1465 fuisse
1099 1399 1223 1492 arguit5

153 1504 355 1592 Pomponius
371 1526 448 1568 vero
469 1503 577 1590 ipsum
592 1498 714 1568 AEiium
728 1553 737 1586 ,
753 1503 858 1568 virum
876 1504 1049 1571 mediocris
1064 1501 1224 1574 conditio·

152 1610 202 1702 nis
229 1609 417 1674 homiuibus
442 1609 718 1698 receptissimum,
744 1611 887 1676 aofiones
909 1614 1132 1700 composuisse
1158 1615 1223 1698 ait,

152 1713 328 1803 librumque
345 1713 466 1802 populo
484 1713 623 1794 dedisse,
645 1729 702 1797 ut,
726 1715 760 1778 in
779 1715 873 1780 noris
891 1715 1037 1803 quotidie
1061 1720 1222 1784 nascenti·

152 1819 214 1884 hus
233 1841 419 1884 caussarum
437 1819 627 1908 generibus,
645 1843 799 1884 «suarum
811 1843 921 1886 rerum
941 1822 1019 1886 certi
1037 1841 1222 1912 compotes·

152 1947 216 2012 que
231 1925 374 2006 consilii,
391 1947 572 2013 numquam
588 1941 708 1990 temere
724 1947 776 1990 res
793 1942 967 1992 tractarent
982 1925 1159 1996 turbidas».
1178 1931 1223 1995 Ut

151 2047 260 2118 aperte
276 2030 355 2119 quid
372 2031 507 2094 sentiam
521 2030 640 2111 fatear,
655 2030 821 2118 suspicor,
832 2031 992 2114 Tullium,
1005 2033 1096 2114 eujus
1111 2055 1222 2100 mussa

151 2135 354 2223 postulabat,
376 2149 415 2198 ut
426 2133 619 2222 jurisperitis
642 2131 795 2198 iuvidiam
814 2133 985 2219 conflaret,
1007 2159 1110 2224 quum
1129 2139 1220 2206 vide-

151 2256 202 2308 ret
215 2241 294 2330 legis
310 2242 454 2305 actiones
473 2239 567 2304 certis
586 2240 673 2304 notia
690 2241 850 2328 certisque
867 2241 953 2331 sigiis
968 2244 1147 2327 conscribi,
1162 2267 1221 2310 an·

151 2367 219 2410 sam
241 2345 317 2410 inde
339 2346 511 2434 arripuisse
533 2343 677 2435 fingendi
692 2344 760 2434 (a),
782 2347 840 2410 has
862 2363 955 2412 notas
974 2340 1049 2414 ideo
1073 2349 1220 2419 iuventas

150 2449 267 2532 titisse,
285 2466 324 2516 ut
335 2451 508 2540 incognitae
524 2473 650 2540 semper
664 2453 788 2540 populo
809 2453 958 2518 i'orrnulte
976 2472 1144 2524 manerent
1161 2457 1219 2546 (3).

185 2717 224 2786 (r)
234 2717 292 2769 lior
309 2719 388 2784 probs
400 2717 524 2784 perspexit
535 2715 695 2777 nmmum,
711 2728 788 2781 quum
807 2715 893 2768 aortbtt
911 2717 992 2782 (Ner.
1012 2717 1057 2771 tu.
1073 2717 1099 2782 t,
1120 2734 1175 2788 cap.
1190 2723 1220 2785 5,

133 2849 137 2862 .
151 2821 204 2876 pap
218 2805 277 2877 ani:
294 2827 307 2854 e
314 2813 374 2860 tuat
387 2809 579 2874 publicationem
587 2809 649 2870 luna
662 2801 736 2868 halus
748 2805 854 2856 sumni
862 2807 921 2857 altu
934 2809 1051 2859 tornatas
1064 2812 1139 2860 fatiae
1148 2824 1219 2861 oom-

150 2900 268 2963 positaaa
282 2897 366 2958 ictis,
389 2907 475 2960 praeter
496 2895 640 2945 Ciceronem
658 2909 705 2959 pro
726 2895 843 2954 Murena,
866 2910 920 2960 oap.
939 2911 982 2960 ης
999 2898 1071 2946 ettam
1084 2915 1116 2948 ax
1133 2899 1159 2948 d.
1173 2899 1216 2966 §7

150 2984 280 3050 Pomponii
294 2992 419 3048 appareret
433 2983 494 3048 (non
507 2982 583 3048 igitur
595 2997 626 3030 ex
645 2981 749 3030 lectione
763 2993 861 3046 recepta
879 2981 1014 3048 apparet),
1031 2985 1051 3033 ai
1070 2986 1145 3038 lectio
1160 2987 1218 3048 ilia,

151 3091 224 3140 quam
233 3073 304 3122 affert
314 3072 442 3122 Eberliuua
455 3087 511 3138 pag.
528 3079 576 3135 49,
588 3070 781 3138 approbaretur:
803 3073 955 3136 Augeseente
972 3075 1085 3138 uisitata,
1098 3077 1142 3144 qui
1152 3094 1219 3143 pm.

150 3147 232 3220 erant,
245 3159 355 3226 quaedam
366 3175 452 3224 genera
465 3159 553 3224 agendi
570 3170 787 3224 composueruntn.
799 3159 866 3224 Quid
882 3169 963 3208 autem
977 3161 1008 3210 de
1027 3161 1072 3212 har
1085 3165 1219 3218 Haloandr.

149 3239 255 3298 lectione
270 3246 426 3296 statuendum
442 3247 487 3306 sit,
505 3248 585 3312 quivis
600 3245 676 3296 videt.

135 3393 140 3402 »
184 3359 225 3426 (a)
240 3357 367 3424 Praecipua
378 3357 443 3408 iilud
455 3357 512 3406 inda
523 3355 689 3422 patrt‚quod
707 3355 737 3404 de
754 3358 822 3405 Orat.
840 3357 885 3406 tit.
903 3361 930 3417 1,
947 3373 1003 3424 rap.
1017 3368 1060 3418 tr,
1077 3360 1121 3410 ubi
1134 3363 1218 3413 eaden

148 3449 202 3497 hare
212 3448 242 3497 de
254 3446 350 3504 Flavio,
366 3447 397 3495 de
408 3445 545 3494 ambitione
557 3445 732 3510 patriciorum,
746 3455 771 3494 at
782 3445 876 3510 reliqua
886 3445 1008 3498 mordacia
1016 3447 1041 3496 in
1052 3449 1130 3499 dCtoa
1141 3451 1218 3514 diota,

149 3537 195 3585 rub
208 3536 312 3586 Antonii
326 3535 438 3584 Oratoris
453 3551 556 3599 perenm
569 3535 742 3598 proferuntur,
762 3550 792 3582 ue
805 3534 851 3604 γρὺ
874 3535 973 3600 quidem
997 3536 1027 3584 de
1044 3538 1091 3586 hae
1103 3549 1217 3589 notarum

149 3625 300 3673 occultarum
315 3622 468 3672 fraudulenta
481 3621 623 3670 inventione
635 3621 776 3686 reperiatur.
789 3622 865 3686 Quod
879 3633 958 3672 sutem
976 3624 1018 3672 hio
1032 3623 1101 3685 diat,
1118 3623 1218 3677 finxisse

148 3713 218 3760 iatam
235 3712 265 3762 de
278 3711 342 3758 notis
355 3709 454 3759 orcadis
471 3707 578 3758 fabulam
600 3707 715 3757 callidum
736 3720 876 3771 oratorem,
895 3710 1006 3776 pluribus
1025 3709 1219 3774 confirmabitur,

149 3797 326 3864 oap.3,§ai.

184 3913 222 3980 (3)
239 3913 294 3962 Alia
308 3911 339 3960 de
355 3911 394 3960 hia
415 3910 481 3958 uotis
499 3911 639 3972 conjectura
660 3920 696 3960 est
714 3911 752 3959 Gi.
769 3911 857 3974 Buxeri
870 3911 942 3960 rraet
955 3911 987 3959 ad
1001 3913 1135 3962 Βιιιιιιιιιοτί
1145 3916 1218 3982 Opu-

148 4001 225 4060 seuia,
239 4015 293 4066 pag.
305 4015 349 4048 rr:
362 4020 375 4040 ι
386 3997 477 4047 Melior
488 3998 599 4062 profecto
613 3997 661 4046 fuit
670 3997 820 4060 judiciorum
834 3998 911 4058 ordo,
927 4016 973 4048 neo
986 4010 1025 4050 tot
1036 4002 1153 4051 molestie
1167 4014 1218 4054 tan.

148 4101 223 4154 taque
237 4089 317 4137 litium
330 4087 475 4136 diuturnitas
485 4085 531 4134 snb
546 4087 657 4134 formulis
670 4103 741 4150 quam
757 4097 887 4151 postquam
902 4103 937 4136 sat
950 4089 1061 4154 abrogari
1075 4105 1213 4156 ooepernnr,
