3026 4680
444 395 499 464 IN
524 395 563 462 L.
590 395 900 481 CATILINAM,
926 396 996 464 III.
1179 396 1245 484 461

184 532 350 612 tempore
369 512 416 608 ab
435 513 624 587 occidente
641 514 734 588 laces
752 515 993 614 ardoremque
1007 517 1100 606 caeli,
1123 532 1165 590 ut
1180 519 1249 592 ful-

182 628 323 698 minum
340 625 476 719 jactus,
496 641 539 698 ut
554 641 657 698 terrae
676 642 815 716 motus,
835 642 878 698 ut
897 630 1057 714 cetera⁴‚
1078 651 1158 724 quae
1177 644 1250 702 tam

183 737 319 824 multa,
341 734 448 807 nobis
480 736 712 825 consulibus,
743 736 835 808 facta
861 751 964 826 sunt,
993 751 1035 806 ut
1058 737 1152 826 haec,
1173 764 1252 836 quae

184 871 282 918 nunc
303 845 416 936 fiunt,
439 845 593 920 canere⁵
617 847 667 919 dii
688 847 909 919 immortales
930 845 1165 918 viderentur:
1183 848 1254 921 hoc

184 971 298 1045 certe,
326 958 506 1048 Quirites,
529 957 731 1054 quodsum
756 957 942 1045 dicturus,
962 981 1082 1054 neque
1110 974 1255 1056 praeter-

184 1066 549 1166 mittendum‚neque
563 1065 872 1164 relinquendum⁶
891 1083 954 1138 est.
980 1071 1071 1140 Nam
1089 1067 1252 1166 prolecto

183 1179 357 1249 memoria
371 1180 518 1267 tenetis,
536 1182 642 1249 Cotta
661 1183 893 1276 etTorquato
908 1177 1136 1267 consulibus,
1154 1206 1252 1252 corn-

183 1287 305 1384 plures
316 1289 355 1356 in
370 1287 550 1385 Capitolio
565 1299 645 1358 res⁷
661 1288 706 1360 de
719 1288 805 1360 caelo
820 1312 897 1360 esse
914 1311 1121 1385 percussas.
1138 1315 1254 1387 quum

183 1411 221 1467 et
238 1396 427 1468 simulacra
446 1395 598 1468 deorum
620 1399 879 1470 immortalium
901 1397 1052 1496 depulsa
1065 1443 1069 1470 r
1082 1414 1193 1488 sunt,
1218 1415 1255 1471 et

185 1519 309 1575 statuae
335 1520 498 1576 veterum
519 1507 711 1578 hominum
737 1505 904 1604 dejectae,
929 1523 965 1579 et
981 1508 1101 1605 legum
1121 1535 1189 1580 aera
1210 1509 1254 1581 li·
1357 1527 1360 1540 '

184 1611 387 1713 quefactul
412 1615 543 1706 Tactus
557 1632 613 1688 est
626 1620 734 1689 etiam
747 1618 905 1716 ille‚qui
918 1618 1013 1688 hanc
1026 1616 1156 1689 urbem
1168 1643 1254 1690 con·

185 1725 293 1816 didit,
318 1728 523 1800 Romulus:
543 1754 653 1826 quem
676 1735 880 1800 inauratum
902 1731 943 1798 in
964 1730 1143 1826 Capitolio
1170 1754 1253 1827 par·

185 1863 271 1909 vum
301 1854 411 1936 atque
432 1838 651 1929 lactantem,
674 1840 849 1912 uberibus
876 1838 1009 1937 lupinis
1033 1839 1254 1942 inhiantem,
1321 1839 1323 1842 ’

185 1945 293 2020 luisse
316 1950 539 2020 meministis.
565 1952 647 2041 Quo
679 1949 828 2048 quidem
853 1939 1019 2046 tempure
1035 1973 1150 2047 quum
1170 1975 1253 2022 aru-

184 2059 301 2154 spices
314 2083 358 2130 cx
376 2074 453 2131 tota
469 2061 608 2130 Etruria
626 2061 900 2148 convenissent,
930 2057 1044 2130 caedcs
1062 2073 1174 2158 atque
1198 2064 1253 2131 in·

185 2167 330 2253 cendia,
363 2184 400 2240 ct
424 2170 545 2266 legum
581 2170 813 2256 interitum⁹‚
850 2183 887 2240 et
916 2167 1053 2240 bellum
1083 2171 1185 2241 civilc
1212 2195 1254 2242 ac

186 2275 446 2364 domesticum,
472 2294 509 2350 et
532 2282 643 2351 totius
666 2279 767 2352 urbis
788 2295 897 2376 atque
923 2279 1065 2376 imperii
1088 2304 1255 2352 occasum

187 2390 480 2485 appropinquare
502 2388 691 2479 dixerunt,
711 2391 778 2462 nisi
789 2389 837 2461 dii
849 2389 1069 2460 immortales
1081 2392 1188 2484 omni
1201 2416 1255 2462 ra·

186 2498 287 2569 tione
306 2498 454 2596 placati,
468 2525 535 2572 suo
549 2503 701 2572 numine
712 2525 827 2598 prope
845 2497 915 2570 lata
930 2500 1005 2598 ipsa
1015 2509 1047 2544 ¹⁰
1062 2498 1253 2574 flexissent.

188 2609 315 2704 ltaque
329 2608 476 2680 illorum
489 2614 673 2708 responsis
689 2624 823 2682 tunoct
831 2607 907 2680 ludi
925 2607 1050 2681 decem
1061 2618 1091 2652 ¹1
1103 2635 1169 2708 per
1178 2611 1254 2684 dies

187 2871 299 2926 quartam
311 2860 415 2924 graviter
423 2862 450 2908 in
459 2875 505 2910 sno
515 2871 627 2926 poemate
636 2873 661 2909 ct
669 2862 695 2908 ln
739 2857 932 2921 restringimus
954 2857 1070 2921 quidem
1092 2859 1251 2924 reflnquimus

187 2941 295 2990 oratione
314 2940 345 2987 ud
360 2941 480 3004 populum
493 2951 696 2990 enarraverat—
736 2927 912 3001 jumsusceptu.
1044 2988 1052 2999 .

188 3019 229 3066 Ab
246 3019 370 3066 occidente
380 3018 465 3083 faces.
487 3019 627 3082 Prodiginm
647 3019 695 3066 hoc
778 3034 801 3079 7.
816 3015 891 3078 Vulg·
900 3025 984 3063 tums.
993 3013 1101 3063 Alterum
1110 3015 1251 3078 lectionem,

188 3099 223 3145 sio
234 3099 331 3162 poetice
344 3099 375 3146 de
389 3100 449 3146 Div.
463 3101 506 3160 11,
524 3113 564 3158 rr,
582 3112 696 3149 enarrat:
741 3113 796 3161 quae
809 3104 846 3144 cst
856 3091 884 3141 in
895 3093 969 3143 codd.
981 3093 1057 3143 l‘alat.
1069 3095 1083 3142 3
1093 3105 1117 3142 et
1126 3094 1179 3142 ullis
1188 3113 1249 3144 non·

188 3199 201 3219 «
211 3178 279 3239 Quid
289 3193 347 3226 vero
360 3177 446 3225 Phoebi
458 3177 497 3224 lux
508 3213 516 3239 ,
528 3176 603 3224 tristis
612 3179 698 3227 nuntia
742 3176 829 3234 nullis,
843 3176 937 3222 Erunt.
953 3175 1075 3239 protulit,
1088 3177 1139 3237 jum
1151 3193 1166 3225 u
1179 3179 1252 3228 Grut.

189 3257 258 3319 belli,
265 3259 326 3320 Quae
338 3273 450 3320 magnum
464 3255 495 3305 acl
505 3256 618 3305 columen
630 3254 698 3306 llum-
741 3255 879 3320 probatam.
895 3255 919 3302 J.
929 3253 963 3302 V.
977 3256 1005 3301 L.

172 3323 256 3386 'mato
267 3335 354 3384 ardore
366 3335 481 3397 volabat,
493 3335 632 3401 Praecipites
645 3337 699 3386 caeli
777 3337 802 3384 8.
824 3337 916 3402 Legum
936 3349 988 3380 aera
1009 3331 1152 3398 liquefacta.
1176 3337 1252 3385 AEreis

189 3427 284 3481 partes,
297 3414 428 3478 obitusque
442 3414 542 3479 percssit
552 3436 573 3464 ι.
742 3417 806 3466 enim
818 3413 907 3463 tubulis
921 3413 1003 3462 incisu
1012 3413 1077 3478 leges
1091 3414 1117 3461 in
1132 3414 1254 3480 Capitolio

226 3506 250 3554 t.
262 3496 302 3546 Al.
311 3505 446 3559 ceteraque.
461 3497 485 3544 J.
496 3497 527 3542 V.
541 3495 570 3542 L.
744 3494 910 3544 servabuntur.

226 3575 250 3623 5.
273 3575 373 3624 Currere.
395 3572 540 3632 Prodicum,
566 3571 666 3620 ductum
686 3589 699 3620 u
779 3590 804 3637 9.
822 3575 914 3639 Legum
926 3570 1056 3620 urtcritum.
1076 3571 1173 3620 Scilicet
1190 3574 1255 3638 leges

190 3651 294 3714 rutilius.
304 3654 343 3702 sic
354 3653 470 3716 loquutus
479 3664 549 3702 estet
560 3654 587 3700 in
597 3653 627 3699 iis
638 3667 700 3716 quos
744 3653 813 3717 quasi
822 3662 916 3700 nutem
927 3651 1034 3714 dugann
1047 3663 1187 3711 nuscuntur,
1196 3667 1256 3702 oon-

189 3746 263 3794 suprr
275 3733 327 3780 dixi
339 3717 466 3782 veriibus:
479 3757 491 3776 α
500 3737 560 3782 Haec
572 3733 634 3791 lore,
644 3747 700 3796 per·
746 3741 887 3790 senonum,
901 3731 1046 3780 moriuntur.

191 3812 271 3874 petuis
292 3811 382 3874 signis,
406 3811 524 3876 clarisque
547 3813 702 3875 frequentans
784 3827 824 3860 ro.
844 3813 908 3858 Fata
928 3807 1126 3876 ipsaflaissene.
1142 3809 1260 3874 Virgilius

191 3893 247 3953 lpse
261 3890 333 3937 deum
345 3889 441 3954 genitor
452 3891 513 3938 caelo
527 3893 646 3954 terrisque
659 3907 702 3938 cu·
748 3903 828 3939 tumen
838 3889 969 3952 negotiata
981 3887 1047 3936 flecti
1057 3903 1127 3952 posse
1136 3903 1143 3936 z
1152 3912 1164 3931 α
1172 3891 1260 3939 Desine

190 3971 264 4018 nebat
275 3993 295 4016 a.
749 3972 796 4020 latu
809 3969 882 4016 deum
895 3966 961 4014 flecti
971 3982 1067 4030 sperare
1077 3970 1199 4030 ¹precando
1208 3991 1230 4018 a.

226 4051 252 4096 6.
269 4050 354 4113 Neque
362 4046 612 4111 praetermittendum,
629 4063 707 4112 neque
790 4064 831 4096 11.
845 4049 872 4094 t.
880 4045 907 4094 d.
913 4061 961 4110 per
969 4045 1027 4094 dies.
1038 4045 1114 4104 Bello,
1124 4048 1158 4095 ait
1168 4051 1257 4097 Muret.

193 4126 389 4192 relinquendum.
399 4126 608 4176 urerer-minimus
617 4143 643 4174 eu
652 4141 707 4189 quae
752 4127 814 4173 ratio
825 4124 938 4190 placandi
952 4123 1022 4172 duos!
1036 4125 1190 4175 Admimbills
1203 4145 1265 4192 pro·
