2986 4670
262 387 332 461 290
580 365 628 432 M.
656 363 694 432 r.
722 362 1011 434 crcuaours

257 483 423 588 profecto
438 480 600 582 perficiet
614 493 640 572 ⁷,
662 507 708 556 ne
723 483 861 556 diutius
873 481 978 552 inviti
993 477 1089 553 ferre
1104 475 1119 526 ⁸
1138 485 1327 579 cogamini.

257 603 516 670 Verumtamen
544 603 665 681 cavet,
689 609 748 682 ut,
771 597 810 664 Sr
836 617 913 677 Qua
942 603 1123 664 vacuum
1148 618 1234 664 rosa
1264 619 1328 665 ros

257 729 433 780 cousucus
444 729 490 774 nx
499 727 604 775 rtovrs
615 727 869 778 vacrroatmus
882 726 1098 774 anciriirun
1109 757 1119 791 ,
1131 729 1175 774 aa
1190 729 1326 776 nacara-

256 843 333 892 vuu
362 839 542 888 uraurun.
568 818 668 888 Nova
694 838 804 911 porro
834 814 1020 910 vectigalia
1044 813 1142 886 videt
1163 839 1204 886 ea
1229 815 1325 904 sore,

256 954 339 1027 quae
364 927 557 1024 Pompeius
581 924 796 1018 adjunxerit.
825 928 880 996 Ita
903 925 1061 996 remissis
1074 934 1114 985 ¹⁰-
1128 925 1325 1016 manubiis,

254 1035 490 1136 vectigalibus
509 1037 587 1131 ejus
606 1037 738 1107 virtute
754 1040 866 1132 partis
882 1059 921 1106 se
938 1033 1008 1106 frui
1024 1051 1130 1133 putat
1146 1053 1326 1135 oportere.

255 1155 360 1222 Parta
379 1150 425 1220 sit
442 1148 612 1247 pecunia,
631 1147 809 1236 Quirites,
827 1145 1040 1218 decemviris
1055 1161 1171 1235 tanta,
1193 1164 1327 1245 quauta

254 1261 352 1332 sitin
368 1259 491 1344 terris;
506 1255 597 1328 nihil
613 1258 892 1355 praetermissum
906 1268 956 1346 ¹¹3
976 1256 1038 1328 sed
1052 1282 1181 1330 omnes
1193 1260 1325 1346 urbes,

255 1369 349 1467 agri,
368 1391 479 1465 regua
494 1365 675 1464 denique,
692 1382 879 1464 postremo
894 1370 1002 1438 etiam
1014 1368 1201 1465 vectigalia
1214 1385 1328 1442 vestra

254 1482 455 1566 venierint3
477 1481 695 1550 accesserint
714 1479 752 1549 in
779 1479 967 1550 cumulum
989 1477 1168 1550 mauubiae
1190 1495 1328 1553 vestro·

253 1614 336 1661 rum
355 1593 639 1687 imperatorum:
661 1603 805 1685 quantae
822 1602 859 1659 et
873 1613 982 1685 quam
1004 1591 1179 1662 immanes
1198 1591 1329 1663 divitia.

254 1699 466 1772 decemviris
480 1700 518 1769 in
534 1700 642 1770 tantis
663 1698 915 1787 auctionibus,
934 1713 989 1770 tot
1001 1699 1167 1796 judiciis,
1186 1716 1258 1771 tam
1276 1706 1330 1774 in·

253 1811 357 1881 finita
374 1823 552 1908 potestate
573 1833 696 1880 rerum
718 1809 883 1879 omnium
899 1823 1127 1906 quaerantur,
1140 1808 1279 1882 videtis.

303 1923 431 1991 XXIV.
461 1919 674 2015 Cognoscite
687 1930 697 1964 ¹
721 1943 820 1990 nunc
838 1919 926 1990 alios
941 1922 1137 1991 immensos
1152 1935 1263 2016 atque
1278 1921 1331 1991 iu-

255 2027 460 2101 tolerabiles
474 2043 650 2125 quaestus,
664 2043 705 2098 ut
722 2029 945 2126 intelligatis,
959 2029 1003 2100 ad
1018 2045 1200 2112 certorum
1214 2029 1331 2103 homi·

254 2165 344 2211 num
356 2141 633 2237 ²importunam
648 2140 831 2210 avaritiam
848 2140 919 2212 hoc
938 2141 1114 2268 populare
1127 2141 1214 2239 legis
1225 2166 1329 2238 agra·
1375 2187 1380 2194 ·

254 2253 315 2321 riae
336 2273 473 2322 nomen
497 2273 573 2320 esse
601 2252 805 2364 quaesitum.
833 2255 908 2322 Hac
927 2253 1082 2348 pecunia
1101 2251 1207 2346 jubet
1222 2277 1329 2350 agros

253 2362 326 2432 omi
332 2358 682 2457 ,quodeducamini
695 2336 1329 2461 Nonconsuevihominesappellare

253 2471 416 2569 asperius
427 2468 453 2557 ³,
470 2472 649 2560 Quirites,
666 2473 734 2542 nisi
726 2471 946 2544 'lacessitus
964 2474 1104 2544 Vellem
1118 2479 1133 2528 ⁴
1152 2473 1232 2547 fieri
1247 2500 1330 2573 pos-

254 2596 325 2668 set,
345 2594 387 2650 ut
406 2605 425 2650 a
445 2604 503 2652 me
523 2583 600 2652 sine
619 2583 840 2654 contumelia
855 2585 1132 2656 nominarentur
1151 2586 1194 2673 ii,
1210 2587 1274 2683 qui
1290 2611 1328 2658 se

253 2691 479 2763 decemviros
501 2707 648 2788 sperant
675 2689 847 2764 futuros:
871 2694 948 2789 jam
974 2692 1167 2784 videretis,
1192 2694 1328 2792 quibus

266 2935 269 2942 ·
292 2925 315 2970 7.
333 2904 453 2974 Perjieiet.
469 2906 509 2954 Sic
524 2905 584 2954 edit.
606 2908 681 2962 1480.
699 2906 767 2967 alti,
813 2917 883 2972 putat
903 2909 950 2956 eibi
971 2910 1101 2958 fruendum
1122 2911 1153 2959 iia
1171 2913 1250 2976 agris,
1262 2928 1329 2979 quoe

250 2986 411 3055 perficiam.
420 2985 452 3032 V.
464 2987 493 3034 1..
812 2987 944 3051 Pompeius
956 2989 1022 3036 hosti
1033 2989 1160 3040 ademerit.

290 3067 314 3113 8.
324 3067 397 3112 Ferre
405 3060 536 3128 cogamini.
543 3063 675 3128 Pompeius
683 3065 767 3112 etiam·
852 3083 890 3115 rr.
901 3068 972 3116 Nitit
977 3071 1183 3131 prettermissum
1192 3071 1328 3121 sedomnes

253 3145 275 3194 ti
286 3160 338 3194 nou
356 3159 406 3192 aure
420 3142 573 3192 contumelia
584 3143 713 3208 impatiens
726 3147 766 3194 su·
812 3145 892 3194 urbes.
903 3145 1026 3196 Lollem.e
1037 3149 1108 3208 MSS,
1119 3165 1145 3198 a.
1152 3165 1191 3212 pr.
1200 3148 1249 3208 sti,-
1260 3168 1326 3202 omn.

254 3235 323 3274 turne
332 3224 377 3282 sit,
385 3221 447 3272 mile
459 3234 540 3270 tamen
552 3221 636 3270 haberi
645 3225 767 3288 populum
813 3241 839 3273 u.
854 3227 879 3273 J.
889 3228 922 3274 V.
933 3229 960 3274 L.

255 3320 308 3352 nou
320 3302 436 3368 patietur,
451 3312 475 3350 et
493 3311 638 3366 potestatem
653 3301 716 3350 hauc
726 3303 769 3351 de·
850 3306 944 3352 XXIV.
956 3321 977 3354 a.
987 3305 1135 3370 agnoscite.
1143 3308 1215 3356 Nune
1223 3309 1328 3374 deque·

254 3382 406 3432 cemviralem
418 3379 582 3445 abrogandam
593 3379 696 3428 curabit.
812 3384 901 3430 arnosia
911 3399 1023 3448 agrorum
1033 3385 1199 3450 emptionibus
1210 3387 1326 3453 disputat,

290 3479 317 3526 9.
332 3461 359 3509 Si
369 3477 419 3525 qua
425 3459 543 3526 pecunia.
556 3459 614 3508 Atto
627 3460 685 3524 legis
695 3460 767 3509 titulo
812 3479 859 3526 qua
871 3464 965 3514 ratione
977 3465 1091 3514 ostendet
1109 3483 1243 3530 paucorum
1258 3468 1325 3517 unti-

253 3542 342 3594 Rullus
349 3539 435 3604 jubet,
445 3541 466 3588 ai
476 3555 523 3604 qua
535 3539 650 3604 munia,
660 3550 718 3603 post
728 3541 768 3592 Ci·
813 3543 855 3588 tati
866 3554 890 3590 et
904 3543 1061 3591 intolerandae
1073 3548 1179 3594 avaritiae
1188 3549 1278 3596 servire
1291 3547 1328 3598 le·

253 3629 409 3676 erronemet
430 3619 569 3666 Antonium
588 3619 713 3677 consules,
736 3637 768 3667 ex
812 3622 938 3685 gemhauc
957 3625 1085 3686 agrariam.

253 3704 325 3751 novis
331 3699 488 3764 vectigalibus
495 3698 633 3761 recipiatur,
640 3713 667 3744 ea
676 3699 768 3746 decem·
847 3703 872 3750 3.
889 3701 1013 3749 Certatum
1029 3701 1161 3752 hominum.
1172 3703 1223 3767 Qui
1232 3701 1328 3754 decean-

254 3784 302 3832 viri
319 3791 427 3830 utantur.
446 3781 504 3842 Quo
521 3777 601 3842 capite
623 3778 767 3843 Pompeium
811 3780 915 3828 vitatum
929 3780 1053 3830 affectant.

252 3861 367 3925 attingit,
376 3860 446 3920 cujus
462 3855 590 3920 vectigalia
602 3868 722 3921 occupat,
735 3875 767 3906 ne
846 3861 871 3906 3.
886 3860 1017 3924 Appellare
1025 3860 1142 3924 asperius.
1151 3861 1233 3910 Ullam
1246 3861 1329 3912 homi-

253 3943 320 3990 otuni
338 3949 406 4003 parte
420 3938 452 3986 ait
464 3937 587 3984 immunis.
810 3938 883 3985 nibus
898 3937 978 3986 dicere
1002 3939 1191 4002 contumeliam,
1214 3942 1328 3992 homiues

230 4055 233 4066 .
292 4016 449 4070 :olteminis
458 4015 586 4066 manubiis.
595 4017 680 4082 Itaque
689 4031 764 4080 quum
810 4033 868 4066 cum
881 4018 975 4082 probro
991 4019 1127 4068 nominare.

249 4099 361 4164 Pompeii
373 4097 493 4146 rnanubii·
507 4098 659 4163 pepercerit,
677 4095 765 4144 liuline
847 4105 871 4154 .‘,.
893 4097 996 4147 Vellem.
1005 4098 1046 4147 Al.
1059 4099 1143 4149 velim.
1152 4100 1167 4149 J
1172 4137 1178 4150 .
1187 4103 1217 4148 V.
1231 4101 1258 4148 L.

1097 4322 1107 4369 *r
