2956 4676
350 371 541 441 ORATIO
565 375 665 442 PRO
690 377 727 440 Α.
755 373 1034 444 CLUENTIO.
1161 393 1222 441 101

154 494 294 580 loc0¹⁰,
316 493 544 591 «Respicite,
560 492 744 588 judices»,
771 517 847 564 non
869 517 974 590 posse
996 491 1137 564 dicere:
1160 517 1226 563 nec

155 603 359 700 quidquam
380 607 531 701 propios
552 601 784 690 estfactum,
803 627 914 701 quam
933 619 974 674 ut
989 601 1093 674 illum
1109 627 1228 700 perse·

156 728 344 810 queretur,
365 729 401 784 et
419 714 514 786 coilo
533 714 682 786 obtorto
704 712 749 784 ad
769 712 938 784 subsellia
957 705 1167 798 reduceret,
1187 727 1227 784 ut

155 823 299 919 reliqua
322 840 445 921 posset
466 849 646 923 perorare.
669 829 722 896 Ita
749 839 828 895 tum
847 823 1045 912 Fabricius,
1070 827 1229 921 primum

157 953 227 1001 suo
254 931 394 1026 judicio
410 945 452 1022 ¹¹,
482 933 582 1032 quod
612 948 666 1006 est
690 935 959 1031 gravissimum,
989 932 1120 1005 deiude
1142 933 1229 1030 legis

157 1043 193 1110 vi
208 1051 251 1130 ¹²,
272 1056 309 1114 ct
329 1048 517 1116 sententiis
531 1043 696 1140 judicum
716 1057 770 1114 est
788 1042 1060 1115 condemnatus.

208 1156 319 1224 xxfl.
337 1154 437 1244 Quid
452 1168 526 1242 est,
542 1153 643 1252 quod
654 1154 726 1250 jam
742 1151 787 1224 de
803 1153 995 1251 Oppianici
1008 1175 1113 1224 causa
1126 1151 1230 1247 plura

158 1260 344 1335 dicamus?
362 1265 470 1363 Apud
487 1265 632 1337 eosdem
645 1263 787 1358 judices
802 1287 886 1334 reus
901 1275 955 1334 est
968 1259 1101 1350 sactus,
1114 1285 1227 1357 quum

158 1376 214 1442 is¹
232 1370 378 1444 duobus
392 1371 608 1470 praejudiciis
618 1373 692 1468 jam
711 1371 901 1444 damnatus
914 1386 1025 1461 esset3
1041 1370 1086 1442 ab
1103 1370 1234 1442 iisdem·

159 1495 282 1552 autem
307 1480 509 1577 judicibus,
537 1485 602 1580 qui
627 1481 901 1554 Fabriciorum²
929 1481 1159 1552 damnatione
1184 1479 1230 1551 dc

160 1593 366 1689 Oppianico
386 1591 611 1686 judicarant,
634 1591 736 1664 locus
764 1596 797 1664 ei
821 1593 961 1691 primus
978 1605 1033 1663 est
1053 1591 1229 1662 constitu·

159 1697 265 1790 tus³;
294 1693 482 1774 accusatus
508 1717 563 1775 est
596 1701 809 1774 criminibus
836 1701 1082 1800 gravissimisi,
1109 1715 1146 1771 et
1169 1700 1230 1786 iis,

160 1837 243 1909 quae
268 1837 288 1883 a
316 1837 375 1884 mc
396 1810 557 1884 breviter
578 1812 673 1884 dicta
695 1827 801 1899 sunt,
830 1827 867 1883 et
896 1825 1066 1909 practerea
1089 1809 1233 1894 multis,

160 1947 242 2020 quae
257 1929 325 2020 ego'
343 1926 466 1994 omnia
484 1948 584 1994 nunc
602 1927 751 2012 omitto;
768 1938 955 1996 accusatus
970 1937 1022 1992 est
1039 1921 1135 2019 apud
1152 1945 1234 2006 eos,

161 2031 226 2128 qui
244 2047 281 2102 et
299 2031 577 2118 Scamandrum,
600 2033 806 2105 ministrum
826 2034 1037 2131 Oppianici,
1060 2046 1096 2102 et
1113 2031 1234 2102 Fabri-

161 2144 259 2212 cium
272 2197 282 2230 ,
295 2144 481 2214 conscium
496 2141 678 2229 maleficii,
693 2144 988 2214 condemnarant.
1003 2145 1150 2227 Utrum,
1168 2163 1234 2237 per

164 2249 254 2323 deos
276 2249 518 2323 immortales!
537 2253 647 2349 magis
668 2250 1078 2348 est'mirandum,quod
1098 2252 1127 2321 is
1149 2275 1233 2320 con-

162 2361 357 2436 demnatus
376 2378 446 2454 est,
460 2387 507 2434 an
522 2365 621 2460 quod
637 2365 788 2436 omnino
801 2364 1021 2462 respondere
1036 2386 1142 2432 ausus
1157 2361 1234 2432 esti

163 2472 264 2564 Quid
282 2478 381 2545 enim
397 2474 448 2544 illi
466 2473 608 2569 judices
628 2471 746 2546 facere
764 2473 986 2572 potuerunt?
1003 2476 1067 2568 qui
1086 2474 1115 2541 si
1134 2473 1233 2540 inno

162 2599 287 2656 centes
304 2585 485 2656 Fabricios
501 2583 823 2673 condemnassent,
841 2599 962 2656 tamen
978 2586 1015 2652 in
1031 2582 1233 2679 Oppianico

163 2693 232 2765 sibi
254 2711 440 2784 constare,
461 2710 497 2766 et
522 2693 770 2793 superioribus
790 2697 995 2767 consentire
1012 2690 1234 2786 judiciisde-

163 2801 337 2875 buerunt.
362 2810 418 2876 An
446 2829 533 2874 vero
559 2804 610 2874 illi
629 2830 693 2876 sua
714 2830 780 2903 per
804 2806 930 2902 seipsi
953 2803 1089 2897 judicia
1105 2803 1234 2871 rescin-

163 2911 292 2987 dorent
303 2913 330 3003 ⁵,
360 2939 485 3012 quum,
507 2921 619 2986 ceteri
643 2915 783 2986 soleant
808 2919 845 2985 in
868 2911 1087 3009 judicando,
1114 2934 1160 2980 ne
1189 2909 1235 2981 ab

203 3109 246 3143 xo.
260 3091 352 3142 uetito
366 3093 427 3140 loro.
441 3094 479 3140 Ex
494 3103 544 3140 tam
562 3092 679 3156 praeclaro
760 3100 784 3134 a.
795 3083 969 3133 Fabriciorum.
979 3079 1133 3138 Scamander,
1140 3079 1170 3127 de
1180 3094 1234 3127 mo·

164 3173 271 3237 affeetu,
281 3185 306 3222 et
318 3172 415 3238 egregio
430 3171 557 3220 rhetorica
568 3169 624 3218 loco
638 3169 680 3217 de·
723 3181 762 3224 re,
776 3165 874 3228 petroni
886 3157 977 3210 nbmen
989 3175 1035 3208 auo
1048 3159 1187 3220 addiderat,
1199 3159 1235 3206 in·

165 3263 272 3318 tempta.
298 3242 411 3301 Ceterum
432 3250 496 3305 bauo
519 3249 679 3296 narrationem
725 3245 755 3292 de
766 3242 796 3292 iit
808 3254 836 3290 ut
844 3259 898 3291 eum
917 3257 972 3295 cum
986 3240 1098 3288 Fabricio
1110 3238 1235 3304 appellet,

164 3348 252 3397 magua
265 3347 295 3380 ex
314 3341 382 3396 parte
396 3329 529 3379 confictam
541 3327 573 3375 ad
583 3327 680 3374 rolven·
723 3335 749 3372 et
762 3323 831 3370 binas
844 3325 869 3371 in
882 3337 955 3370 unam
965 3337 1049 3370 ausae
1060 3320 1204 3368 confundat.

165 3412 212 3461 doe
224 3412 363 3460 urbanitate
372 3410 485 3471 judicum
493 3405 681 3458 animoemribit
762 3403 786 3452 3.
808 3402 903 3450 Primus
922 3413 957 3448 est
969 3401 1119 3450 constitutus.
1134 3403 1236 3464 Propter

165 3491 272 3556 Quintil.
285 3493 332 3540 Π.
350 3490 433 3551 Idem,
447 3491 542 3553 v1,³,
561 3488 586 3535 in
597 3487 681 3552 primis
726 3482 926 3543 coniunctionem
948 3497 1041 3538 causo,
1063 3490 1090 3527 ut
1106 3479 1238 3536 Fabricio,

165 3570 257 3620 subtile
274 3583 299 3620 et
321 3571 454 3618 oratorium
473 3585 525 3617 erre
543 3567 603 3615 dicit
622 3565 680 3613 utu
725 3573 783 3626 poet
795 3561 934 3612 damnatum
948 3559 1128 3608 Scamandrum.

167 3665 280 3708 namra,
292 3659 320 3698 ut
332 3651 420 3699 Cicero
438 3665 485 3713 pro
497 3647 612 3697 Cluentio
624 3661 680 3693 nar-
763 3649 786 3697 t.
796 3636 1098 3703 Criminibusgruvissimis.
1109 3636 1201 3682 Verum
1211 3649 1238 3681 ea

167 3737 206 3776 rat
220 3727 252 3776 de
263 3729 374 3793 &pario
388 3739 414 3776 et
425 3728 545 3776 Fabricio.
727 3719 828 3768 omuino
842 3731 1017 3768 extracturam
1029 3725 1109 3771 erant,
1118 3722 1143 3759 et
1149 3711 1239 3772 judici·

207 3823 249 3857 ιι.
269 3808 317 3854 Sao
331 3806 439 3873 judicio.
453 3809 536 3869 Quum
557 3804 683 3868 desperata
727 3795 1049 3848 bnsdeveneticiotantnm
1062 3791 1181 3839 sententia
1189 3807 1228 3838 era

167 3885 339 3948 abaoiutioue,
352 3887 406 3951 ipse
415 3886 566 3934 discemm.
728 3877 839 3936 terenda,
853 3875 920 3940 qnod
934 3874 1021 3922 dubito
1037 3886 1069 3918 an
1085 3867 1239 3918 validiasimia

206 3981 245 4014 ra.
257 3965 332 4031 Legis
347 3965 385 4014 vi.
395 3967 467 4029 Legis
478 3963 629 4012 auctoritate.
727 3958 754 4006 h.
765 3959 782 4005 1.
794 3955 969 4018 comprobetur
981 3948 1137 4014 argumentis.

145 4044 147 4048 ’
201 4047 289 4094 xxn.
312 4059 336 4092 1.
356 4045 390 4092 ts.
404 4044 540 4094 Gravius
560 4038 682 4088 nonnullis
764 4038 788 4085 5.
802 4031 901 4080 Iudicia
910 4028 1081 4078 rescinderent.
1093 4025 1151 4076 Non
1164 4025 1242 4076 omit·

166 4122 322 4175 uastatur
335 4122 417 4172 ahian.
430 4125 554 4187 squatus
567 4130 604 4168 est
620 4117 681 4168 Lali.
728 4114 829 4163 tendum
843 4127 915 4176 quam
927 4107 1056 4157 artificiose
1068 4105 1208 4190 Scamapdri
1217 4115 1242 4154 et
