3018 4664
427 341 497 410 DE
521 342 657 412 LEGE
680 342 936 426 AGRARIA,
960 335 1011 411 11.
1181 341 1251 414 283

186 458 306 534 verbis
336 462 620 560 imperatorisfl,
647 463 813 536 nondum
850 461 1009 561 donique
1037 460 1136 536 hello
1162 486 1253 536 cou-

186 569 299 657 secto,
317 597 431 669 quum
456 599 520 646 rex
540 573 787 662 Mithridates,
807 574 937 646 amisso
960 569 1176 662 exercitu¹³‚
1194 597 1253 646 re·

186 706 259 780 guo
278 683 468 781 expulsus,
496 699 618 788 tamen
646 687 685 758 iu
709 684 846 758 ultimis
868 686 973 758 terris
990 681 1134 780 aliquid
1148 684 1255 755 etiam

188 817 287 866 nunc
304 795 486 883 moliatur,
509 811 619 894 atque
636 794 683 868 sb
706 797 838 868 invicta
856 799 924 868 Cn.
947 795 1108 892 Pompeii
1128 818 1258 881 manu,

186 903 376 992 Maeottde,
404 920 441 977 et
470 907 538 978 illis
566 905 784 1005 paludibus,
813 919 850 980 et
871 907 1043 978 itinerum
1063 907 1257 1004 angustiis,

186 1027 297 1112 atquc
325 1015 516 1090 altitudine
541 1021 723 1090 montium
747 1015 983 1102 defendatur;
1004 1039 1120 1113 quum
1141 1018 1258 1114 impe·

189 1137 287 1196 rator
314 1125 352 1198 in
381 1124 479 1200 bello
512 1141 696 1216 versetur,
731 1127 770 1198 iu
794 1125 884 1200 locis
908 1140 1031 1198 autem
1055 1125 1125 1198 illis
1150 1127 1258 1197 etiem

189 1259 289 1308 nunc
305 1233 395 1310 belli
416 1263 551 1310 nomen
571 1237 754 1336 reliquum
772 1238 845 1309 sit.
869 1262 933 1310 eos
950 1259 1076 1334 agros,
1098 1261 1258 1334 quorum

188 1340 308 1418 adhuc
334 1371 446 1444 penes
473 1351 539 1420 Cu
567 1348 782 1446 Pompeium
804 1371 915 1420 omne
934 1344 1111 1442 judicium
1133 1360 1169 1418 et
1192 1371 1260 1446 po·

188 1467 316 1542 testas,
345 1481 447 1529 more
472 1457 673 1554 majorum,
698 1455 808 1530 debet
836 1481 935 1544 esse,
959 1455 1153 1528 decemviri
1172 1481 1261 1528 ven·

191 1559 303 1636 denti
324 1568 388 1653 Et,
411 1565 542 1652 credo,
570 1570 608 1638 Ρ.
634 1565 804 1638 Rullus¹⁴
822 1567 882 1664 (is
904 1567 1003 1638 enim
1016 1566 1072 1636 sic
1094 1589 1132 1637 se
1149 1571 1262 1663 gerit,

191 1690 234 1746 ut
258 1674 329 1746 sibi
352 1677 426 1772 jam
456 1677 640 1750 decemvir
668 1675 878 1774 designatus
905 1701 983 1750 esse
1010 1675 1197 1774 videatur)
1216 1676 1263 1748 ad

191 1809 271 1858 eam
291 1787 496 1860 auctionem
513 1789 744 1886 potissimum
758 1784 1017 1884 proficiscetur.

240 1901 318 1970 XX.
340 1902 375 1970 Is
396 1897 562 1972 videlicet
587 1911 782 1994 antequam
808 1898 929 1969 veniat
956 1900 994 1968 in
1015 1901 1192 1986 Pontum,
1217 1897 1262 1970 li-

193 2021 287 2080 teras
318 2007 363 2080 ad
394 2013 460 2082 Cn.
490 2008 703 2107 Pompeium
734 2007 881 2078 mittet:
915 2029 1072 2102 quarum
1097 2029 1167 2104 ego
1189 2005 1265 2102 jam

194 2119 425 2246 exemplum¹
444 2117 518 2192 ab
508 2121 584 2194 istis
599 2119 843 2216 compositum
858 2141 935 2188 esse
950 2114 1120 2188 arbitror
1130 2122 1166 2188 Ρ.
1181 2121 1265 2189 Sm-

194 2217 310 2302 vnius
341 2234 506 2319 Romus,
539 2253 713 2302 unisonus
741 2253 885 2316 rumis,
915 2229 1130 2316 nncuuvir2,
1167 2235 1194 2298 ι.
1227 2253 1261 2300 o

118 2341 121 2346 ’
195 2335 280 2411 (ὶιι.3
300 2343 483 2430 Pournro,
506 2343 571 2414 Cu.
595 2365 627 2412 ι.
647 2343 732 2412 Νοιι
751 2337 861 2412 credo
881 2337 1150 2436 adscripturum
1170 2361 1267 2429 esse,

197 2473 346 2522 usuro:
366 2476 442 2524 non
463 2454 562 2524 errim
585 2449 729 2522 videtur
748 2447 806 2538 id,
827 2449 930 2546 quod
948 2449 1164 2521 imminuere
1186 2449 1267 2548 lege

197 2575 366 2650 conatur,
399 2585 638 2636 concessurus
664 2555 787 2632 verbo.
817 2562 868 2632 Ts
897 2583 990 2630 voro
1014 2564 1195 2647 cnnsnnl,
1221 2583 1268 2631 nr

198 2715 313 2776 dederat,
330 2713 420 2779 quibua
439 2715 528 2786 Diouis
547 2725 617 2764 etste
635 2713 710 2768 etism
752 2727 830 2777 quum
844 2711 945 2777 siugulis
959 2713 1041 2761 verbis
1058 2713 1186 2778 expensis,
1208 2713 1268 2764 lude

198 2793 338 2856 utebantur.
752 2791 847 2855 aliquid
856 2792 889 2840 sd
898 2792 1053 2842 usitandum
1062 2791 1183 2857 populum
1194 2793 1271 2844 silce-

237 2889 278 2922 ru.
305 2873 390 2922 Verbis
410 2873 569 2937 imperatoris.
592 2871 710 2924 Nondum
753 2871 903 2933 ret;esllide
913 2872 1013 2935 quidem
1022 2882 1046 2920 et
1054 2883 1149 2937 argute,
1162 2873 1210 2920 uisi
1219 2873 1268 2921 hoe

198 2953 281 3002 audite
303 2952 446 3002 conditione
473 2952 558 3019 pecie,
580 2969 653 3020 quam
675 2953 711 3002 eis
754 2951 787 2999 sit
801 2950 912 2999 callidius
922 2947 1013 3015 lingere
1025 2950 1119 3010 literas,
1133 2951 1271 3018 quaereri·
1301 2947 1304 2958 '

198 3033 289 3082 isrehst
299 3033 441 3098 impensor.
756 3030 835 3078 simile
856 3029 887 3078 eit
904 3029 1069 3090 sdversarios,
1087 3047 1130 3098 spe
1141 3030 1193 3102 jusu
1211 3046 1273 3098 prte-

144 3173 152 3184 ·
238 3109 278 3163 13.
290 3111 388 3162 Amisso
401 3110 519 3161 exercitu.
533 3111 613 3174 Quem
624 3111 650 3157 iu
658 3107 712 3156 Mi·
756 3119 829 3175 cepto
849 3108 975 3172 triumpho
993 3109 1102 3174 temese,
1120 3109 1195 3160 inisse
1212 3109 1271 3158 seri·

200 3207 259 3240 nors
274 3193 389 3242 Arrueuis
404 3202 527 3239 noetumo
539 3189 627 3256 prelio
638 3205 713 3254 supe·
756 3199 852 3253 pturos.

200 3283 293 3320 rererst
310 3270 456 3334 Pompeium
474 3267 540 3318 uude
557 3268 712 3317 Mithridates
792 3267 959 3317 enacmin.
968 3265 1029 3318 Inde
1036 3269 1187 3320 manifestius
1196 3268 1273 3324 enitet

201 3353 227 3400 in
246 3351 399 3416 Bosphorum
419 3349 551 3414 depulsus,
564 3363 616 3396 nou
633 3345 712 3394 multo
755 3345 825 3396 Rulli
842 3346 994 3411 moguntin,
1012 3349 1055 3414 qni
1073 3365 1099 3396 se
1118 3349 1271 3414 magistratus

200 3441 271 3496 poet,
285 3429 416 3479 rebellione
428 3427 475 3477 lilii
485 3439 622 3493 compertu,
636 3441 711 3490 quum
757 3423 854 3474 duobus
864 3426 1006 3475 nominibus
1015 3427 1273 3488 sitomaturus,1‘om-

200 3525 296 3558 emeno
304 3526 329 3560 se
341 3510 426 3558 tollere
435 3525 486 3557 uon
495 3509 628 3572 potuisset,
640 3507 713 3570 ingu-
755 3504 840 3572 poium
853 3515 934 3554 entem
948 3507 1055 3572 propriis
1064 3507 1200 3560 defraudet.

201 3586 456 3653 laudumseproebuit.
792 3583 817 3634 3.
832 3583 930 3633 lelem.
942 3585 1007 3634 delet
1021 3587 1069 3636 Cr.
1084 3587 1109 3634 J.
1117 3587 1150 3634 V.
1161 3588 1190 3635 L.

242 3674 282 3722 rt.
292 3667 330 3728 lt,
341 3667 429 3724 mdo,
440 3669 470 3716 Ρ.
481 3666 573 3715 Rullus.
587 3664 713 3713 Invidisse
794 3671 820 3720 t.
835 3665 867 3710 Te
875 3663 936 3712 volo
946 3681 1041 3713 curare.
1051 3665 1192 3714 Insolentiae
1200 3664 1273 3732 plens

202 3756 229 3795 et
251 3745 344 3792 ironice
384 3745 508 3794 tribunum
540 3745 607 3794 buno
634 3743 714 3810 plebis
756 3741 847 3801 verbs,
860 3741 951 3807 quibus
969 3759 1065 3791 summo
1078 3743 1220 3811 imperatori
1232 3744 1273 3790 in·

203 3823 323 3888 Pompeio
337 3824 452 3886 opponit.
758 3821 834 3879 dicit,
848 3837 904 3884 qure
916 3821 1026 3870 faciende
1041 3821 1113 3870 velit:
1128 3822 1197 3888 quod
1210 3822 1275 3872 iuss·

239 3905 299 3951 XX.
322 3916 345 3949 r.
367 3901 519 3965 leemplum.
539 3903 715 3950 Demosthenes
757 3901 806 3950 nte
829 3911 866 3948 est
888 3915 946 3947 sane
965 3899 1087 3949 ultimum.
1105 3902 1198 3970 Sinope
1215 3917 1274 3950 vero

204 3983 314 4048 Phihppi
331 3979 407 4030 literis
426 3980 454 4028 in
472 3980 591 4028 concione
611 3982 716 4030 recitatis
759 3982 818 4030 urhe
828 3977 902 4028 Ponti
916 3979 1062 4038 clarissima,
1074 3981 1100 4029 in
1113 3998 1162 4048 qus
1173 3981 1275 4032 domici-

206 4079 256 4113 non
270 4061 345 4112 semel
355 4061 382 4110 iu
395 4077 451 4110 eum
463 4059 580 4110 insidiam
591 4061 716 4126 quesivit,
759 4059 821 4110 lium
834 4061 898 4124 regis
908 4071 966 4107 eret.
