2988 4668
301 343 371 415 560
623 349 672 416 M.
697 349 737 416 T.
763 351 1044 424 CICERONIS

299 467 462 540 ordinem
480 481 543 538 aut
560 466 810 565 promerendi,
830 485 893 540 aut
908 468 1106 544 referendi²
1126 472 1293 550 beneficii
1309 476 1356 549 lo·

298 603 401 664 cum,
426 577 520 648 hnnc
541 579 578 646 in
601 579 732 648 nostris
752 579 991 676 petitionibus
1015 606 1164 680 operam
1185 600 1295 683 atque
1308 611 1356 656 as-

298 689 541 760 sectationem.
565 691 692 784 Neque
716 689 812 758 euim
833 688 913 762 fieri
935 705 1077 788 potest,
1100 718 1222 791 neque
1244 711 1357 793 postu·

298 797 445 869 lendum
468 809 522 868 est
541 821 561 866 a
582 795 708 884 nobis,
737 811 799 868 aut
828 797 874 871 ab
903 800 1088 898 equitibus
1120 811 1297 894 romanis,
1321 822 1357 877 ut

296 933 380 980 suos
402 910 621 979 necessarios
648 906 858 980 candidatos
888 923 1072 982 sectentur
1101 927 1198 985 totos
1223 911 1355 1000 dies3e

295 1017 430 1117 quibus
450 1019 478 1088 si
498 1015 628 1087 domus
650 1032 773 1088 nostra
793 1017 1034 1108 celebratur³,
1057 1025 1087 1092 si
1112 1023 1296 1094 interdum
1316 1023 1355 1096 ud

294 1129 411 1200 forum
437 1127 669 1213 deducimur,
696 1129 726 1197 si
751 1152 827 1200 uno
855 1126 1008 1202 basilicae
1029 1133 1171 1228 spetio⁴
1194 1131 1355 1206 honesta-

294 1265 387 1326 mur,
402 1238 593 1335 diligenter
613 1234 795 1325 observari
812 1236 977 1310 videmur
992 1253 1028 1311 et
1042 1240 1113 1312 coli
1127 1267 1134 1311 ι
1151 1245 1354 1314 tenuiorum

292 1365 329 1423 et
355 1375 431 1422 non
456 1361 717 1446 occupatorum
745 1349 942 1420 amicorum
971 1363 1026 1420 est
1054 1351 1122 1422 ista
1150 1350 1353 1436 assiduitas3

292 1485 449 1557 quorum
472 1459 575 1556 copia
593 1455 701 1528 bonis
721 1471 758 1528 et
774 1455 946 1530 beneficis
966 1458 1090 1532 deesse
1112 1485 1188 1532 non
1208 1463 1310 1534 solet.

337 1571 419 1646 Noli
437 1571 546 1666 igitur
566 1571 707 1667 eripere
728 1567 828 1640 hunc
847 1566 1009 1640 inferiori
1024 1572 1149 1668 generi
1168 1571 1354 1646 bominum

288 1681 447 1752 fructum
469 1677 599 1756 officii,
624 1681 740 1750 Cato:
765 1683 843 1750 sine
866 1703 947 1768 eos,
973 1685 1037 1778 qui
1060 1683 1182 1754 omnia
1204 1707 1226 1754 a
1252 1683 1353 1756 nobis

288 1806 455 1889 sperant,
481 1788 615 1860 babere
639 1791 736 1888 ipsos
768 1813 917 1886 quoque
942 1791 1100 1888 aliquid,
1128 1792 1229 1890 quod
1251 1794 1352 1866 nobis

287 1899 446 1973 tribucre
464 1901 613 1997 possint.
629 1902 665 1968 Si
684 1897 772 1968 nibil
792 1903 880 1987 erit,
900 1915 1029 1998 praeter
1045 1905 1208 2000 ipsorum
1226 1903 1351 1976 suffre-

287 2013 404 2109 gium,
426 2025 536 2080 tenue
560 2005 640 2080 est⁵
655 2039 662 2080 :
679 2011 729 2096 si,
754 2025 795 2080 ut
811 2009 1055 2108 suffragentur
1065 2011 1094 2098 ⁶,
1121 2015 1212 2085 nihil
1237 2016 1352 2088 valent

286 2125 410 2220 gretia.
429 2122 502 2218 Ipsi
521 2121 699 2218 denique,
718 2136 759 2191 ut
777 2121 896 2192 solent
912 2121 1032 2220 loqui,
1052 2147 1127 2194 non
1147 2124 1269 2198 dicere
1289 2151 1351 2224 pro

286 2231 415 2317 nobis,
449 2256 525 2303 non
555 2229 760 2328 spondere,
789 2256 862 2301 non
891 2257 1019 2306 vocare
1048 2233 1227 2307 domum⁷
1253 2262 1350 2309 suam

284 2357 456 2443 possunt3
485 2355 593 2439 atque
619 2341 695 2414 haec
725 2368 747 2413 a
775 2341 881 2414 uobis
912 2359 1041 2442 petunt
1064 2347 1208 2431 omuia;
1234 2371 1350 2445 neque

281 2453 353 2523 ulla
376 2477 415 2522 re
441 2450 530 2534 alie,
553 2475 674 2547 quaea
703 2451 808 2524 nobis
833 2473 1124 2552 consequuntur,
1148 2459 1218 2528 nisi
1243 2483 1349 2556 opere

317 2689 342 2724 r.
358 2668 593 2736 Olimproferendi.
607 2673 789 2720 Gementsmen
834 2673 919 2722 stiores
928 2673 1053 2722 centuria.
1060 2676 1144 2737 Quum
1151 2673 1227 2738 igitur
1238 2674 1351 2724 duun-

280 2753 408 2801 lectioncm
420 2752 484 2800 huuc
497 2751 620 2814 defendit,
638 2751 790 2816 improbante
833 2763 886 2799 turn
905 2751 1244 2820 elueret,utplu1·imum,in
1263 2755 1347 2803 mltu-

279 2833 387 2881 Graerio.
406 2833 432 2879 J.
442 2833 474 2879 V.
488 2831 515 2878 L.
835 2831 927 2896 gundo,
941 2831 989 2880 boc
1002 2841 1051 2888 est,
1063 2831 1089 2878 iu
1098 2831 1347 2896 suffragiisrulereuQ

314 2913 341 2960 3.
357 2910 505 2959 celebratur.
520 2911 703 2974 Frequeututur.
834 2911 902 2974 quod
912 2911 961 2959 iere
973 2909 1005 2959 ub
1019 2911 1048 2958 iis
1060 2910 1348 2962 absolverentureoeuitiu

314 3000 339 3048 4.
354 2991 406 3037 Uno
421 2987 528 3036 basiliere
542 2989 632 3052 spatio.
646 2989 671 3038 Si
681 2988 790 3052 superio·
834 2991 983 3045 eminuere,
997 2989 1131 3054 dequibus
1144 3001 1181 3038 est
1197 2990 1239 3040 bie
1252 3007 1346 3050 mo,

279 3072 312 3118 ris
325 3068 537 3117 ordinisbomines
549 3068 621 3115 nobis
631 3068 698 3115 huno
711 3067 790 3114 bono-
833 3079 961 3133 uutequrm
971 3069 1071 3133 relique
1091 3070 1178 3118 οἰιιιω
1190 3073 1256 3120 intro
1275 3085 1347 3120 vom·

277 3165 327 3197 rem
340 3148 457 3203 habunt.
478 3157 505 3195 nt
524 3162 569 3195 nor
586 3163 662 3195 uuum
685 3148 790 3210 spetlum
834 3159 933 3206 rentum
950 3147 1013 3196 nibil
1036 3147 1121 3212 gretia
1133 3149 1240 3199 recubet
1262 3151 1347 3200 ceteris

278 3244 321 3292 per
343 3226 464 3275 basilicum
487 3225 592 3290 aliquem
616 3223 787 3277 conficientes,
834 3227 963 3284 eleuther,
976 3229 1003 3275 in
1015 3227 1187 3292 quibuscum
1200 3229 1329 3278 tenuiores·

277 3310 437 3362 comitentur,
461 3319 545 3352 omues
567 3303 669 3351 creduut
689 3319 735 3351 nos
756 3303 788 3351 ub
869 3307 893 3356 6.
906 3304 1120 3372 Utrrffmgentur.
1135 3309 1344 3356 renueremus

277 3389 324 3436 illis
335 3385 433 3434 maximi
442 3383 504 3432 lieri.
517 3385 601 3430 Romae
615 3393 692 3430 nutem
706 3383 788 3447 plures
832 3386 953 3436 nobilium
960 3385 1077 3436 benefida
1085 3402 1242 3450 compensare
1250 3387 1344 3446 debat,

275 3469 342 3516 fuere
350 3464 455 3513 basilien
464 3479 471 3522 ;
484 3461 514 3509 nb
523 3461 630 3524 antiquis
638 3463 789 3527 temporibus
832 3465 871 3512 vel
880 3465 1051 3529 suffragetioue
1059 3501 1067 3525 ,
1076 3467 1114 3513 vel
1124 3470 1293 3524 assumtionem
1302 3467 1344 3514 red

276 3561 336 3604 tres,
349 3545 447 3598 Porcia,
461 3540 615 3605 Sempronia,
633 3542 744 3604 Opiruiu,
755 3540 788 3588 de
831 3543 858 3590 iu
870 3544 925 3592 solo
936 3545 1053 3608 suffugio
1062 3561 1149 3608 perum
1157 3544 1343 3605 udjuueutiest,

275 3625 399 3692 quibunt
418 3620 471 3669 elil·
488 3619 591 3684 posthac
604 3619 710 3668 conditis
731 3619 787 3668 ride
830 3635 856 3673 et
868 3635 895 3672 ut
907 3625 1034 3688 suffragari
1048 3625 1158 3689 possint,
1168 3625 1235 3672 nulla
1246 3626 1343 3674 utillo·

275 3699 475 3757 Alex.Donut.iu
483 3701 561 3749 Romu
569 3711 649 3747 vetere
654 3711 678 3748 et
685 3701 785 3758 meruti,
830 3717 883 3750 rum
893 3705 967 3765 gutia
976 3703 1138 3770 ,nequeulioe
1145 3719 1227 3768 regere
1235 3715 1342 3770 ponunt.

272 3787 316 3836 lib.
332 3787 424 3843 ll,27.
829 3782 1245 3847 Vulgooltmteuffiagmtur..
1269 3783 1340 3846 Quod

311 3867 333 3914 5.
361 3865 441 3909 Tenue
460 3871 502 3906 ese.
528 3856 601 3920 Quod
621 3859 648 3905 iu
667 3857 785 3920 eligendis
828 3860 1203 3912 menstruam-detumuit„

271 3935 783 4004 rummirmugietrutibus,uullsinlimorum
864 3957 889 4000 7.
912 3944 1008 3988 Vocare
1021 3939 1120 3988 domum
1133 3955 1213 3988 sum.
1236 3938 1338 3986 inritare

272 4023 440 4086 tulingiorum
447 4020 508 4066 ratio
515 4016 656 4075 hebebatur,
661 4027 685 4064 et
692 4027 783 4081 punctu
827 4018 859 4066 ud
869 4035 972 4068 mnam.
985 4019 1046 4068 Inde
1058 4017 1125 4084 opud
1138 4017 1280 4066 smmum
1290 4033 1339 4064 vu·

272 4103 352 4150 omniu
365 4097 473 4148 serebant
485 4097 684 4162 prerogativam
705 4096 782 4144 boue·
826 4108 939 4161 catum,
952 4099 1014 4148 nervi
1027 4099 1070 4164 qni
1086 4097 1199 4152 inritum,
