2934 4680
328 384 526 453 ORATIO
549 383 651 452 PRO
678 383 716 451 Α.
743 375 1021 453 GLUENTIO.
1155 383 1201 482 67

139 507 302 580 convicta
324 521 435 603 atquc
456 504 622 576 damnata
642 507 706 594 sit,
731 502 832 584 facile
855 504 1045 602 intelligo:
1071 505 1151 596 sed,
1174 513 1205 579 si

139 620 221 715 quis
244 616 333 688 mihi
354 615 443 687 deus
461 631 614 686 vestram
628 613 673 686 ad
687 640 744 686 me
758 615 978 687 audiendum
996 615 1205 690 benivolen-

140 731 225 798 tiam
260 724 483 811 conciliarit3
519 723 671 797 efficiam
704 724 883 823 prolecto,
916 741 959 796 ut
982 727 1206 826 intelligant,

139 836 232 907 nihil
250 861 329 908 esse
349 835 490 906 bomini
515 849 587 906 tam
618 835 837 923 timendum,
863 861 972 933 quam
994 837 1208 929 invidiam³3

139 947 234 1018 nihil
265 947 473 1034 innocenti,
505 959 669 1043 susceptu
707 943 855 1034 invidia,
883 961 957 1016 tam
989 947 1204 1045 optandum,

140 1081 251 1155 quam
273 1081 418 1154 aequum
432 1053 629 1151 judicium,
658 1055 759 1154 quod
783 1057 822 1127 in
850 1055 921 1126 hoc
946 1081 1022 1128 uno
1049 1057 1208 1155 denique

140 1167 238 1240 tatsae
268 1167 424 1238 infamiae
451 1164 533 1236 linis
562 1164 691 1262 aliquis
719 1181 828 1262 atque
852 1170 967 1239 exitus
997 1167 1207 1263 reperiatur.

141 1275 391 1368 Quamobrem
405 1297 533 1372 magna
546 1297 605 1346 me
622 1297 703 1372 spes
720 1287 838 1361 tenet,
853 1275 883 1345 si
898 1297 957 1361 ea,
976 1298 1056 1372 quae
1071 1291 1156 1347 sunt
1171 1277 1209 1347 in

142 1411 266 1474 causa,
286 1386 483 1483 explicare,
501 1398 611 1481 atque
632 1387 753 1456 omnia
773 1383 927 1456 dicendo
947 1387 1121 1484 consequi
1143 1411 1210 1488 po-

141 1517 265 1586 tuero,
283 1500 382 1572 hunc
399 1499 521 1570 locum
535 1521 817 1595 consessumque
836 1511 1015 1588 vestrum,
1032 1525 1143 1598 quem
1161 1502 1211 1572 illi

142 1609 357 1682 horribilem
375 1612 416 1680 A.
438 1607 622 1696 Cluentio,
644 1631 685 1679 ac
707 1605 981 1680 formidolosum
1007 1607 1084 1682 lore
1106 1625 1211 1710 puta·

143 1735 294 1806 verunt,
314 1745 399 1790 eum
413 1716 559 1790 tandem
574 1717 653 1813 ejus
665 1716 818 1789 fortunae
833 1719 969 1789 miserae
983 1721 1214 1818 multumque

141 1833 281 1926 jactatae
300 1843 448 1927 portum
471 1852 513 1898 ac
533 1825 737 1925 perfugium
758 1825 933 1920 futurum.
956 1832 1108 1900 Tametsi
1129 1855 1212 1929 per·

144 1940 259 2012 multa
278 1954 379 2026 sunt,
396 1963 476 2036 quas
492 1939 599 2026 mibi,
614 1952 805 2035 antequam
823 1938 868 2010 de
887 1963 993 2009 causa
1009 1939 1145 2028 dicam,
1168 1941 1213 2013 de

144 2047 402 2124 communibus
417 2048 557 2119 invidiae
571 2049 739 2146 periculis
753 2047 904 2118 dicenda
919 2071 994 2119 esse
1007 2049 1213 2138 videantur3

142 2175 286 2247 tamen,
305 2183 351 2230 ne
373 2157 507 2230 diutius
526 2159 690 2230 oratione
708 2181 787 2228 mea
805 2179 977 2255 suspensa
995 2162 1213 2257 exspectatio

145 2285 264 2342 vestra
278 2284 467 2356 teneatur,
482 2268 668 2367 aggrediar
683 2268 729 2338 ad
743 2271 902 2339 crimenl
917 2293 998 2339 cum
1016 2269 1075 2340 illa
1089 2270 1214 2368 depre-

145 2375 333 2467 catione⁵,
352 2378 510 2474 judices,
530 2403 602 2475 qua
618 2378 706 2448 mihi
722 2379 850 2476 saepius
867 2377 1045 2450 utendum
1064 2405 1140 2452 esse
1157 2383 1215 2452 in-

146 2490 287 2587 tellig0,
309 2491 360 2562 sic
380 2502 422 2560 ut
446 2513 504 2561 me
531 2488 702 2576 audiatis,
725 2489 827 2585 quasi
853 2487 925 2560 hoc
949 2503 1113 2587 tempore
1138 2490 1215 2562 haec

145 2623 253 2670 causa
266 2603 428 2696 ¹primum
445 2596 600 2688 dicatur,
618 2601 722 2670 sicuti
741 2597 892 2686 dicitur3
908 2624 982 2669 non
1000 2604 1102 2697 quasi
1120 2625 1215 2700 saepe

141 2711 216 2804 jam
231 2707 372 2794 dictat,
393 2723 429 2780 et
451 2734 651 2807 numquam
667 2707 818 2807 probata
837 2713 892 2780 sit.
913 2707 1098 2782 Hodierno
1117 2712 1215 2782 enim

146 2819 205 2892 die
225 2821 383 2918 primum
407 2819 537 2890 veteris
564 2821 666 2890 istius
691 2819 850 2890 criminis
873 2815 1034 2888 diluendi
1058 2833 1216 2915 potestas

146 2945 201 3001 est
222 2928 306 3001 data
325 2955 334 2998 :
353 2943 437 3000 ante
455 2928 526 3000 hoc
542 2942 802 3025 tempuserror
820 2930 859 2995 in
879 2923 945 2994 bac
964 2947 1087 3014 causa,
1105 2941 1215 3024 atque

146 3041 282 3113 invidia
301 3055 439 3112 versata
461 3053 525 3111 est.
550 3035 795 3129 Quamobrem
821 3034 907 3106 dum
928 3033 1128 3108 multorum
1149 3061 1214 3110 an·

181 3259 207 3306 3.
222 3255 352 3305 Inn'ds'cm.
366 3255 459 3304 Odium
476 3269 564 3319 nempe
577 3270 591 3301 s
602 3252 661 3300 sini·
704 3259 830 3308 serentur,
841 3251 885 3314 qui
899 3249 1041 3302 dicebantur
1049 3253 1121 3302 luisse
1132 3247 1216 3306 corrn-

148 3347 198 3383 stro
210 3351 309 3382 mauors
323 3332 362 3382 vel
373 3332 492 3381 alumnis
506 3342 661 3395 susceptum,
703 3329 751 3394 pti.
771 3330 874 3377 Defensa
893 3346 969 3394 pomo
988 3343 1059 3380 antee
1073 3351 1143 3383 causa
1162 3336 1215 3385 hscc

148 3413 216 3478 quod
236 3412 327 3461 deinde
346 3411 405 3460 dicit
410 3411 508 3474 salsam
522 3409 660 3472 infirmium.
704 3423 755 3456 nou
767 3407 855 3469 fuerat,
871 3407 1005 3470 velinjuris
1017 3411 1112 3474 Quintil
1122 3415 1215 3463 tribuni

183 3501 210 3547 s.
223 3491 266 3539 Ad
275 3489 661 3554 crimen.Corruptijudicii,quo
705 3487 797 3552 plebis,
816 3485 853 3534 vel
870 3489 926 3551 quin
945 3504 997 3537 non
1015 3489 1046 3538 de
1060 3491 1214 3541 illocrimins
1270 3547 1274 3554 ,

148 3568 275 3619 durnnstus
284 3580 321 3617 est
330 3569 498 3633 Oppianicus,
511 3579 536 3616 et
546 3569 617 3628 cujus
626 3569 661 3615 in·
705 3567 869 3614 accusationes
890 3566 990 3631 reliqum
1012 3569 1129 3617 institutae
1146 3583 1215 3631 sums

149 3660 253 3696 vetent:
263 3647 382 3713 opinione
389 3646 513 3696 laborabat
525 3645 660 3696 Cluentius.
705 3647 738 3694 its
750 3657 824 3694 utres
836 3647 860 3692 iu
872 3647 969 3711 integro
981 3661 1075 3710 semper
1082 3649 1163 3698 luerit.

185 3729 211 3776 5.
222 3729 280 3776 Cum
288 3727 333 3775 illa
340 3726 580 3790 deprecatione.Duo
590 3725 662 3773 simul
740 3727 765 3774 6.
778 3725 909 3792 Soepsjnm
917 3717 997 3773 meta.
1010 3727 1216 3792 Quotiescumque

151 3805 300 3865 ajudieibns
310 3803 373 3868 petit
381 3819 389 3862 ;
398 3812 499 3861 tutn‚ut
511 3805 662 3866 existiment,
705 3805 723 3852 li
735 3804 841 3852 damnati
849 3815 917 3863 sunt‘,
933 3803 1016 3868 quide
1028 3805 1166 3870 Oppianico
1175 3808 1217 3868 ju-

151 3885 282 3933 caunusde
291 3893 412 3947 corrupto
419 3883 662 3947 judicioeoprimum
706 3883 861 3941 dicaverunt3
876 3883 1026 3946 nequeenim
1033 3898 1068 3940 es,
1077 3887 1146 3947 quasi
1156 3903 1217 3951 prae·

154 3963 192 4012 ilie
202 3963 315 4019 delendi,
329 3963 400 4022 euius
412 3977 484 4010 nemo
499 3974 569 4010 antea
578 3963 661 4010 ‹lesen-
702 3963 793 4025 judicie
807 3965 832 4009 in
842 3962 980 4012 Cluentium
994 3964 1124 4026 sequenda,
1133 3967 1215 4015 multis

152 4043 243 4090 sionem
259 4041 398 4106 pereger-its
415 4050 466 4087 turn
476 4055 508 4088 ne
521 4051 608 4104 putent
622 4041 662 4088 tls·
706 4043 768 4090 infra
791 4041 918 4089 contendit
932 4053 1066 4089 oraton-
1076 4044 1216 4112 Numquam

153 4119 240 4170 lsussm
251 4124 305 4182 iarn
315 4137 394 4190 sepe,
404 4135 480 4183 quum
490 4119 583 4180 iudices
592 4135 663 4168 sceu-
704 4121 821 4186 probate.
834 4121 933 4184 Semper
945 4118 1064 4170 damnata.

1063 4205 1095 4278 5.
