3020 4666
445 381 510 450 DE
533 383 669 454 LEGE
692 384 947 468 AGRARIA,
972 385 1021 452 ΙΙ.
1193 379 1263 452 263

203 501 236 570 ei
254 497 354 570 locus
376 501 513 598 primus
531 505 673 578 invidiae
686 508 723 576 in
740 506 1009 605 prescriptione
1022 504 1150 602 legis¹¹
1175 497 1263 576 rou·

202 631 322 680 cessus
344 623 417 697 est;
439 618 548 685 ceteri
570 614 709 688 lructus
722 619 885 688 omnium
901 639 1043 701 rerum,
1066 613 1180 710 quiin
1201 638 1266 711 spe

201 717 289 816 legis
315 718 426 813 hujus
458 727 567 822 positi
599 743 703 814 sunt,
733 728 918 798 communi
940 725 1128 811 cautione,
1154 738 1263 822 atque

200 850 303 926 aequa
325 829 393 902 sibi
407 841 437 876 ¹²
461 849 562 932 parte
583 839 795 910 retinentur.

249 943 294 1008 At
326 939 444 1014 videte
478 944 636 1018 hominis
662 947 882 1048 diligentiam
898 943 942 1031 ¹³,
970 947 999 1016 si
1027 960 1090 1018 aut
1115 943 1263 1016 Rullum

200 1051 394 1147 cogitasse,
409 1070 472 1126 aut
491 1062 521 1128 si
536 1059 642 1130 Rullo
660 1062 820 1158 potuisse
837 1062 875 1129 in
889 1074 1048 1133 mentem
1068 1059 1193 1128 venire
1210 1079 1264 1126 ar·

200 1157 395 1234 bitramini.
429 1165 607 1241 Viderunt
634 1173 677 1258 ii,
705 1174 768 1267 qui
796 1169 872 1241 haro
891 1165 1212 1252 machinabantur,
1234 1165 1264 1237 si

199 1269 302 1344 vobis
323 1297 367 1344 ex
388 1278 487 1346 omni
511 1281 649 1377 populo
667 1279 848 1377 deligendi
871 1293 1029 1378 potestas
1051 1289 1144 1346 esset
1162 1273 1262 1361 duta,

200 1401 441 1480 quaecumque
458 1411 516 1458 res
529 1405 639 1477 esset,
650 1393 688 1460 in
703 1415 774 1488 qua
786 1389 875 1461 fides
886 1443 895 1475 ,
908 1390 1112 1484 integritas,
1129 1387 1262 1470 virtus,

199 1493 392 1564 auctoritas
414 1513 647 1590 quaereretur,
676 1525 740 1572 vos
765 1524 843 1572 eam
869 1503 947 1570 sine
971 1495 1196 1568 dubitatione
1217 1492 1263 1564 ad

200 1601 265 1670 Cn.
287 1605 497 1701 Pompeium
508 1607 540 1664 ¹4
555 1611 751 1709 principem
772 1611 965 1682 delaturos.
980 1609 1135 1692 Etenim,
1150 1627 1261 1701 quem

199 1729 316 1780 unum
339 1737 382 1782 ex
406 1721 544 1787 cunctis
565 1717 805 1818 delegissetis,
825 1736 866 1793 ut
890 1745 973 1792 eum
994 1715 1165 1789 omnibus
1185 1738 1263 1786 om·

199 1817 302 1886 nium
331 1823 534 1916 gentium¹⁵
561 1827 666 1901 bellis
695 1847 789 1902 terra
815 1847 852 1904 et
876 1831 965 1902 mari
984 1827 1263 1927 praepoueretis3

200 1942 298 1997 certe
323 1933 361 2000 in
386 1931 596 2009 decemviris
622 1939 812 2030 faciendis,
837 1943 910 2012 sive
937 1939 1026 2012 fides
1052 1937 1263 2021 baberemr,

200 2038 275 2108 sive
292 2036 428 2132 honos,
450 2062 487 2118 et
509 2055 685 2122 committi
701 2053 786 2124 buic
802 2055 955 2152 optime,
976 2066 1013 2123 et
1027 2053 1148 2120 ornari
1163 2047 1262 2118 hunc

195 2143 390 2238 justissime
421 2179 526 2254 posse
554 2161 807 2258 intelligebant.
838 2167 963 2259 ltaque
989 2161 1165 2256 excipitur
1194 2157 1263 2228 bac

199 2254 279 2353 tege
293 2285 368 2332 nou
381 2264 642 2360 adolescentia,
664 2297 739 2344 non
763 2274 961 2369 legitimum
983 2269 1131 2367 aliquod
1151 2269 1261 2364 impe·

200 2362 422 2460 dimentum,
439 2401 514 2448 non
534 2395 710 2477 potestas,
728 2408 804 2454 non
818 2385 1042 2480 magistratus
1055 2381 1167 2462 ullus,
1182 2378 1261 2449 aliis

199 2482 354 2574 negotiis
379 2510 419 2558 ac
441 2487 580 2585 legibus
606 2493 816 2591 impeditum
838 2489 963 2564 reus¹⁶
984 2492 1164 2589 denique,
1185 2512 1261 2587 quo

199 2592 319 2662 minus
329 2591 508 2669 decemvir
518 2600 595 2672 lieri
610 2603 734 2700 possit,
750 2629 825 2674 non
841 2605 1068 2701 excipitur¹⁷.
1083 2605 1147 2672 Cn.
1161 2606 1263 2672 Pom·

198 2701 302 2796 peius
324 2705 511 2805 excipitur,
539 2737 582 2784 ne
605 2737 687 2784 cum
711 2717 747 2784 P.
774 2713 898 2802 Rullo,
923 2727 1025 2783 taceo
1050 2711 1095 2782 de
1117 2709 1261 2796 ceteris,

199 2806 380 2886 decemvir
400 2817 478 2889 fieri
497 2823 619 2918 possit.
636 2827 853 2896 Praesentem
868 2849 953 2895 eum
967 2821 1128 2922 profiteri
1141 2817 1262 2914 jubel,

198 2997 384 3067 participee‚qui
391 3003 553 3055 licetllullum
561 3008 609 3071 legi
617 3023 707 3058 nomen
789 3017 829 3065 tt.
846 3009 889 3058 Cn.
901 3008 1051 3072 Pompeium.
1063 3005 1262 3056 Carissimualaoc
1371 3051 1373 3058 ,

198 3093 341 3144 monere
358 3083 484 3144 sivissent,
504 3101 560 3134 cum
579 3101 609 3136 eo
627 3097 707 3136 tamen
750 3097 860 3153 tempore
870 3087 964 3152 populo
976 3087 1177 3150 sratl’ompeius,
1191 3101 1261 3133 seua·

198 3159 322 3224 tuprade
331 3173 424 3227 partem
432 3177 500 3214 etam
509 3166 628 3218 advocati.
751 3165 931 3231 tuiquepaollo
943 3167 1043 3215 invisas.
1058 3169 1142 3230 ltaque
1153 3163 1261 3230 popule-

236 3255 277 3290 ss.
285 3243 383 3292 lallem.
390 3241 415 3291 air
422 3245 706 3311 traiecertnprsm.
751 3257 801 3293 tem
812 3247 852 3295 hio
861 3263 886 3295 ee
895 3257 978 3295 orator
986 3245 1115 3312 profitetur
1122 3261 1196 3309 quom
1206 3261 1262 3294 eum

235 3335 276 3368 ta.
290 3321 371 3381 Idem,
384 3322 415 3373 ei.
428 3327 452 3373 J.
462 3327 494 3373 V.
503 3328 536 3373 t.
751 3326 863 3386 extollit,
880 3341 952 3391 qoem
968 3327 1036 3391 plebs
1053 3339 1153 3374 romana
1169 3323 1264 3388 diligit,

236 3401 277 3447 1³.
290 3401 402 3450 Hominis
411 3401 569 3470 diligentiam.
581 3405 661 3468 Quam
671 3405 708 3452 in·
751 3408 915 3472 majoremque
928 3407 985 3456 inde
999 3407 1026 3456 ita
1041 3405 1140 3456 Rullum
1154 3406 1263 3452 concitet

195 3478 262 3539 jaste
280 3481 368 3530 Rullus
386 3485 460 3546 egerit
480 3483 537 3532 inde
556 3484 647 3548 liquet;
666 3485 708 3547 qut
751 3485 876 3536 mvidiaar.

198 3573 274 3622 qaam
292 3563 409 3612 mundos
428 3567 580 3629 magistratus
596 3565 707 3626 juberet,
791 3565 831 3613 rs.
856 3565 968 3612 omniane
991 3565 1109 3632 parium.
1131 3561 1262 3625 Pompeius

199 3638 310 3686 ebsentes
318 3645 597 3710 excepit,nePompelus
606 3645 708 3708 quitum
752 3646 816 3693 enim
832 3645 922 3693 bellum
940 3645 966 3692 in
978 3645 1059 3693 Africa
1072 3657 1127 3691 cnm
1139 3641 1262 3697 Domitio,

197 3714 393 3768 Mithridaticum
424 3724 514 3774 bellum
546 3721 708 3782 conficiebat,
752 3728 778 3774 in
797 3725 913 3789 Hispania
935 3741 990 3772 cum
1010 3724 1135 3778 Sertorio,
1154 3721 1181 3767 in
1203 3719 1265 3767 marl

198 3813 212 3845 a
227 3799 321 3861 populo
332 3799 466 3862 eligeretur.
481 3805 598 3852 Dubitare
612 3805 709 3852 videtur
752 3821 808 3854 cum
821 3805 919 3869 pirstis,
935 3805 961 3851 iu
975 3803 1031 3851 Asia
1048 3817 1105 3851 com
1120 3797 1263 3876 Mithridate

199 3887 284 3925 orator
297 3879 397 3926 llullatm
417 3880 467 3928 lanc
483 3895 563 3930 mente
581 3885 710 3947 concipere
753 3893 864 3947 gesserat.

198 3957 320 4022 potuisse,
333 3959 376 4006 sed
389 3970 461 4006 omne
474 3960 523 4007 hoe
537 3963 665 4010 condilum
678 3977 709 4010 ex
792 3961 955 4019 16.Alii,non
965 3973 1030 4007 mee.
1041 3995 1048 4008 .
1060 3995 1065 4006 .
1074 3955 1159 4021 possit.
1169 3956 1225 4005 tv.
1235 3955 1262 4003 t..

198 4037 229 4084 iis
252 4037 323 4096 oriri,
349 4037 393 4102 qui
416 4039 532 4102 Pompeio
550 4040 709 4089 inimicissimi
791 4053 831 4100 17.
858 4039 950 4088 Aberat
971 4047 1026 4084 ante
1047 4035 1187 4095 emtum,
1213 4049 1264 4082 aaa

200 4125 278 4164 essem
286 4149 294 4177 ,
307 4115 389 4182 quatu
398 4117 496 4167 Crassus
510 4127 535 4166 et
546 4117 668 4167 incanus
754 4118 882 4183 excipitur.
892 4118 957 4167 LV.
971 4117 999 4164 t.
