3018 4664
504 433 507 440 ‚
577 345 862 418 renouato.
1185 342 1256 441 347

183 472 284 554 qualm
298 484 366 531 sunt
378 469 526 530 orationes
539 468 732 538 Catilinariae,
745 487 801 546 pro
816 466 967 540 Cluentio,
980 485 1037 546 pro
1051 467 1114 545 lege
1125 468 1257 541 Manilia,

181 591 237 652 pro
249 569 374 641 Archia,
386 587 440 648 pro
449 567 575 636 Milone,
587 585 643 646 pro
654 565 784 644 Ligario,
794 583 850 644 pro
859 563 1015 636 Marcello,
1029 582 1084 642 pro
1094 563 1235 642 Dejotmo
1249 586 1256 622 :
1313 641 1320 652 ι

182 670 247 728 illas
260 666 388 744 denique
402 681 468 743 qum
480 663 517 722 ad
529 663 738 743 rempublicam
752 681 769 722 a
783 663 924 722 Cicerone
943 675 1052 741 gestam
1066 665 1186 740 ejusque
1203 683 1257 723 ex-

181 765 277 824 silium
290 763 445 842 pertinent,
456 773 546 838 quttm
561 761 709 839 genuinas,
722 773 784 819 tum
798 759 963 838 suppositas
978 781 985 816 :
1000 779 1067 836 qum
1080 758 1118 818 ab
1130 758 1258 820 historiae

182 847 390 939 Ciceronisque
405 857 542 920 studiosis
553 857 584 917 in
598 877 689 918 unum
704 847 812 937 corpus
823 857 985 936 composita
1000 855 1087 916 fuisse
1101 856 1238 916 videntur
1252 877 1259 916 ε

180 977 238 1040 pro
252 959 350 1031 Sulla,
367 969 522 1036 antequam
544 957 600 1016 iret
619 957 651 1016 in
675 956 826 1028 exsilium,
847 967 915 1033 post
940 953 1067 1016 reditum
1088 953 1180 1025 duas,
1203 973 1260 1034 pro

183 1057 287 1130 domo,
304 1054 341 1114 de
355 1055 544 1133 haruspicum
560 1053 720 1132 responsis,
742 1071 798 1132 pro
820 1053 915 1114 Sestio
929 1066 960 1111 et
974 1052 1005 1112 in
1016 1052 1183 1125 Vatinium,
1204 1066 1261 1130 pro

69 1175 72 1186 ¹
99 1165 103 1171 '
181 1155 317 1228 Plancio,
331 1154 491 1214 invectivas
505 1153 709 1222 Sallustianus,
730 1151 913 1211 Catilinarias
922 1150 1053 1230 spurias,
1066 1171 1132 1229 qum
1146 1170 1214 1210 raro
1229 1151 1261 1208 in

181 1252 267 1312 libris
291 1251 367 1330 typis
387 1251 531 1330 expressis
553 1262 735 1310 occurrunt:
760 1249 819 1322 his,
842 1250 982 1327 iuquam,
1005 1248 1180 1327 segregatis,
1199 1247 1260 1326 jam

183 1351 304 1429 reliquae
317 1363 403 1408 sunt:
423 1369 480 1428 pro
501 1349 630 1422 Caecinn,
656 1367 711 1427 pro
732 1347 840 1421 Coelio,
858 1367 913 1426 pro
931 1346 1069 1407 Cornelio
1084 1345 1187 1416 Balbo,
1206 1365 1262 1424 pro
1350 1383 1353 1388 -

184 1449 306 1518 Flacco,
327 1466 382 1525 pro
402 1446 543 1518 Fonteio,
563 1465 619 1524 pro
637 1450 788 1516 Muraena,
815 1445 847 1504 in
867 1445 1018 1516 Pisonem,
1045 1442 1082 1502 de
1101 1442 1262 1522 provinciis

186 1542 405 1615 consularibus,
427 1563 484 1623 pro
499 1542 637 1617 Quintio,
653 1561 709 1620 pro
728 1545 762 1602 C.
775 1531 897 1604 Rabirio
910 1545 1062 1612 Postumo,
1080 1559 1136 1619 pro
1155 1543 1187 1598 C.
1203 1543 1266 1598 Ra-

186 1640 265 1700 birio
277 1639 313 1698 ad
329 1640 470 1714 Quirites,
489 1659 544 1721 pro
563 1645 599 1714 Q.
615 1641 736 1709 Roscio,
751 1659 808 1719 pro
823 1644 889 1701 Sex.
905 1639 1028 1712 Roscio,
1047 1637 1078 1696 in
1092 1643 1125 1697 P.
1143 1637 1263 1696 Rullum

187 1737 226 1798 de
236 1740 299 1816 lege
312 1739 424 1817 agraria
440 1751 506 1798 tres.
521 1738 609 1798 Mitto
619 1738 812 1818 fragmentum
824 1738 1008 1810 Fonteiano,
1023 1738 1105 1816 cujus
1120 1735 1196 1794 ratio
1202 1733 1264 1812 jam

128 1849 133 1856 '
188 1835 321 1913 exposita
333 1847 395 1894 est:
408 1848 452 1909 at,
466 1835 642 1914 quicumque
655 1834 735 1895 hunc
749 1835 909 1895 indiculum
925 1832 1058 1913 inspicit,
1074 1829 1264 1892 animadver-

189 1945 248 2002 tet,
263 1945 370 2010 praeter
385 1934 531 1993 orationes
548 1952 604 2011 pro
618 1933 721 1992 Flacco
742 1945 773 1992 et
794 1953 850 2012 pro
863 1937 1012 2005 Muraena,
1037 1929 1168 1990 omnium
1190 1941 1266 1988 cete·

189 2049 289 2091 rarum
310 2030 428 2103 titulos,
448 2031 473 2090 si
486 2033 635 2090 orationes
650 2031 855 2090 Ciceronianus
874 2029 1034 2098 secundum
1055 2029 1153 2088 literas
1169 2027 1268 2105 dispo-

190 2126 260 2187 sitas
278 2127 367 2187 fuisse
387 2128 510 2206 cogitat,
526 2127 605 2186 hunc
621 2128 755 2188 ordinem
771 2128 932 2207 respicere3
947 2140 1005 2186 tres
1014 2127 1129 2205 ,primas
1144 2124 1182 2184 ad
1202 2124 1270 2184 lite-

191 2242 255 2282 ram
269 2225 308 2294 C,
324 2225 451 2302 reliquas
462 2223 500 2284 ad
514 2230 546 2284 P.
560 2229 596 2298 Q.
613 2229 648 2284 tt.
663 2226 819 2304 pertinere.
830 2226 923 2304 Hujus
939 2237 1036 2284 autem
1051 2225 1095 2283 rei
1109 2223 1185 2281 ratio
1199 2235 1268 2281 tunc

193 2318 357 2397 expeditur,
371 2322 396 2380 si
413 2323 566 2399 ponimus,
581 2342 618 2381 ex
632 2322 806 2384 collectione
819 2322 948 2402 ingenti,
961 2342 1026 2400 quaa
1038 2321 1172 2401 plurimis
1185 2320 1269 2378 volu-

193 2414 320 2479 minibus
340 2418 551 2496 comprehensa
576 2419 679 2491 fuerit,
702 2440 793 2478 unum
818 2419 995 2499 superfuisse
1020 2417 1101 2497 quod
1128 2431 1185 2476 tres
1206 2416 1269 2476 illas

194 2513 358 2574 contineret
372 2531 437 2592 quta
453 2514 491 2574 ad
508 2519 531 2576 (l
547 2515 672 2574 literam*
681 2516 865 2595 pertineant,
881 2515 941 2575 duo
951 2530 1003 2575 aut
1015 2517 1071 2576 tria
1081 2516 1113 2575 in
1124 2535 1186 2593 quo
1198 2514 1270 2572 reli·-

194 2628 259 2690 qnae
273 2610 425 2673 exordiae
439 2611 586 2691 dispositae
599 2613 716 2672 fuerint.
738 2621 835 2693 Atque
856 2615 959 2693 primae
973 2613 1092 2691 quidem
1114 2626 1172 2672 tres
1191 2613 1271 2672 inte-

142 2709 146 2720 '
194 2725 253 2784 grac
266 2718 353 2764 sunt:
368 2719 530 2768 ceterarum
544 2727 613 2786 pars
626 2708 719 2785 nntjor
735 2709 862 2768 lacerato
875 2708 976 2768 codice
990 2708 1107 2768 mutilae.
1120 2712 1185 2766 iam
1198 2725 1272 2766 vcro

194 2801 248 2867 bas
264 2802 461 2881 posteriorum
475 2803 625 2863 literarum
642 2805 789 2864 orationes
813 2824 872 2864 non
894 2806 924 2863 in
943 2823 1003 2870 uno
1018 2803 1165 2862 volumine
1180 2804 1271 2862 exsti-

196 2899 282 2972 tisse,
293 2899 362 2958 inde
378 2901 539 2980 prasertim
553 2901 677 2979 colligo,
689 2900 770 2979 quod
784 2901 911 2979 optimus
922 2901 972 2960 ille
984 2901 1164 2960 Erfurtensis
1178 2899 1270 2958 codex

196 2997 352 3056 nonnullas
365 3017 400 3054 ox
416 3017 518 3056 earum
535 3017 658 3058 numero
673 2997 777 3069 habet,
798 2997 942 3058 aliusnon
963 2998 1053 3057 item:
1070 3015 1161 3075 quum
1175 3009 1273 3056 autem

196 3092 312 3164 inillis,
327 3111 393 3170 quae
406 3093 433 3150 el
449 3111 516 3152 cum
537 3095 641 3152 italicis
656 3092 739 3153 libris
753 3113 922 3154 communes
932 3107 1016 3165 sunt,
1039 3093 1171 3154 eamdem
1182 3092 1274 3171 origi-

196 3208 263 3248 nem
276 3189 306 3246 in
321 3189 490 3248 universum
504 3189 545 3249 ita
560 3188 683 3267 prodat,
695 3203 726 3248 ut
738 3209 773 3248 ea
787 3189 907 3248 minime
923 3189 1012 3248 dubia
1026 3190 1077 3257 sit,
1090 3189 1216 3248 servavit
1227 3203 1274 3248 ta·

197 3307 264 3348 men
281 3298 441 3358 commata,
457 3305 540 3364 quae,
552 3299 676 3364 propter
697 3297 879 3368 ὁμοωτῑλιυτον
895 3287 1019 3356 omisso,
1042 3285 1079 3344 ab
1094 3286 1197 3346 italicis
1212 3305 1274 3346 om·

197 3386 284 3462 nibus
298 3384 413 3446 absunt
435 3391 538 3464 Itaque
551 3387 685 3464 suspicor
704 3387 778 3447 illud
792 3389 929 3446 volumen
943 3387 973 3446 in
994 3407 1054 3465 quo
1072 3386 1230 3447 Rabiriana
1244 3400 1274 3445 et

197 3484 349 3546 Roscianae
364 3503 431 3542 cum
446 3483 509 3542 aliis
525 3497 688 3558 exstarent,
704 3484 794 3544 docto
806 3485 865 3559 illi,
874 3497 963 3563 prout
978 3498 1110 3563 tempora
1125 3483 1272 3554 ferebant,

198 3579 329 3655 homini,
345 3582 395 3659 qui
411 3582 441 3639 in
456 3581 636 3661 Thuringico
649 3583 750 3642 codice
765 3601 888 3660 corpus,
909 3582 990 3662 quod
1000 3581 1045 3640 =ad
1060 3583 1151 3641 vitam
1171 3581 1275 3659 publi-

200 3696 264 3736 cam
279 3678 426 3738 Ciceronis
435 3682 571 3758 'spectare
583 3679 661 3753 dixi,
673 3681 821 3740 nonnullis
831 3681 896 3740 aliis
908 3680 1109 3759 locupletaret,
1122 3700 1181 3737 non
1195 3681 1277 3736 inno·

201 3775 307 3833 tuisse:
324 3774 396 3834 illud
407 3776 438 3834 in
453 3778 537 3836 Italia
551 3791 603 3837 aut
616 3778 768 3851 exstitisse,
779 3791 830 3836 aut
844 3778 902 3836 huc
918 3779 1037 3837 allatum
1052 3777 1156 3849 fuisse,
1166 3789 1275 3835 cetera·

200 3889 267 3944 rum
281 3870 482 3949 apographum
500 3873 660 3932 festinatius
674 3875 782 3954 factum
796 3875 885 3934 Italos
899 3875 1054 3951 accepisse.

242 3967 301 4029 Ubi
321 3966 429 4028 desiuit
445 3966 531 4046 hujus
547 3971 689 4030 orationis
709 3992 777 4051 pars
796 3971 892 4043 edita,
916 3969 1056 4048 periodus
1077 3967 1277 4048 abrumpitur,

202 4083 288 4159 quam
311 4063 470 4124 Lambinus
494 4066 695 4143 supplemento
719 4068 837 4147 explere
864 4081 1000 4138 conatus,
1021 4085 1135 4124 sensum
1157 4066 1276 4144 quidem

736 4183 750 4216 Ο
