2986 4670
187 400 1157 428 WWMMWMMMMWUSMM
1163 405 1204 425 Μ
1210 407 1255 428 Μ

441 631 1006 739 ARGUMENTUM.

188 875 282 951 Quod
295 875 355 954 egit
367 873 422 932 kal.
431 873 545 952 januar.
559 873 661 932 consul
676 873 778 932 Cicero
795 872 827 932 iu
846 884 962 946 senatu,
986 885 1018 930 ut
1029 877 1173 952 agrariam
1185 877 1265 936 Rulli

230 975 334 1054 legem.
345 971 542 1046 dissuaderet,
565 984 654 1050 atque
674 972 803 1050 iniquam
831 989 914 1044 eam,
938 983 968 1030 et
991 972 1184 1051 perniciosam
1205 995 1267 1035 esse

230 1073 305 1152 reip.
317 1069 498 1141 ostenderet,
512 1067 591 1128 idem
605 1067 683 1127 baud
698 1069 739 1127 ita
750 1067 848 1127 multis
863 1081 931 1146 post
942 1065 1046 1128 dicbus
1062 1070 1131 1131 fecit
1147 1071 1177 1129 in
1193 1093 1267 1132 con·

229 1171 332 1240 oione,
348 1188 385 1226 ne
398 1167 526 1246 populus
538 1165 683 1244 suffragiis
695 1165 754 1226 suis
768 1185 833 1224 eam
849 1165 942 1244 legem
957 1165 1085 1244 juberet.
1108 1172 1161 1227 Est
1176 1169 1264 1248 igitur

228 1286 322 1344 genus
334 1264 413 1323 idem
427 1283 535 1336 causae,
545 1276 637 1322 status
648 1261 739 1336 idem,
750 1261 852 1321 eadem
863 1276 1101 1341 argumentorum
1115 1266 1264 1338 tractatio,

229 1363 286 1422 nisi
303 1361 382 1442 quod
404 1375 515 1420 mutata
534 1380 654 1433 eorum,
677 1359 756 1440 apud
774 1379 849 1438 quos
867 1360 973 1439 agitur,
989 1380 1131 1440 persona,
1151 1363 1262 1442 aliquid

230 1461 318 1520 etiam
335 1459 450 1518 artificii
463 1459 636 1522 immutavit.

271 1560 313 1614 Ae
326 1557 454 1635 primum
469 1555 500 1612 in
515 1556 639 1614 solemni
656 1553 778 1614 exordio
791 1555 903 1634 populo
920 1556 1026 1635 gratias
1038 1558 1110 1636 agit,
1123 1558 1203 1636 quod
1217 1579 1267 1632 se,

232 1652 375 1732 perlongo
386 1651 539 1711 intervallo
550 1665 724 1730 temporum,
739 1651 867 1730 primum
881 1651 1029 1712 homiuem
1038 1637 1148 1713 novum
1157 1674 1267 1715 cousu-

232 1751 290 1808 lem
303 1749 419 1822 fecerit,
428 1769 514 1826 quem
524 1747 667 1806 honorem
681 1761 762 1807 tanto
775 1747 913 1826 majorem
923 1769 985 1808 esse
996 1749 1077 1828 quod
1086 1751 1149 1830 ipse
1163 1770 1267 1812 cousu-

232 1847 322 1906 latum
336 1846 463 1925 petierit,
476 1865 567 1924 quum
578 1845 706 1924 primum
716 1845 827 1904 licitum
838 1845 892 1918 sit;
903 1847 1004 1906 consul
1013 1847 1104 1906 sactus
1116 1849 1161 1922 sit,
1173 1870 1266 1928 quum
1349 1878 1351 1886 =

232 1944 361 2021 primum
381 1941 513 2021 petierit;
533 1954 562 2000 et
582 1939 662 2020 quod
682 1941 713 2000 in
729 1941 853 2000 comitiis
867 1961 927 2001 non
941 1942 1023 2021 prius
1037 1943 1158 2017 tabella,
1178 1965 1267 2022 quam

232 2059 304 2099 voce
315 2039 443 2098 universi
455 2039 559 2118 populi
570 2038 672 2097 consul
682 2038 845 2097 declaratus
854 2039 900 2097 sit.
917 2043 1020 2118 Itaque
1028 2041 1183 2118 profitetur
1194 2061 1225 2100 se
1236 2042 1268 2100 in

231 2136 289 2196 boc
304 2136 472 2213 magistratu
488 2149 517 2194 et
530 2135 561 2193 in
575 2135 655 2193 omni
671 2137 732 2193 vita
747 2134 920 2213 popularem
932 2155 993 2194 esse
1004 2136 1144 2196 futurum.
1157 2137 1216 2197 Sed
1228 2139 1266 2198 ad

230 2234 318 2312 hujus
331 2233 416 2292 verbi
430 2233 488 2291 vim
509 2245 540 2291 et
559 2233 828 2310 interpretationem
845 2253 920 2312 opus
935 2253 997 2292 esse
1018 2233 1075 2293 sibi
1096 2235 1200 2315 populi
1222 2257 1267 2296 sa·

189 2391 193 2398 ,
231 2332 352 2412 pientia.
365 2335 507 2406 Magnum
516 2329 594 2386 enim
609 2329 639 2385 in
648 2347 684 2386 eo
698 2347 828 2386 errorem
843 2329 962 2398 versari,
971 2343 1095 2423 propter¹
1104 2334 1265 2392 nonnullo-

231 2449 296 2487 rum
311 2427 520 2498 simulationes,
538 2425 589 2502 qui
603 2445 693 2502 quum
707 2425 811 2504 populi
823 2426 976 2485 commoda
992 2441 1021 2486 et
1035 2431 1155 2488 salutem
1170 2451 1267 2510 oppu-

231 2539 321 2607 gnent
338 2538 368 2582 et
389 2521 568 2602 impediant,
589 2533 684 2579 tamen
705 2521 837 2579 oratione
861 2523 975 2600 assequi
997 2525 1101 2597 velint,
1119 2539 1150 2584 nt
1164 2548 1264 2608 popu-

233 2623 308 2682 lares
332 2641 393 2680 esse
419 2619 580 2679 videantur.
603 2618 683 2680 Nihil
706 2631 804 2677 autem
829 2638 890 2678 esse
915 2633 972 2679 tam
995 2622 1151 2700 populare,
1176 2645 1264 2702 quam

231 2738 350 2800 pacem,
374 2738 463 2796 quam
483 2717 660 2789 libertatem,
681 2736 768 2794 quam
787 2717 898 2789 otium3
916 2737 976 2775 non
993 2733 1089 2778 autem
1106 2721 1155 2779 illa
1170 2741 1265 2802 popu·

231 2817 303 2876 laria
333 2836 395 2875 esse
422 2811 641 2887 existimanda,
658 2813 837 2892 judiciorum
872 2813 1131 2891 perturbationes,
1165 2839 1264 2880 rerum

229 2915 424 2995 judicatarum
437 2913 660 2984 infirmationes,
675 2912 887 2970 restitutionem
905 2911 1108 2972 damnatorum
1114 2937 1123 2986 ;
1140 2937 1193 2974 nec
1208 2916 1265 2977 lar-

231 3013 373 3092 gitionem
388 3011 615 3090 promulgatam,
628 3029 694 3087 qoae
709 3007 765 3066 nisi
780 3008 921 3066 exhausto
935 3009 1111 3070 aerariotfieri
1125 3032 1184 3071 non
1199 3034 1266 3093 pos·

230 3111 284 3178 sit,
301 3111 473 3190 popularem
489 3128 551 3167 esse
570 3105 751 3178 habendam,
765 3125 828 3184 cap.
849 3113 907 3174 1-4.
926 3109 990 3164 Jam
1005 3107 1132 3185 primum
1151 3130 1182 3170 se
1205 3133 1265 3172 non

232 3206 353 3265 omnino
374 3225 464 3284 genus
484 3205 580 3282 ipsum
605 3201 674 3280 legis
699 3200 819 3279 agrariae
842 3200 1009 3280 vituperare
1033 3205 1177 3282 ostendit,
1199 3229 1265 3268 uar-

233 3316 336 3382 ratque
349 3323 393 3376 se,
410 3322 501 3380 quum
514 3301 643 3380 primum
654 3295 712 3357 sibi
724 3297 874 3376 designato
888 3299 1001 3358 consuli
1014 3301 1177 3368 ntrntiatum
1190 3321 1265 3367 esset

233 3403 325 3481 legem
351 3400 494 3478 agrariam
519 3395 652 3456 tribunos
679 3393 772 3474 plebis
797 3394 961 3475 designatos
985 3400 1186 3478 conscribere,
1216 3427 1265 3464 cu-

233 3500 337 3578 piisse‚
354 3497 425 3576 quid
440 3497 614 3574 cogitarent,
628 3511 817 3572 cognoscere3
838 3492 904 3552 illos
919 3507 1034 3570 autem,
1052 3519 1143 3576 quum
1164 3514 1265 3562 osteu-

235 3596 332 3667 deret,
347 3597 372 3654 si
387 3595 435 3655 lex
450 3595 528 3653 utilis
541 3592 621 3672 plebi
633 3612 758 3651 romane
772 3591 829 3650 sibi
840 3591 1002 3667 rideretur,
1013 3609 1161 3658 auctorem
1175 3613 1263 3678 atque

236 3693 397 3770 adjutorem
415 3693 561 3762 futurum,
578 3702 673 3750 tamen
689 3690 764 3760 hane
778 3689 980 3750 liberalitatem
997 3712 1077 3750 suam
1094 3711 1263 3772 aspernatos

234 3810 312 3860 esse,
327 3803 372 3863 et,
382 3789 463 3868 quod
474 3801 605 3868 agerent,
623 3789 740 3847 celasse.
753 3787 882 3847 Tandem
897 3809 988 3866 quum
1001 3790 1093 3869 le'gem
1109 3796 1265 3871 agrariam,

232 3886 316 3965 cujus
333 3886 470 3965 princeps
484 3886 586 3946 Rullus
601 3897 690 3957 esset,
706 3885 737 3942 in
753 3884 902 3962 publicum
918 3888 1100 3963 propositam
1116 3887 1265 3968 legissent,

235 3984 319 4044 facile
332 3984 525 4052 intellexisse,
542 3983 614 4041 nihil
627 3983 705 4041 aliud
719 4003 735 4040 a
748 3984 844 4062 primo
864 3983 959 4060 eapite
975 3983 1046 4060 legis
1058 4006 1149 4064 usque
1163 3988 1200 4048 ad
1212 4010 1265 4050 ex.

236 4095 362 4140 tremum
375 4077 496 4157 cogitari
510 4091 539 4136 et
554 4077 614 4156 agi,
627 4079 683 4138 nisi
699 4093 730 4138 ut
741 4077 841 4137 decem
853 4098 935 4158 reges
945 4081 1054 4157 aerarii,
1070 4085 1266 4164 vectigalium,

276 4181 341 4256 111.
368 4194 478 4261 capae
487 4191 597 4241 amr«.
1103 4181 1149 4256 16
