3020 4666
245 387 312 469 242
583 379 966 450 aucuuuurum.

280 505 498 586 provinciarum
510 503 650 575 omnium,
665 503 754 562 totius
767 501 951 580 reipublicae,
965 523 1136 582 regnorum,
1151 503 1312 566 liberorum

278 604 472 684 populorum,
499 599 580 660 orbis
604 600 731 680 denique
759 613 902 660 terramm
930 600 1042 662 domini
1066 601 1312 663 constituerentur

278 701 350 779 legis
362 699 480 778 agrariae
494 696 676 758 simulatione
690 710 776 776 atque
786 685 918 770 nomine,
934 695 962 771 5,
975 699 1004 760 6.
1017 701 1120 776 Itaque
1132 699 1311 761 demonstrat

279 798 374 856 statim
394 797 490 881 primo
512 795 583 872 legis
601 794 694 874 capite
716 796 819 874 populi
840 796 953 854 romani
975 795 1139 878 libertatem
1162 798 1309 868 imminui,

277 893 358 972 quod
367 891 471 970 jubeat
481 892 616 964 Rullum,
630 891 681 968 qui
695 891 789 969 legem
802 891 912 959 tulerit,
926 911 986 950 non
1001 911 1056 971 per
1068 893 1237 952 universum
1254 914 1309 974 po-

277 991 394 1070 pulum,
407 988 458 1048 sed
471 1007 525 1066 per
539 1009 604 1046 xvrr
618 986 711 1046 tribus
725 986 905 1046 decemviros
919 1009 1035 1062 creare,
1058 989 1099 1046 ita
1113 1002 1146 1048 ut
1158 1011 1245 1068 quem
1257 1011 1310 1050 no-

276 1107 343 1146 vem
361 1085 454 1145 tribus
470 1085 606 1156 fecerint,
627 1083 809 1144 isdecemvir
822 1085 867 1142 sit.
882 1083 1101 1144 intolerabilem
1118 1085 1175 1146 sibi
1189 1088 1307 1147 Rullum

276 1185 332 1244 hac
352 1185 465 1243 ratione
486 1183 647 1262 potentiam
672 1200 825 1259 arrogare,
850 1181 994 1262 simulque
1016 1183 1159 1244 malitiosa
1183 1184 1308 1263 quadam

276 1281 382 1339 astutia
397 1298 496 1351 usum,
516 1276 596 1358 quod
611 1281 663 1338 Cn.
681 1278 853 1356 Pompeium
873 1279 1032 1357 exceperit,
1056 1300 1093 1338 ne
1115 1280 1140 1338 is
1164 1281 1308 1340 decemvir

275 1378 352 1436 inter
367 1389 479 1435 ceteros
497 1375 560 1433 lieri
577 1375 684 1453 possit,
701 1395 788 1453 quem
804 1375 955 1435 custodem
972 1377 1034 1434 sore
1048 1375 1190 1438 libertatis
1204 1380 1308 1457 populi

276 1474 390 1532 romani
402 1472 516 1545 videat,
532 1491 611 1546 7·10·
626 1470 740 1530 Deinde
760 1471 823 1550 ipsa
839 1471 1018 1531 decemviros
1036 1473 1161 1551 eligendi
1177 1476 1306 1546 ratione,

274 1589 363 1648 quam
381 1570 428 1628 lex
444 1580 607 1648 proponat,
630 1569 752 1627 multum
775 1567 892 1646 juribus
919 1570 1022 1648 populi
1040 1571 1154 1629 romani
1174 1570 1308 1650 derogari

274 1665 413 1739 ostendit,
436 1664 546 1744 quippe
566 1684 640 1742 quos
661 1685 716 1723 nec
732 1667 810 1724 veris
825 1667 966 1740 comitiis,
987 1665 1044 1725 hoc
1056 1681 1114 1740 est,
1131 1669 1234 1747 populi
1248 1668 1307 1726 sul·

275 1765 383 1842 fragiis,
399 1783 453 1820 nec
468 1763 524 1821 illis
536 1761 680 1839 (curiatis,
694 1763 891 1822 recentiorum
906 1777 1069 1844 temporum
1083 1765 1177 1844 more)
1191 1765 1228 1824 ad
1244 1785 1306 1846 spe-

274 1861 348 1920 ciem
362 1877 417 1939 per
431 1879 491 1917 xxx
508 1859 624 1916 lictores
641 1857 710 1938 (pro
725 1877 848 1918 numero
864 1879 924 1919 xxx
938 1861 1099 1940 curiarum)
1112 1863 1306 1938 auspiciorum

211 2025 212 2030 η
274 1977 361 2017 causa
375 1955 554 2015 adumbratis
573 1955 713 2014 constitui
722 1953 841 2034 jubeat,
858 1977 904 2026 11,
918 1977 963 2015 ta.
976 1959 1167 2042 Tum-Cicero
1181 1959 1307 2019 ostendit

274 2055 354 2115 nulli
375 2054 468 2132 legem
491 2052 673 2112 decemviros
699 2054 772 2114 istos
793 2053 952 2132 majoribus
976 2058 1153 2116 ornamentis
1175 2057 1305 2129 afficere,

274 2171 362 2230 quam
378 2169 478 2208 ornnes
492 2149 589 2208 allecti
606 2150 677 2223 sint,
692 2150 800 2228 quibus
812 2153 939 2230 populus
950 2153 1140 2232 amplissimas
1151 2167 1307 2233 potestates

275 2249 397 2308 dederit.
409 2247 538 2306 Primum
552 2249 629 2306 enim
642 2247 678 2306 iis
694 2247 797 2307 eodem
806 2248 888 2326 jure,
901 2267 960 2327 quo
973 2249 1086 2308 tresviri
1097 2252 1159 2328 lege
1171 2253 1307 2329 Sempro·

273 2348 322 2406 nia
338 2347 409 2426 (non
424 2336 518 2404 tamen
532 2365 613 2416 xvn,
624 2345 676 2403 sed
689 2365 770 2404 xxxv
781 2344 911 2403 tribuum
926 2346 1071 2426 suffragiis
1084 2347 1184 2427 creati)
1198 2345 1307 2407 habue-

274 2445 349 2515 rint,
363 2443 503 2522 pullarios
516 2441 638 2521 auspicii
651 2461 738 2500 causa
749 2443 780 2500 in
798 2441 920 2500 coloniis
936 2441 1115 2503 deducendis
1129 2444 1305 2518 concedere,

274 2559 376 2600 eorum
391 2551 563 2619 potestatem
583 2539 675 2600 verbo
696 2540 863 2618 praetoriam
880 2553 909 2598 et
929 2539 1190 2618 quinquennalem,
1204 2562 1306 2602 revera

275 2642 384 2716 regiam
405 2649 435 2696 et
453 2635 658 2715 sempiternam
677 2655 756 2708 esse3
785 2648 935 2714 postremo
951 2637 1051 2695 ornari
1072 2639 1305 2717 apparitoribus,

275 2734 393 2809 scribis,
412 2733 556 2808 librariis,
572 2731 751 2805 architectis,
768 2731 866 2805 mulis,
889 2732 1095 2806 tabernaculis,
1118 2736 1304 2814 supellectili,
1386 2793 1390 2804 ,

273 2835 343 2892 item
356 2831 488 2890 ducentis
500 2851 537 2888 ex
550 2829 679 2913 equestri
689 2828 794 2887 ordine
806 2829 944 2889 ministris
956 2843 986 2888 et
997 2830 1168 2891 satellitibus
1178 2847 1305 2910 potesta·

273 2931 326 3004 tis,
345 2931 390 2988 13.
404 2928 551 2989 Inlinitam
563 2945 634 2987 vero
647 2927 723 2986 hanc
735 2939 908 3008 potestatem
925 2947 986 2987 esse
1001 2928 1138 3002 docetur,
1158 2950 1250 3007 quum
1269 2931 1305 2989 iis

272 3027 450 3088 concedatur
461 3027 509 3105 jus
525 3024 742 3085 innumerabilis
753 3025 884 3105 pecunias
894 3024 931 3085 de
943 3023 1133 3105 vectigalibus
1145 3027 1305 3088 alienandis
1382 3049 1388 3062 ·

272 3124 475 3198 conficiendae5
488 3121 659 3202 cognitionis
673 3122 736 3181 sine
746 3121 885 3196 consilio,
897 3143 990 3202 poenae
1004 3125 1065 3183 sine
1079 3124 1303 3203 provocatione,

273 3221 533 3282 animadversionis
549 3221 611 3280 sine
625 3219 753 3292 auxili03
768 3219 816 3298 jus
834 3220 1015 3298 magistratus
1036 3221 1170 3300 gerendi,
1187 3242 1304 3282 causam

272 3339 332 3379 non
347 3318 476 3391 dicendi,
494 3337 610 3397 agrosa
630 3315 737 3397 quibus
756 3317 863 3392 velint,
889 3337 948 3397 quo
968 3317 1060 3378 velint
1079 3338 1183 3396 magno
1205 3321 1303 3397 pretio

272 3415 403 3488 emendi,
418 3415 547 3474 colonias
567 3414 741 3490 reducendi,
765 3415 874 3475 liberos
894 3417 1022 3495 populos
1043 3415 1118 3493 agris
1141 3413 1300 3487 multandi,

271 3531 361 3592 regna
381 3512 506 3590 denique
523 3511 571 3570 vel
590 3509 693 3586 dandi,
718 3513 765 3571 vel
787 3510 948 3584 alienandi,
967 3531 1030 3592 cap.
1053 3509 1118 3568 eod.
1141 3509 1303 3586 inquibus

270 3611 397 3692 primum
412 3609 515 3670 Cicero
530 3608 655 3688 graviter
666 3608 855 3690 reprehendit
868 3607 957 3682 illud,
973 3607 1052 3687 quod
1068 3607 1114 3666 lex
1128 3604 1304 3668 decemviris

269 3710 419 3790 permittat
442 3707 553 3766 infinite
576 3705 674 3766 omnia
693 3707 837 3776 vendere,
860 3703 1024 3782 dequibus
1044 3701 1204 3762 vendendis
1227 3709 1303 3764 SCta

269 3808 344 3866 lacta
359 3809 417 3866 sint
431 3807 473 3866 Μ.
485 3803 598 3875 Tullio,
610 3807 663 3864 Cn.
671 3805 815 3868 Cornelio,
823 3821 895 3860 coss.
910 3800 1015 3860 deinde
1029 3799 1108 3880 quod
1120 3801 1150 3859 in
1165 3801 1217 3860 illo
1231 3801 1303 3880 legis

269 3905 411 3964 carmine:
430 3905 497 3982 «qui
514 3905 592 3982 agri,
604 3923 669 3982 quae
680 3903 744 3961 loca
755 3945 763 3974 ,
776 3919 841 3980 quae
858 3898 993 3974 aedilicia,
1008 3897 1124 3958 aliudve
1133 3895 1205 3976 quid
1215 3923 1242 3971 s,
1255 3899 1302 3958 his

268 4002 366 4062 verbis
378 4001 513 4061 «aliudve
526 4001 618 4079 quid»
635 3999 812 4080 significetur
825 3997 898 4057 nihil
913 4009 1065 4076 exceptum
1081 4015 1142 4055 esse
1157 3995 1238 4074 quod
1253 3996 1304 4055 de-

267 4101 387 4158 cemviri
400 4099 528 4160 vendere
545 4119 604 4158 non
625 4098 746 4176 possint.
771 4099 835 4155 Hoc
853 4095 928 4154 enim
950 4095 1044 4172 capite
1059 4111 1159 4152 omnes
1180 4105 1299 4172 gentes,
