2958 4670
242 311 313 397 488
561 316 609 382 Μ.
636 315 674 381 Τ.
701 313 978 382 CICERONIS

242 457 314 530 quc
330 431 444 522 idem,
466 447 595 530 praeter
612 457 692 524 eos,
714 436 796 532 qui,
815 455 930 531 quum
952 431 1022 504 sibi
1041 429 1206 504 viderent
1222 457 1307 504 esse

126 623 131 630 ,
240 539 466 642 pereundum
476 541 503 632 ⁵,
522 568 606 614 cum
626 543 794 616 omnibus
814 545 952 642 potius,
978 567 1088 640 quam
1102 542 1169 614 soli
1183 545 1307 640 perire

242 649 470 724 voluerunt⁶.
499 657 613 727 llosce
644 659 711 749 ego
739 653 905 724 homines
933 654 1073 749 excipio
1095 668 1132 723 et
1152 677 1305 724 secerno

243 760 418 833 libenter:
437 786 557 859 neque
577 764 674 833 enim
693 767 731 834 in
749 761 1001 861 improborum
1019 763 1249 852 civium„sed
1264 765 1304 834 iu

244 871 555 944 acerbissimorum
568 873 726 944 hostium
745 898 898 946 numero
915 871 1101 946 habendos
1119 887 1219 972 puto.
1237 879 1306 946 Ce-

245 985 315 1054 teri
328 1007 432 1070 vcro,
450 982 499 1053 dii
512 981 746 1056 immortales!
763 1009 836 1082 qua
848 983 1069 1081 frequentia,
1084 1009 1158 1081 quo
1173 983 1305 1070 studio,

181 1165 182 1172 χ
245 1117 318 1191 qua
345 1095 477 1164 virtute
508 1092 554 1164 ad
582 1118 814 1166 communem
843 1092 1053 1192 dignitatem
1080 1093 1307 1192 salutemque

246 1201 491 1274 consentiunt!
786 1281 789 1292 ,

294 1311 391 1402 Quid
413 1337 480 1412 ego
501 1311 560 1384 hic
578 1314 717 1411 equites
734 1337 904 1386 romanos
919 1314 1224 1386 commemorem?
1240 1314 1307 1408 qui

245 1421 348 1494 vobis
365 1424 415 1495 ita
432 1447 609 1494 summam
627 1423 763 1496 ordinis
782 1424 994 1522 consiliique
1010 1422 1251 1513 concedunt7,
1264 1439 1308 1495 ut

245 1531 434 1604 vobiscum
468 1533 514 1606 dc
548 1559 670 1608 amore
698 1533 905 1634 reipublicae
936 1548 1107 1606 certent:
1138 1557 1231 1633 quos
1262 1559 1308 1606 cr

246 1641 446 1746 multorum
476 1649 655 1717 annorum
688 1639 934 1718 dissensiouc⁸
959 1643 1004 1716 ad
1033 1643 1143 1739 hujus
1171 1643 1309 1716 ordinis

247 1753 454 1826 societatem
473 1756 776 1854 concordiamque
797 1769 1001 1842 revocatos,
1021 1753 1220 1838 hodiernus
1233 1752 1310 1824 dies

247 1861 435 1934 vobiscum
458 1879 567 1960 atque
585 1865 659 1936 baec
677 1890 782 1954 causa
798 1864 1004 1960 conjungit:
1023 1885 1132 1960 quam
1155 1865 1310 1958 conjun-

248 1971 406 2042 ctionem
422 1975 450 2042 si
466 1974 503 2044 in
518 1975 706 2046 consulatu
719 1973 967 2046 confirmatam
980 1998 1082 2063 mco,
1097 1988 1311 2074 perpetuam

248 2082 286 2150 in
315 2081 503 2178 republica
528 2087 775 2174 tenuerimus;
806 2083 982 2157 confirmo
1009 2083 1138 2174 vobiS,
1167 2083 1313 2159 nullum

249 2191 402 2288 posthac
417 2194 551 2266 malum
565 2195 666 2267 civile
685 2221 725 2269 ac
743 2195 980 2268 domesticum
998 2193 1044 2266 ad
1063 2194 1173 2266 ullam
1193 2197 1312 2292 reipu-

249 2299 353 2374 blicae
368 2319 507 2402 partem
529 2330 605 2378 esse
619 2319 824 2378 venturum.
845 2309 925 2378 Pari
942 2304 1062 2378 studio
1077 2303 1313 2378 defendendae

250 2413 456 2510 reipublicae
479 2417 689 2488 convenisse
711 2415 817 2489 video
845 2415 1011 2486 tribunos
1037 2417 1214 2502 erariosu,
1237 2410 1312 2483 lor-

249 2523 405 2628 tissimos
420 2512 538 2612 ‘viros3
558 2524 691 2597 scribas
707 2529 794 2598 item
813 2526 1001 2597 universos
1012 2535 1042 2568 ¹⁰
1058 2552 1066 2594 :
1090 2549 1183 2622 quos
1197 2547 1313 2622 quum

287 2695 313 2744 ⁵.
333 2697 393 2744 Esse
415 2699 572 2761 pereundum.
592 2701 648 2748 AEre
670 2699 758 2748 alieno.
799 2701 840 2760 jue
851 2697 935 2746 divisit
953 2698 1017 2747 iuter
1036 2697 1315 2756 trerordiuae,etcou-

250 2775 283 2824 lli
301 2784 358 2822 aaut
377 2791 440 2840 quoa
459 2778 486 2825 iu
501 2787 612 2842 quartum
625 2793 700 2842 genua
710 2778 758 2824 im-
801 2777 884 2826 cordia
902 2776 959 2827 iude
978 2779 1090 2826 reatituta
1100 2787 1148 2834 eet,
1162 2792 1237 2840 quoru
1250 2791 1314 2824 oon-

250 2852 384 2918 proborum
398 2856 488 2904 civium
499 2856 595 2916 retulit,
609 2856 714 2904 oration.
724 2855 761 2910 ΙΙ,
802 2853 897 2904 firmare
908 2857 994 2904 enixus
1007 2865 1044 2904 ert
1052 2855 1148 2904 Cicero.

250 2950 304 2998 cap.
321 2949 361 2984 10.
838 2949 864 2996 9.
879 2933 997 2982 Tribunos
1011 2933 1120 2982 teramus.
1133 2933 1234 2982 Ordinis
1245 2943 1314 2981 eraut

204 3023 209 3030 '
286 3013 312 3064 6.
334 3013 415 3061 Perire
439 3014 576 3062 voluerunt.
598 3014 759 3066 Commurreur
802 3012 905 3077 plebeii,
926 3013 1000 3061 eracl
1017 3011 1181 3077 judicandum
1201 3011 1314 3062 adhibiti.

250 3093 382 3156 perniciem
388 3093 533 3152 maluerunt,
538 3108 610 3157 quam
617 3092 759 3156 ooliperire.
803 3090 868 3139 Vide
876 3090 921 3141 lib.
938 3093 962 3149 1,
972 3091 1042 3156 epiat.
1055 3091 1094 3148 ιδ,
1101 3091 1132 3138 ad
1142 3090 1315 3150 arneomai

288 3189 311 3232 7.
338 3170 436 3220 ordinis
458 3171 598 3237 considique
615 3171 759 3221 conceditur.
803 3168 906 3218 iuditio
921 3169 1018 3232 judicio
1031 3169 1167 3218 cunum
1185 3185 1228 3218 eoa
1241 3169 1314 3217 fuine

250 3249 758 3316 ldect,locumpriuripeurinterordr'uee‚
804 3263 856 3296 uon
870 3259 920 3296 tarn
931 3259 1017 3296 ceraton
1032 3247 1150 3313 (diriter)
1163 3263 1235 3312 quarn
1253 3263 1314 3296 nra·

251 3339 276 3376 et
289 3343 405 3376 aumruam
418 3330 585 3378 unctoritatem
598 3328 624 3376 in
637 3329 760 3393 capiendis
804 3329 854 3374 rioa
872 3326 935 3391 (aare
946 3326 1101 3394 corruptor).
1119 3331 1211 3378 Eorum
1227 3341 1314 3375 ruamus

252 3406 367 3456 consiliio
694 3455 698 3462 ,
805 3417 869 3464 erat,
883 3407 1032 3471 stipendium
1053 3407 1158 3455 militum
1181 3405 1212 3454 de
1230 3403 1312 3454 endo

288 3481 479 3534 &Blaminae
488 3485 590 3548 Propter
598 3483 760 3549 indultuque
806 3501 965 3534 annumerem
978 3487 1144 3550 quatorimt
1152 3486 1217 3534 iuter
1228 3483 1314 3532 milites

252 3566 280 3614 C.
304 3550 456 3612 Gracchuta
478 3563 628 3611 aenatoribus
641 3564 672 3612 ad
685 3581 760 3630 eque·
805 3565 961 3614 divideretur.
985 3565 1107 3613 Aacouiuo
1119 3567 1144 3613 e't
1157 3569 1248 3613 Fertur.
1265 3564 1315 3610 Aut

252 3655 325 3691 otreru
347 3642 460 3691 ordinem
478 3641 643 3702 transtulerat,
661 3653 686 3690 et
706 3659 761 3708 quau
805 3645 853 3708 ipai
866 3643 1015 3692 dividebant.
1029 3647 1115 3692 Varro.

252 3731 335 3786 poatea
356 3719 421 3770 Sulla
442 3720 523 3768 victor
542 3720 573 3768 ab
587 3721 709 3784 equitibus
729 3722 760 3770 ad
844 3737 884 3770 ro.
903 3721 999 3768 Scribas
1011 3721 1067 3769 item
1079 3720 1207 3769 miremur.
1221 3720 1270 3782 Qui
1283 3719 1315 3768 le-

252 3809 361 3846 oeuatum
382 3785 519 3847 reveunt?
538 3800 602 3847 Hinc
622 3799 686 3849 inter
700 3799 761 3848 duoo
806 3815 860 3864 gea,
873 3799 965 3854 edicta.
985 3800 1108 3859 rationes,
1122 3797 1254 3864 epistolar,
1266 3807 1313 3846 etc.

253 3877 351 3948 qrdiuee
364 3877 479 3938 dimidiu
497 3877 554 3926 hinc
575 3877 637 3926 bella
650 3879 723 3927 Marii
736 3889 761 3928 ct
805 3881 831 3928 iu
837 3879 954 3944 scripturn
962 3878 1243 3927 :umbraclum-thuri
1249 3885 1316 3925 eraut

253 3957 337 4018 solta,
350 3973 454 4020 quorum
473 3973 544 4006 cauea
564 3959 610 4006 soit
630 3969 684 4010 uter
697 3957 759 4007 ordo
804 3957 830 4006 iu
843 3958 937 4021 aliquot
956 3957 1075 4006 decuriaa.
1094 3959 1164 4006 Sorte
1183 3955 1316 4005 distribue·

250 4035 378 4104 judicoret.
392 4036 466 4084 Anno
478 4035 543 4096 683,
560 4037 674 4086 Aureliae
687 4039 759 4086 Cotta
803 4037 1173 4101 banturinterrurgiatratuo,ut
1182 4033 1316 4100 queremini,
