3018 4664
236 325 307 415 344
579 329 962 403 ARGUMENTUM.

273 451 312 510 de
327 449 418 510 servis
436 451 537 510 alienis
558 453 694 526 retentis,
715 467 767 512 ant
785 453 822 513 de
842 453 957 514 civibus
978 453 1106 512 romanis
1124 454 1303 529 verberatis,

270 548 396 627 denique
413 547 450 606 de
464 546 646 627 impudicitia
661 569 713 609 teo
727 549 855 628 objecta,
873 550 901 609 3.

310 649 345 703 In
356 644 511 704 refutando
525 645 647 704 crimine
664 645 874 724 perduellionis
891 647 1018 725 primum
1041 659 1143 706 orator
1157 667 1189 706 se
1207 647 1303 727 ipsum

269 742 415 814 defendit,
430 742 509 822 quod
522 742 666 822 judicium
686 743 930 823 perduellionisa
949 764 981 803 se
1001 743 1147 804 sublatum
1168 765 1231 805 esse
1245 751 1303 805 La-

268 839 373 900 bienus
388 842 483 899 luerat
495 841 680 914 criminatus,
696 850 728 914 t,
746 841 774 900 5.
857 865 861 870 ·

308 936 422 996 Deinde
435 937 623 997 Saturninum
638 949 723 1014 neget
740 958 757 996 a
776 937 900 998 Rabirio
914 938 1100 997 interfectum
1118 957 1198 1011 esse,
1221 939 1302 1016 quod

269 1055 360 1114 quum
373 1035 434 1112 jam
452 1035 520 1094 satis
542 1048 617 1096 esset
635 1034 673 1094 ab
695 1035 853 1098 Hortensio
872 1035 1119 1108 demonstratur,
1139 1035 1248 1114 ipsein
1265 1055 1302 1095 eo

270 1144 418 1205 versatur,
436 1145 469 1190 ut
479 1131 613 1191 ostendat
621 1133 688 1212 jure
703 1133 797 1192 occidi
809 1133 997 1192 Saturninum
1009 1132 1152 1210 potuisse,
1168 1145 1198 1190 et
1210 1132 1302 1190 conli-

272 1241 367 1288 teatur
383 1228 578 1287 interficiendi
591 1229 653 1308 ejus
669 1248 756 1288 causa
775 1248 913 1288 unacum
930 1227 1065 1309 plurimis
1084 1227 1248 1286 clarissimis
1260 1227 1303 1286 vi·

269 1325 326 1398 ris,
345 1325 554 1385 honestissimis
571 1339 601 1384 et
619 1325 736 1405 optimis
752 1324 881 1396 civibus,
900 1324 1054 1386 Rabirium
1075 1344 1157 1383 arma
1177 1325 1302 1402 cepisse,

267 1423 348 1482 6-11.
364 1424 458 1502 Hujus
472 1424 729 1502 argumentationis
743 1435 873 1483 extrema
884 1443 953 1502 pars
967 1443 1023 1482 nna
1037 1441 1104 1480 cum
1119 1435 1180 1480 tota
1196 1423 1304 1482 oratio·

267 1522 313 1580 nis
326 1521 514 1582 conclusione
526 1523 596 1580 olim
611 1520 839 1584 desiderabatur.
861 1525 949 1581 Nunc
966 1538 1039 1578 vero
1060 1519 1212 1578 clarissimi
1231 1519 1304 1578 Nie-

268 1617 348 1678 buhr
363 1617 513 1695 diligentia
530 1619 665 1678 eflectum
677 1628 736 1690 est,
752 1631 785 1676 ut
800 1637 837 1676 ex
853 1636 957 1698 magna
975 1629 1058 1696 parte
1075 1615 1214 1674 damnum
1229 1613 1303 1674 illud

170 1723 176 1736 ’
272 1728 381 1774 sartum
398 1714 452 1786 sit,
473 1726 503 1771 et
513 1713 722 1773 nobilissimam
736 1733 770 1772 ec
790 1713 1016 1792 pulcherrimam
1029 1711 1246 1792 perorationem
1257 1710 1303 1769 le-

272 1810 407 1890 gentibus
418 1812 563 1890 possimus
577 1830 765 1890 proponere,
778 1829 837 1888 qua
850 1822 964 1884 orator,
981 1810 1045 1870 illas
1062 1809 1215 1867 vulnerum
1237 1825 1304 1884 quae

270 1929 325 1988 pro
340 1909 435 1987 patria
447 1908 601 1968 fortissime
613 1928 745 1987 pugnans
756 1907 869 1987 accepit
882 1907 1030 1967 cicatrices
1041 1906 1154 1986 populo
1166 1903 1302 1976 ostendit,

270 2020 394 2086 oratque
408 2021 440 2066 ut
450 2027 518 2066 eum
526 2008 576 2086 qui
588 2027 643 2086 pro
652 2009 747 2088 patria
759 2009 872 2067 nullum
881 2027 1019 2086 umquam
1030 2006 1131 2068 mortis
1140 2005 1304 2086 pericnlum

271 2103 359 2184 fugit,
372 2104 401 2164 in
418 2108 511 2184 petria
524 2105 599 2164 mori
614 2105 751 2184 patiatur,
767 2124 817 2177 aa,
838 2105 884 2174 13,
