3018 4664
245 318 318 407 406
567 323 617 394 Μ.
642 325 681 392 Τ.
709 325 997 398 CICERONIS

245 443 292 516 ad
318 441 560 517 obsidendum
589 445 800 544 stupruml,
824 471 950 519 verum
974 448 1081 519 etiam
1109 447 1154 520 ad
1177 445 1317 523 facinus

244 553 482 644 obeundum3
505 555 653 653 vigilare
680 581 758 628 non
785 557 903 630 solum
932 558 1159 630 insidiantem
1185 585 1316 632 somrm

244 667 479 754 maritorum,
501 691 630 738 verum
655 668 764 739 etiam
785 665 894 740 bonis
913 669 1117 740 otiosorum
1128 665 1154 738 ⁵.
1177 668 1314 760 Habes,

244 774 310 847 ubi
328 790 489 848 ostentes
506 776 603 848 illam
620 777 823 875 praeclaram
846 793 947 851 tuam
968 780 1176 878 patientiam
1191 779 1314 868 famu,

244 883 407 982 frigoris,
420 886 552 984 inopiae
568 911 690 958 rerum
708 890 871 960 omnium
884 915 894 976 3
910 889 1046 988 quibus
1059 905 1094 961 te
1107 889 1211 962 brevi
1224 903 1315 962 tem·

244 1019 334 1094 pore
358 993 567 1072 confectum
586 994 687 1069 esse⁶
706 997 850 1071 senties.
874 1006 1032 1072 Tantum
1056 997 1194 1098 profeci
1217 1013 1314 1088 tum,

244 1129 361 1203 quum
376 1122 413 1180 te
429 1107 656 1180 aconsulatu
668 1110 789 1208 repuli
797 1123 824 1199 ⁷,
845 1126 889 1182 ut
901 1109 1003 1182 exsul
1017 1113 1140 1209 potius
1157 1124 1315 1198 tentare,

246 1241 356 1314 quam
388 1219 516 1292 consul
541 1244 672 1292 vexare
694 1219 958 1320 rempublicam
980 1243 1124 1320 posses;
1144 1232 1254 1316 atque
1274 1232 1316 1289 ut

246 1327 306 1418 id,
325 1328 429 1426 quod
449 1345 543 1402 esset
561 1355 582 1402 a
599 1346 636 1403 te
654 1329 824 1404 scelerate
843 1346 1069 1431 susceptum,
1085 1330 1315 1402 latrocinium

246 1444 389 1538 potius,
411 1463 521 1538 quam
540 1439 680 1513 bellum
701 1442 961 1530 nominaretur.

295 1553 355 1620 XI.
380 1555 505 1641 Nunc,
527 1567 571 1622 ut
591 1576 612 1623 a
633 1575 693 1624 me
706 1563 731 1642 ¹,
750 1568 871 1652 patres
889 1553 1102 1651 conscripti,
1122 1548 1315 1648 quamdam

245 1684 365 1760 prope
379 1662 514 1757 justam
535 1665 658 1761 patriae
675 1667 939 1761 querimoniam
959 1664 1117 1736 detester
1133 1685 1176 1733 ac
1191 1659 1317 1758 depro-

247 1793 335 1841 cer:
355 1774 551 1869 percipite,
575 1797 718 1870 quaeso,
742 1773 945 1872 diligenter,
967 1799 1047 1873 quae
1067 1772 1205 1861 dicam,
1222 1785 1259 1842 ct
1276 1793 1318 1841 ea

248 1882 395 1980 penitus
408 1883 537 1953 animis
551 1885 677 1954 vestris
692 1885 950 1984 mentibusque
965 1883 1144 1956 mandate.
1157 1883 1318 1968 Etenim,

245 1995 279 2064 si
298 2016 441 2064 mecum
463 1997 600 2092 patria,
629 2020 710 2092 qum
732 1995 821 2066 mihi
846 1999 931 2070 vita'
947 2021 1026 2068 mea
1048 1993 1165 2066 multo
1186 2007 1240 2064 est
1261 2015 1318 2064 m·

246 2105 344 2194 rior3
362 2109 392 2175 si
410 2119 542 2176 cuncta
564 2105 687 2194 Italia;
708 2108 738 2176 si
760 2109 878 2178 omnis
900 2105 1107 2206 respublica
1125 2103 1317 2202 loquatur:

246 2245 265 2281 α
278 2219 329 2286 Μ.
349 2216 459 2304 Tulli,
480 2214 571 2313 quid
589 2217 691 2314 agis?
710 2220 811 2288 Tune
830 2241 935 2306 eum,
955 2243 1066 2315 quem
1084 2239 1160 2288 esse
1177 2212 1319 2284 hostem

247 2327 473 2425 comperisti,
493 2351 604 2424 quem
626 2325 757 2399 ducem
775 2326 862 2399 belli
882 2327 1048 2399 futurum
1068 2325 1185 2411 vides,
1208 2347 1319 2420 quem

248 2438 449 2535 exspectari
482 2437 739 2535 imperatorem
768 2441 807 2508 in
840 2439 966 2510 castris
995 2437 1155 2508 hostium
1186 2435 1319 2521 sentis,

246 2560 436 2616 auctorem
461 2544 628 2632 sceleris,
654 2547 858 2644 principem
880 2547 1167 2643 conjurationis,
1191 2569 1320 2618 evoca-

247 2669 366 2727 torem
386 2680 570 2728 servorum
587 2671 624 2727 et
638 2657 767 2727 civium
783 2655 1028 2754 perditorum,
1047 2658 1145 2728 exire
1159 2658 1320 2756 patieris,

248 2806 350 2874 gloriam
360 2819 426 2856 tuem
439 2821 574 2865 merantur,
587 2805 761 2872 predicantur.
808 2799 902 2850 tilium
908 2801 1056 2867 competitor
1062 2801 1129 2850 vicit.
1135 2802 1321 2849 Eruettlusvero

246 2899 283 2928 ·-··
292 2888 417 2938 Meditett'.
428 2889 538 2948 festive,
547 2887 728 2936 exercitationis
738 2895 764 2934 et
807 2879 870 2930 berre
881 2883 994 2942 monuit,
1006 2879 1062 2932 h.l.
1075 2882 1217 2931 umnam
1229 2877 1322 2944 signifi-

247 2968 434 3034 prtepmtionls
447 2983 518 3015 censa
532 2977 590 3016 sunt
601 2965 716 3032 suscepti.
809 2975 880 3019 ecre,
894 2977 919 3008 ee
930 2962 981 3024 jem
994 2959 1121 3020 consulem
1136 2960 1282 3024 perfecisse,
1292 2969 1322 3007 ut

285 3057 309 3106 4.
322 3047 486 3096 Obsidendum
494 3059 610 3110 stuprum.
619 3045 654 3094 Ut
663 3046 765 3094 circum·
807 3041 834 3088 in
845 3039 951 3088 comitiis
960 3039 1129 3088 consulatibus
1137 3041 1190 3112 ejus
1199 3039 1261 3086 ratio
1270 3053 1322 3086 non

248 3125 318 3176 sistra
330 3127 393 3175 aetles
405 3142 433 3175 ec
444 3137 538 3192 tempus
549 3125 763 3190 euriotetpecnle·
806 3120 944 3169 haberetur.
963 3121 1059 3168 Horum
1077 3119 1232 3168 comitiorum
1248 3133 1322 3181 supra

249 3207 298 3265 rit,
309 3221 359 3271 quo
369 3217 452 3270 stupra
461 3207 524 3254 inire
533 3204 619 3270 possit.
807 3201 955 3249 mentionem
965 3198 1022 3246 feeit
1031 3198 1118 3248 Cicero
1128 3213 1184 3262 cap.
1196 3197 1226 3256 5,
1237 3205 1263 3244 et
1271 3197 1322 3244 Sel·

242 3288 245 3294 '
286 3285 311 3335 5.
324 3284 468 3335 otiosorum.
482 3287 512 3333 In
526 3283 764 3350 prcetctecurltete
807 3280 895 3328 lustins
917 3295 973 3344 erp.
999 3279 1057 3328 αὖε
1084 3299 1096 3322 ι
1118 3287 1247 3342 postquem
1270 3277 1323 3325 dies

247 3365 392 3413 viventium.
412 3365 453 3413 Sic
472 3365 553 3413 Graes.
572 3376 596 3412 et
615 3364 776 3414 Ldlemtnd'
807 3359 966 3408 comitiorum
984 3359 1053 3406 venit
1073 3367 1098 3406 et
1115 3357 1226 3406 Cttssintt
1242 3373 1323 3422 neque

248 3443 312 3503 Atti,
324 3465 335 3486 ι
344 3443 482 3492 occisorum
491 3466 512 3502 a,
522 3443 591 3507 quod
598 3445 671 3492 unice
679 3459 764 3491 verum
807 3439 908 3504 petitio,
921 3453 1000 3502 neque
1011 3435 1106 3485 incidite
1118 3451 1178 3502 qnae
1189 3437 1285 3485 consuli
1295 3437 1323 3484 fn

248 3522 358 3572 defendit
371 3521 471 3574 schista.
482 3536 507 3572 et
519 3523 551 3571 ad
564 3523 643 3572 caedes
656 3523 764 3588 proscri-
808 3518 998 3583 ctmpofeceret,
1004 3531 1121 3582 prospere
1126 3525 1323 3577 emmonem.-

247 3601 461 3668 ptlonistempore
469 3601 544 3650 fectae
552 3602 632 3650 refert.
843 3595 1321 3660 x1.1.tvtne,1nam.ssxpttntnm·,

284 3681 311 3731 6.
328 3679 470 3747 Confectum
481 3697 540 3729 esse.
554 3681 626 3728 Brevi
637 3679 684 3727 tibi
694 3679 765 3727 locut
808 3691 852 3724 eur
870 3675 997 3728 Catilinam
1020 3674 1107 3736 ejicere
1126 3673 1224 3739 potius,
1250 3688 1322 3737 quem

248 3761 295 3809 erit
305 3761 447 3825 patientiam
461 3759 527 3808 illam
540 3759 651 3807 omnium
661 3758 765 3806 necesti-
807 3752 944 3803 interlicere
954 3751 1041 3812 uelit,
1055 3767 1122 3800 novo
1133 3751 1240 3816 quodam
1254 3750 1324 3814 quui

189 3869 191 3876 ·
248 3849 327 3888 tatum
336 3837 766 3904 ostendendi,qn2tiblrdtttellitee
808 3834 931 3900 principio
941 3832 1209 3897 mitum-Deprecer.
1224 3830 1324 3893 Utpre-

247 3929 303 3966 tuoe
312 3919 425 3983 profecto
438 3917 589 3966 immineant.
808 3912 923 3962 cundoet
934 3909 1323 3974 testandovoedoeeem‚prtrite

287 4013 313 4057 7.
335 3997 428 4060 Repuli.
449 3997 562 4045 Muretus
577 4011 632 4043 cum
646 3994 765 4044 lumbino
809 4008 860 4042 non
872 4007 924 4040 esse
936 4005 1044 4049 annm,
1058 4005 1102 4044 ene
1113 3989 1144 4039 de
1155 4005 1194 4038 me
1207 3997 1326 4052 queratur

252 4073 350 4122 comitia
364 4073 499 4135 intellexit,
518 4074 607 4138 quibus
619 4075 706 4125 Cicero
719 4075 766 4124 Cr·
810 4089 897 4137 meque
906 4081 1011 4120 accuset.
