2934 4680
320 401 511 473 ORATIO
535 401 633 478 PRO
657 399 791 470 LEGE
815 399 1050 469 MANILIA.
1166 398 1212 470 25

153 545 282 594 manus
316 547 439 620 neque
469 521 689 594 lacessendas
723 521 844 609 bello,
878 543 996 617 neque
1027 519 1215 592 tentandas

154 635 313 732 putavit:
330 640 416 705 Erat
437 634 541 704 etiarn
567 632 632 702 alia
658 633 772 727 gravis
795 620 1119 728 atque'vehemens
1138 631 1215 727 opi·

156 747 236 831 nio,
249 769 332 842 qnae
343 767 410 841 per
423 745 561 814 animos
574 744 736 840 gentium
748 739 982 812 barbararum
998 754 1213 837 pervaserat,

155 853 252 925 fauit
276 852 547 950 locupletissimi
573 865 609 922 et
629 851 882 948 religiosissimi
901 850 1092 947 diripiendi
1109 873 1215 920 causa

155 964 192 1031 in
217 987 276 1034 eas
303 985 386 1032 oras
414 975 581 1032 nostrum
607 963 801 1032 exercitum
827 985 902 1032 esse
927 959 1133 1030 adductum.
1160 965 1215 1030 Ita

155 1073 321 1142 nationes
340 1069 462 1140 multae
483 1085 592 1167 atque
616 1093 753 1166 magnas
776 1094 873 1140 novo
899 1068 1056 1167 quodam
1079 1084 1215 1140 terrore

155 1203 196 1250 ac
213 1196 317 1252 metu
341 1178 625 1250 concitabantur.
648 1175 779 1250 Noster
796 1192 917 1250 autem
931 1179 1127 1268 exercitus,
1148 1181 1215 1249 etsi

155 1288 285 1361 urbem
301 1313 345 1361 ex
358 1291 518 1386 Tigranis
531 1287 669 1387 regno⁸
682 1303 836 1388 ceperat,
850 1305 885 1360 et
897 1290 1027 1388 praeliis
1040 1315 1126 1362 usus
1139 1305 1216 1361 erat

155 1397 345 1484 secundis,
374 1412 496 1468 tamen
527 1400 637 1471 nimia
664 1399 928 1496 longinquitate
954 1399 1143 1470 locorum9
1172 1423 1215 1470 au

156 1508 333 1580 desiderio
351 1531 500 1580 suorum
519 1507 825 1581 commovebatur.
844 1511 906 1579 His
923 1509 997 1604 jam
1016 1509 1119 1607 plura
1137 1532 1214 1578 non

155 1615 294 1688 dicam:
317 1616 385 1688 fuit
410 1619 506 1688 euim
530 1617 619 1692 illud
644 1635 864 1706 extremum,
893 1631 935 1688 ut
960 1643 1005 1690 ex
1028 1621 1070 1687 iis
1088 1617 1215 1688 locisa

154 1726 328 1799 militibus
345 1733 478 1800 nostris
491 1727 628 1800 reditus
644 1731 754 1825 magis
767 1743 949 1817 maturus,
964 1751 1074 1824 quam
1087 1738 1117 1772 ¹⁰
1131 1751 1213 1825 pro-

153 1839 267 1908 cessio
287 1839 431 1935 longior
448 1853 679 1936 quaereretur.
694 1837 917 1910 Mithridates
929 1854 1049 1909 autem
1065 1851 1101 1909 et
1113 1861 1213 1908 suam

153 1958 336 2020 manum¹¹
344 1949 420 2044 jam
433 1947 674 2034 confirmarat,
688 1963 724 2020 et
738 1973 876 2033 eorum,
886 1949 949 2044 qui
962 1973 999 2018 se
1014 1973 1058 2018 ex
1070 1948 1145 2042 ejus
1157 1970 1214 2018 re-

153 2081 226 2154 gno
246 2058 485 2154 collegerant,
504 2072 539 2130 et
559 2061 696 2156 magnis
717 2058 919 2130 adventitiis
939 2058 1135 2129 multorum
1155 2080 1213 2127 re-

153 2189 238 2262 gum
262 2182 300 2238 et
323 2168 511 2238 nationum
532 2170 643 2266 copiis
662 2167 866 2262 juvabatur.
888 2172 964 2238 Hoc
978 2168 1051 2262 jam
1072 2164 1146 2238 lere
1162 2167 1213 2236 sic

152 2273 229 2347 fieri
243 2277 358 2348 solere
371 2277 591 2375 accepimus,
601 2293 644 2349 nt
656 2301 783 2374 regum
797 2275 933 2348 afflictae
946 2275 1099 2348 fortuna
1110 2273 1213 2346 facile

185 2490 661 2558 7.Funi.Comeua,Belloursteruplum,
740 2493 765 2542 8.
778 2492 903 2540 Urbem
916 2490 1027 2556 Tigranis
1033 2505 1118 2554 regno.
1128 2489 1215 2554 Tigra·

152 2567 287 2632 siguificat,
310 2571 378 2630 eujus
394 2571 507 2619 sacerdos
523 2573 659 2633 majestate,
704 2577 820 2627 nocertu,
833 2569 882 2617 sive
898 2570 1213 2635 Tigranocertam,utrum·

151 2645 658 2714 imperioetpctentia‚secundusarege,
704 2665 751 2713 que
776 2651 840 2697 euim
861 2648 966 2708 dicitur,
987 2663 1060 2712 quam
1080 2647 1165 2696 urbem
1184 2647 1211 2694 in

151 2740 272 2774 uomeuau
291 2725 357 2775 illius
376 2728 453 2790 gentis
471 2727 620 2788 habebatur,
633 2739 661 2777 ut
703 2739 787 2776 moute
809 2726 968 2776 edificaverat
988 2727 1122 2790 Tigranes,
1149 2725 1212 2773 iuter

151 2804 185 2852 ait
196 2804 292 2859 Hirtius
314 2804 427 2860 debello
444 2806 624 2870 Aleaandriuo,
636 2821 661 2857 et
703 2808 784 2856 loutes
796 2807 901 2871 Tigridis
921 2817 945 2855 et
958 2818 1066 2856 montem
1088 2807 1214 2862 Taurum,

150 2883 279 2948 Appianas
291 2883 317 2930 lu
336 2881 385 2931 line
403 2885 578 2948 Mithridation
593 2885 661 2958 quod
703 2900 735 2932 ex
749 2901 794 2934 suo
814 2887 914 2933 nornine
926 2885 1071 2948 appellarat,
1085 2895 1109 2931 et
1121 2886 1147 2931 iu
1160 2899 1213 2930 eam

150 2959 236 3008 taam
246 2961 319 3009 etiam
331 2961 450 3024 ostendit,
462 2963 534 3028 epist.
548 2964 578 3013 ad
589 2965 661 3014 Cato·
704 2963 884 3027 copiosissimos
897 2979 1006 3026 quosque
1018 2974 1043 3009 et
1051 2961 1213 3025 locupletissi-

151 3053 214 3086 uem.
230 3039 320 3088 Strabo
338 3041 388 3097 duo
400 3041 520 3106 Coruaua,
539 3043 624 3092 eodem
637 3053 662 3092 et
704 3058 759 3089 mos
773 3041 848 3090 totius
861 3041 956 3106 imperii
971 3039 1008 3089 sui
1020 3041 1097 3097 uires,
1106 3037 1175 3103 quasi
1185 3037 1213 3086 iu

150 3116 217 3165 urbia
233 3130 259 3166 et
278 3119 361 3184 templi
382 3121 494 3180 nomine,
516 3121 595 3170 eidem
608 3121 660 3170 ders
704 3119 840 3180 coloniam,
862 3119 1009 3179 deduxerat3
1029 3135 1101 3182 quam
1115 3132 1211 3176 omues,

151 3193 228 3243 dicata
239 3197 264 3244 iu
272 3197 352 3245 Ponto
362 3209 385 3246 et
395 3199 519 3261 inMajore
528 3201 660 3266 Cappado·
703 3208 732 3248 ut
742 3199 793 3264 regi
804 3197 1006 3262 gratificaremur,
1021 3197 1131 3247 certatim
1140 3195 1213 3244 donis

151 3275 187 3321 cia
196 3275 271 3324 fuisse
281 3286 372 3334 narrat,
382 3277 400 3326 l.
410 3279 470 3328 XII.
478 3281 533 3328 Hoc
543 3280 660 3345 templum
703 3293 732 3325 ac
746 3277 886 3326 muneribus
895 3314 902 3338 ,
914 3277 1142 3343 pretiosissimisque
1160 3292 1214 3326 oru-

150 3354 280 3402 ablureua
298 3354 417 3420 direptum
436 3369 460 3406 et
472 3359 602 3424 spoliatum
611 3371 659 3420 est,
703 3355 775 3404 m'bus
790 3367 904 3404 ornarant
916 3367 987 3421 atque
1001 3357 1172 3415 instruxerant,
1184 3355 1211 3403 in

150 3440 178 3478 ut
187 3431 251 3480 Plut.
268 3431 292 3481 lv
306 3431 479 3497 παραλλήλοις,
494 3448 518 3486 et
530 3439 659 3503 Appisuus
703 3451 763 3501 qua,
773 3436 808 3485 ait
818 3435 973 3496 Plutarchus,
986 3447 1075 3502 preter
1084 3435 1142 3484 alias
1151 3450 1211 3498 opes

149 3506 176 3555 iu
185 3509 298 3560 Mithrid.
309 3511 412 3563 Murena
426 3533 470 3580 per
479 3517 658 3584 Cappadociam
702 3517 839 3576 immensae,
854 3517 998 3567 talentorum
1013 3528 1070 3566 octo
1081 3515 1155 3562 millia
1164 3515 1212 3561 Lu·

151 3589 268 3641 eununuo
289 3591 396 3643 &maus
414 3610 539 3660 aggressus
558 3595 659 3664 (urbem
703 3595 795 3644 eullum
807 3597 923 3661 reperisse
935 3607 1050 3660 constat,

152 3669 660 3740 mquaetttstntdntpmbannmaxi·
739 3690 763 3737 9.
786 3675 870 3723 Nimia
892 3673 1069 3742 longinquitate
1095 3671 1210 3719 locorum.

151 3761 227 3808 mam,
236 3749 263 3796 iu
272 3766 320 3814 qua
333 3751 470 3816 religiosum
478 3757 558 3804 fanum
568 3767 592 3805 et
601 3773 661 3821 opu·
703 3753 804 3804 Confert
817 3755 843 3802 iu
862 3754 963 3814 milites,
983 3749 1116 3818 quodvult
1129 3757 1211 3800 umen

150 3822 239 3874 lentum
248 3828 314 3894 erat)
323 3865 330 3889 ,
340 3833 431 3896 equites
440 3834 555 3897 quosdam
564 3833 661 3884 Mithri·
703 3833 734 3882 ad
748 3835 874 3883 Lucullum
888 3837 1007 3900 pertinere
1020 3829 1132 3893 intelligi.
1146 3827 1212 3882 Vide

151 3902 212 3952 datis
223 3907 360 3972 interfecit,
371 3909 484 3976 etlegatis
495 3915 570 3978 ipsius
579 3913 658 3964 toedus
702 3911 805 3962 Diouem
817 3930 846 3962 ea
860 3914 967 3978 reliquiis
975 3911 1031 3962 libri
1042 3911 1147 3958 XXXV.

151 3985 330 4045 proferentibus
338 3991 476 4054 ‚respondit
485 4009 509 4038 se
520 3991 598 4040 foedus
608 4010 657 4042 non
741 4009 779 4040 to.
795 3991 834 4042 Al.
843 4008 978 4056 processus.
992 3991 1016 4038 J·
1027 3991 1059 4036 V·
1069 3991 1096 4042 Ia.

152 4059 239 4112 videre.
265 4065 400 4129 Hegionem
424 4069 583 4133 depopulatus
607 4084 658 4130 est,
715 4111 722 4121 ,
741 4087 781 4118 11.
798 4068 1083 4129 Graeriusuonjic.suum
1093 4067 1211 4117 unimam.

153 4153 227 4204 utque
236 4161 250 4190 a
262 4145 334 4194 rebus
344 4149 417 4195 sacris
429 4148 553 4197 abstinuit.
704 4149 778 4199 Multi
790 4149 890 4198 nimium
903 4145 1017 4212 probant.
1032 4147 1057 4196 J.
1068 4147 1100 4195 V.
1114 4147 1140 4194 L.
