2962 4682
352 363 551 435 ORATIO
576 367 676 435 PRO
700 368 741 436 A.
768 365 1048 439 CLUENTIO.
1184 367 1231 465 89
1284 457 1294 476 Ι

165 489 297 585 gnavit.
319 485 435 558 Multa
455 501 630 584 pratereo
653 487 831 560 consulto.
854 488 998 560 Etenim
1019 511 1159 576 vereor,
1185 513 1233 563 ne

164 597 242 670 baec
266 597 346 695 ipsa
367 599 521 669 nimium
544 599 659 670 multa
685 621 762 671 esse
786 597 987 670 videantur.
1015 603 1091 671 Vos
1111 611 1234 672 tamen

163 731 249 780 eum
269 707 422 779 similem
442 709 498 780 sui
515 707 626 780 fuisse
648 713 687 780 in
710 710 837 780 ceteris
861 704 1035 807 quoque⁸
1052 709 1133 780 vitae
1150 734 1235 809 par-

163 817 264 890 tibus
284 821 488 890 existimare
510 815 660 891 debetis.
687 818 794 890 Illum
819 819 960 891 tabulas
985 817 1147 918 publicas
1164 824 1233 892 La-

163 930 236 999 rini
267 930 473 1000 censorias⁹
502 930 726 1028 corrupisse,
754 928 971 1005 decuriones
999 929 1158 1001 universi
1173 929 1235 1025 jn'·

164 1037 377 1110 dicaverunt
397 1047 440 1106 ¹⁰.
461 1040 553 1110 Cum
571 1038 634 1110 illo
650 1042 724 1134 jam
744 1063 855 1112 nemo
873 1041 1051 1109 rationem
1064 1049 1108 1127 ¹¹,
1124 1063 1235 1110 nemo

163 1172 243 1220 rem
270 1147 381 1220 ullam
403 1147 658 1238 contrahebat;
681 1173 791 1221 nemo
814 1149 917 1220 illum
942 1173 987 1220 ex
1011 1162 1084 1219 tam
1111 1148 1235 1221 multis

164 1260 327 1356 cognatis
363 1271 401 1330 et
428 1257 598 1331 affinibus
628 1274 786 1332 tutorem
811 1281 987 1356 nmquam
1013 1256 1133 1329 liberis
1161 1263 1236 1332 suis

164 1369 328 1466 scripsit3
356 1393 466 1441 nemo
498 1369 601 1440 illum
634 1367 751 1458 aditu,
786 1392 894 1440 nemo
907 1377 937 1412 ¹²
967 1369 1234 1465 congressione,

163 1503 275 1550 nemo
297 1503 486 1568 sermone,
513 1505 623 1552 nemo
651 1482 818 1552 convivio
847 1477 999 1574 dignum
1022 1475 1231 1573 judicabat:

164 1613 291 1660 omnes
305 1588 604 1688 aspernabantur,
621 1614 750 1662 omnes
766 1587 1031 1676 abhorrebant,
1051 1611 1178 1658 omnes
1192 1599 1235 1658 ut

164 1690 323 1795 aliquam
350 1701 547 1772 immanem
571 1725 613 1773 ac
636 1700 877 1799 perniciosam
902 1695 1054 1771 bestiam
1075 1712 1235 1796 pestem·

166 1831 240 1904 que
258 1805 459 1906 fugiebant.
479 1816 586 1880 Hunc
601 1825 723 1881 tamen
742 1810 929 1880 hominem
947 1823 1021 1879 tam
1040 1806 1234 1898 audacem,

163 1930 237 1988 tam
259 1915 456 2006 nefarium,
481 1931 554 1989 tarn
575 1933 790 2005 nocentem,
815 1941 1016 2016 numquam
1034 1932 1237 1991 accusasset

163 2028 309 2115 Avitus,
321 2027 481 2123 judices,
500 2030 530 2100 si
548 2026 585 2099 id
600 2030 895 2127 praeterrnittere,
909 2027 1008 2098 salvo
1020 2028 1134 2122 capite
1148 2053 1234 2117 suo,

163 2138 350 2233 potuisset.
365 2143 451 2209 Erat
468 2136 554 2209 hnic
572 2138 738 2210 inimicus
754 2138 995 2236 Oppianicus,
1016 2135 1154 2227 erat¹³;
1170 2139 1235 2212 sed

164 2257 286 2317 tamen
311 2260 389 2318 crat
412 2247 571 2318 vitricus.
598 2246 763 2320 Crudelis
787 2262 824 2319 et
845 2247 930 2318 huic
950 2243 1078 2318 infesta
1100 2263 1235 2342 mater3

164 2367 324 2427 attamen
343 2368 469 2430 mater.
488 2361 676 2430 Postremo
697 2357 790 2429 nibil
810 2373 884 2430 tam
905 2371 1089 2429 remotum
1112 2357 1158 2430 ab
1177 2383 1236 2432 ac·

165 2465 370 2553 cusationc,
390 2490 500 2564 quam
519 2467 727 2558 Cluentius,
745 2484 783 2540 et
800 2484 949 2556 natura,
976 2484 1013 2540 et
1030 2468 1236 2559 voluntate,

164 2588 200 2646 et
215 2576 380 2648 instituta
395 2577 534 2649 ratione
552 2579 642 2648 vitae.
663 2580 733 2651 Sed
748 2603 861 2676 quum
881 2594 976 2652 esset
992 2579 1068 2652 haec
1086 2579 1137 2650 illi
1152 2603 1234 2679 pro·

163 2689 283 2784 posita
304 2686 484 2776 conditio,
502 2700 545 2772 ut
561 2704 625 2762 aut
638 2690 736 2786 juste
748 2693 781 2742 ¹4
799 2691 932 2788 pieque
950 2705 1153 2780 accusaret,
1171 2706 1235 2763 aut

164 2794 295 2868 acerbe
333 2795 555 2895 indigneque
592 2814 819 2885 moreretur;
858 2823 1046 2888 accusare,
1081 2825 1234 2899 quoquo

163 2907 277 2982 modo
289 2906 323 2952 ¹⁵
340 2923 482 3007 posset,
505 2933 617 3005 quarn
636 2911 700 2981 illo
717 2909 829 2982 modo
848 2912 982 2997 emori,
1002 2909 1139 2980 maluit.

200 3165 225 3213 8.
252 3165 348 3212 Ernett.
375 3163 439 3213 delet
460 3179 564 3229 quoque.
590 3163 676 3213 Paullo
759 3153 1236 3214 13.s‹=hiita.ttmeat.duee,altamn

164 3243 242 3303 infra,
256 3243 316 3292 olim
326 3241 447 3293 debebitis.
459 3244 485 3292 J.
495 3246 526 3292 V.
538 3245 566 3292 L.
722 3238 910 3304 cratapnnait.
920 3239 992 3284 Forte
1003 3235 1089 3284 levina.
1103 3237 1128 3284 J.
1137 3236 1168 3283 V.
1178 3237 1206 3285 1..

200 3339 226 3386 9.
241 3322 376 3372 consonas.
389 3322 570 3387 lnmnnicipiia
579 3337 678 3386 qnoque
761 3325 800 3373 rt.
831 3320 907 3366 laste.
939 3318 1043 3385 Propter
1069 3315 1235 3380 Oppianicum

164 3405 281 3453 censorin
303 3401 352 3450 illa·
372 3401 499 3450 excubant
521 3399 629 3460 tabnlae,
651 3403 678 3449 in
722 3396 778 3445 vita
801 3395 964 3446 insidiantem.
987 3421 1023 3432 -
1046 3393 1098 3443 Pie.
1121 3398 1183 3460 Erga
1209 3413 1235 3445 ee

164 3497 224 3548 qnae
237 3498 313 3531 cenen
327 3493 439 3546 peraeto,
454 3481 536 3530 omnia
550 3479 679 3545 diligenter
721 3477 814 3542 ipsum,
830 3493 886 3542 erga
904 3477 1022 3542 patriam,
1041 3489 1097 3538 erga
1116 3482 1155 3523 tot
1170 3475 1235 3521 cirea

164 3563 320 3611 referrentur.
334 3589 370 3600 -
382 3561 536 3610 Decor-iones.
549 3561 678 3609 Lat-inice·
721 3556 852 3621 Oppianici
873 3555 957 3604 frande
984 3556 1152 3616 interemptos.
1170 3553 1235 3599 Toto

165 3649 277 3697 natorea3
292 3639 484 3703 municipiorum
498 3639 563 3686 enirn
580 3649 677 3687 aenato-
721 3635 770 3684 boo
777 3636 835 3686 loco
841 3646 905 3683 errat
913 3633 1062 3692 Gronovius,
1068 3631 1111 3695 qni
1118 3629 1237 3678 excidisse

164 3717 234 3766 ribna
246 3717 307 3767 illnd
320 3733 410 3767 nomen
424 3717 535 3767 dabatur.
721 3717 857 3779 negativam
881 3715 969 3772 ratna,
989 3711 1090 3771 oonjicit
1115 3731 1129 3752 ι
1149 3725 1236 3774 pamm

203 3811 244 3844 ro.
260 3797 438 3846 Italicarum.
456 3794 561 3844 Publieo
578 3795 678 3844 decreto
719 3794 815 3856 inste».

163 3877 363 3941 pronuntiarunt.
760 3874 800 3921 15.
812 3875 912 3936 Quoquo
921 3869 1002 3917 modo.
1011 3868 1104 3917 Conna
1112 3875 1234 3926 naturam,

203 3971 242 4007 rr.
257 3956 395 4006 monera.
409 3955 457 4004 ltei
469 3954 624 4018 pecuniaria.
722 3963 807 4000 contra
823 3950 970 3998 voluntatem
987 3961 1015 3994 ac
1028 3946 1161 3994 institutam
1175 3947 1233 3996 vitu

202 4051 241 4084 ra.
261 4035 340 4083 Neam
353 4033 529 4100 congressione.
543 4033 602 4094 Ejna
619 4048 678 4082 con-
723 4031 856 4087 rationem
875 4028 918 4076 sed
936 4027 983 4074 boc
1007 4041 1059 4074 nno
1080 4025 1183 4075 coneilio
1205 4035 1235 4076 nt

166 4129 271 4177 grecam
283 4113 402 4162 vitabant.
724 4111 799 4158 vitam
813 4109 844 4158 ab
859 4106 953 4156 insidiis
967 4115 1081 4154 cervam.
