2976 4670
253 353 326 422 (ito
428 345 800 422 OBSERVATIONES
824 343 1157 416 APOLOGETICAE

253 491 351 563 atque
379 471 521 539 honesto
548 469 702 557 fungerer
725 489 902 548 munere-3
927 483 977 543 at,
1000 489 1068 532 non
1090 463 1245 532 idoneam
1269 467 1334 532 sibi

252 581 331 644 huic
347 573 569 666 respondendi
582 571 784 660 cavendique
802 573 930 639 muneri
954 573 1122 638 scientium
1140 595 1230 654 esse,
1247 573 1336 660 opti-

253 709 307 755 me
324 699 481 750 noverat:
512 713 525 737 ι
538 681 645 761 Quam
660 678 704 742 ob
721 700 790 742 rem
804 677 868 764 (ι),
892 701 961 765 quo
977 701 1031 744 me
1047 678 1236 744 rocsslsut
1250 677 1334 766 qnid

252 788 416 861 hortaris?
430 805 469 854 ut
483 785 609 855 libellos
625 782 796 851 conficiam
811 783 852 848 de
870 783 1107 852 stillicidionsm
1124 807 1162 850 sc
1172 783 1214 849 de
1224 784 1334 873 perie-
1416 767 1420 774 ¹

252 914 325 968 tum
346 893 446 978 jure?
468 909 527 960 aut
557 908 596 959 ut
623 890 872 978 stipulationum
895 906 928 957 et
949 889 1149 970 judiciorum
1174 891 1334 956 formulas

251 999 494 1092 componam?-
516 999 584 1067 Alia
602 999 636 1065 in
653 1013 803 1078 oratore,
821 997 882 1065 alia
899 997 934 1062 in
950 996 1204 1076 jurisconsulto,
1221 998 1335 1064 stricte

253 1113 300 1176 sic
315 1108 422 1186 dicto,
436 1106 551 1196 peritia
568 1103 811 1192 requirebatur,
827 1119 885 1170 aut
901 1104 991 1170 testis
1007 1120 1057 1170 est
1067 1105 1234 1170 Tullianus
1244 1106 1336 1170 Cras·

252 1240 309 1288 sus
324 1214 382 1305 (a).
398 1213 588 1280 «Senectuti
607 1233 683 1281 vero
699 1210 900 1279 celebrandas
919 1226 953 1276 et
974 1211 1130 1278 ornsndsc
1156 1211 1246 1301 quod
1269 1212 1336 1275 ho·

253 1323 378 1396 oestius
401 1335 510 1410 potest
538 1339 608 1390 estc
631 1318 837 1406 perfugium,
861 1339 961 1404 qustu
984 1318 1065 1398 juris
1087 1318 1337 1408 interpretatio?

252 1427 415 1520 Equidem
437 1426 519 1497 mihi
536 1425 602 1494 hoc
617 1421 800 1491 subsidium
815 1423 882 1504 jam
899 1424 941 1492 sb
957 1423 1175 1490 adolescentia
1197 1447 1335 1512 eompa-

253 1537 339 1620 rari,
369 1557 437 1606 nou
455 1533 563 1606 tolum
579 1529 619 1598 ad
638 1551 826 1600 caussarum
851 1553 948 1600 usum
964 1530 1144 1616 forensem,
1159 1529 1331 1596 sedetiam

253 1643 296 1710 ad
324 1642 425 1712 decus
447 1656 547 1728 atque
573 1653 805 1705 ornsmcntum
837 1638 1034 1714 senectutis,
1064 1655 1123 1720 nt,
1152 1660 1255 1726 quum
1280 1659 1337 1702 nse

254 1751 339 1819 sires
351 1743 464 1838 (quod
480 1745 548 1812 lere
558 1745 625 1824 jam
642 1759 772 1832 ternpus
787 1741 976 1830 adventat),
989 1741 1126 1814 deficere
1141 1743 1335 1832 amputent,

256 1857 316 1922 ista
332 1854 373 1920 ab
392 1851 569 1924 solitudine
585 1849 723 1918 domum
741 1871 846 1916 meum
864 1848 1063 1918 vindicarem
1081 1849 1093 1936 (
1116 1851 1157 1940 )·.

302 1961 416 2044 Quum
433 1957 534 2046 igitur
552 1955 700 2037 Servius,
721 1955 813 2036 cujus
835 1954 1062 2020 inscribendo
1084 1955 1275 2044 «elegantis
1302 1971 1339 2019 et

257 2062 428 2138 subtilitati
445 2083 480 2128 se
497 2059 590 2130 facile
606 2057 739 2141 cedere,
759 2081 820 2126 uec
835 2059 899 2124 hoc
912 2069 1131 2146 stpmus'nnos,
1147 2057 1278 2128 dicebat
1288 2060 1339 2144 (4)

257 2173 389 2242 Marcus
403 2185 531 2249 noster,
539 2167 621 2248 juris
636 2166 681 2232 illi
694 2165 809 2254 peritia
821 2165 1044 2246 antecelleret,
1063 2163 1198 2254 quidam
1223 2183 1338 2230 contra

258 2279 310 2359 jus
334 2276 427 2341 civile
447 2290 479 2339 et
495 2294 609 2337 omnes
628 2273 722 2335 JCtos
739 2271 924 2335 stomachus
944 2273 973 2336 ei
996 2287 1106 2335 motus
1129 2271 1339 2360 videtur(5);

261 2407 359 2465 narn,
376 2397 434 2462 ut,
452 2401 529 2443 mox
545 2377 769 2441 demonstrare
789 2377 948 2460 conabor,
971 2399 1039 2442 non
1055 2375 1210 2444 adversus
1229 2378 1338 2442 solum

261 2487 462 2576 Sulpicium,
478 2483 548 2570 ipso
562 2480 745 2545 adversario
756 2479 865 2565 jndice
882 2482 1026 2546 criminis
1044 2483 1270 2568 innocentem,
1281 2483 1338 2548 sed

263 2610 377 2660 contra
400 2589 590 2653 universum
614 2588 771 2651 JCtorum
796 2585 963 2674 ordinem,
987 2605 1156 2680 totamque
1176 2590 1341 2682 jurispru-

265 2700 427 2779 dentiam,
441 2696 597 2759 instructa
622 2693 684 2756 luit
695 2693 770 2775 ista,
787 2715 886 2780 quam
903 2710 1047 2758 evertere
1065 2693 1254 2778 studemus,
1274 2719 1342 2764 ma·

266 2807 371 2876 chine.
389 2803 422 2868 si
439 2801 512 2892 quis
526 2815 635 2865 autem
653 2797 801 2880 dubitet,
816 2823 858 2864 an
874 2823 910 2864 re
926 2823 1001 2871 vera
1013 2800 1089 2870 alibi
1101 2823 1236 2890 quoque
1248 2803 1343 2882 justi·

300 3009 343 3080 (ι)
361 3011 399 3063 De
411 3009 485 3076 Lsgg.
497 3003 541 3054 lih.
555 3005 584 3060 1,
597 3017 650 3068 cap.
661 3003 686 3064 4.
702 2974 707 2990 ⁸

304 3107 343 3176 (n)
356 3109 393 3154 Dc
406 3106 476 3152 Orat.
492 3100 536 3149 lib.
549 3101 573 3160 l,
592 3114 646 3163 cap.
661 3097 702 3156 45.
737 3171 740 3178 Δ

305 3205 344 3272 (3)
361 3203 441 3258 Mults
461 3211 592 3266 preterca.
614 3207 642 3250 ut
666 3195 810 3250 ciceronem
829 3197 1047 3259 jurisconsultus,
1066 3201 1150 3252 stricte
1170 3204 1205 3250 sie
1228 3201 1340 3261 decus,

270 3298 344 3352 tuisse
356 3290 479 3358 probent,
492 3288 598 3340 slfssnnt
611 3287 666 3336 W.
682 3285 737 3335 DD.
749 3295 777 3334 st
794 3301 815 3334 a.
830 3301 853 3336 e.
875 3287 944 3351 qnod
965 3304 979 3336 s
1006 3303 1076 3338 orsus
1098 3287 1197 3338 redisse
1208 3289 1342 3352 Tutatio,

271 3385 315 3450 qni
328 3384 391 3437 tuter
400 3376 508 3443 scyphos
520 3373 557 3428 illi
566 3374 683 3432 illussrst,
695 3383 721 3420 et
731 3370 825 3424 nullum
835 3373 924 3422 JCtnsn
937 3374 1181 3442 dirsrstscrlpsisss,
1194 3379 1283 3443 «qnod
1295 3380 1346 3426 tes»

272 3486 325 3525 tum
337 3479 408 3523 sntea
421 3465 512 3518 tectum
524 3471 600 3522 cml,
612 3459 672 3511 furti
686 3470 751 3512 mle
764 3473 835 3524 twa
848 3477 920 3524 possa
938 3461 1057 3512 ltersdsrn
1066 3485 1097 3525 ι,
1115 3465 1195 3514 n'llsns
1206 3467 1286 3516 entim
1299 3479 1345 3514 sn·

271 3557 425 3620 nsonutibos
435 3553 500 3606 dion
511 3565 567 3612 sus,
584 3551 643 3604 liert
654 3549 717 3602 bsns
726 3559 815 3614 nnus,
825 3551 936 3615 proberis
944 3553 992 3619 tut
1003 3555 1060 3602 niv.
1073 3553 1117 3610 ut.
1128 3559 1186 3616 Vll,
1196 3557 1266 3622 epus.
1282 3559 1346 3618 n);
1454 3593 1455 3598 ,

273 3651 329 3703 side
343 3644 438 3702 Schult·
451 3658 477 3706 p·
490 3641 550 3694 ads·
562 3637 610 3690 Ssd
619 3637 738 3702 quitus}
749 3637 904 3710 mediocriter
917 3639 943 3694 in
953 3641 1054 3691 ωἰωῆι
1067 3644 1149 3708 sliqu.
1165 3655 1283 3704 m,
1300 3645 1348 3694 ,fi

272 3735 333 3805 quid
347 3733 409 3784 scitu
420 3745 483 3799 opus
496 3728 536 3786 sit,
548 3727 575 3776 iu
585 3725 665 3786 libris,
674 3726 798 3778 insuuotae
811 3728 944 3790 presertim
958 3728 1117 3782 bibliothece
1128 3765 1136 3792 ,
1147 3734 1272 3798 exquirere
1282 3733 1348 3784 illud

273 3823 396 3891 nequem?
414 3820 586 3872 chtuostssts
599 3825 666 3868 ctttt
679 3813 765 3878 peritis
779 3815 897 3878 utimur,
908 3827 936 3866 nt
949 3817 976 3866 id
989 3819 1068 3884 possis
1077 3823 1227 3885 ,msurls
1240 3819 1347 3876 rident.

308 3921 348 3987 (s)
366 3917 406 3968 Ad
419 3915 477 3964 Diu.
491 3911 536 3962 lib.
550 3913 596 3974 tv,
614 3911 722 3976 epistt.

307 4015 346 4082 (5)
365 4016 483 4074 «Itaque,
493 4009 513 4056 si
526 4007 606 4069 mihi,
621 4005 714 4060 homini
728 4000 884 4056 vebs-enter
892 4021 1032 4075 occupato,
1045 4011 1197 4062 stcmchnsn
1208 4013 1347 4072 novesltis,

272 4105 354 4154 triduo
366 4117 405 4148 me
416 4095 618 4159 jurisconsultum
628 4111 679 4142 esse
692 4091 862 4159 profitebor»,
874 4112 920 4162 pro
930 4097 1050 4160 liumus,
1064 4115 1118 4166 esp.
1132 4103 1172 4150 ιδ.
