2988 4668
281 398 350 470 580
439 396 819 468 ,OBSERVATIONES
844 395 1174 464 APOLOGETICAE

278 519 428 593 habuisse
450 534 574 608 putem.
597 518 674 582 Fuit
697 516 777 580 'civis
806 517 915 604 pauiae
937 537 1003 580 sure
1021 515 1261 580 amantissimus
1281 517 1340 603 (1),

277 647 368 718 pater
384 627 492 692 liberie
505 623 822 713 indulgentissimus,
842 623 964 686 amicus
980 623 1139 704 sincerus,
1158 644 1271 686 omnes
1287 622 1341 686 ad·

274 733 409 816 jurandi
431 731 585 820 cupidum
608 729 735 794 virtutis
749 752 879 811 amans,
896 730 971 793 vitia
987 744 1020 792 et
1038 727 1167 794 fraudes
1189 749 1340 817 perosus,

278 843 396 908 laboris
415 840 553 928 patiens,
575 838 718 918 sobrius,
736 837 839 901 alieno
856 837 1038 917 abstinens,
1059 835 1212 918 liberalis,
1229 835 1342 900 affabi-

277 947 333 1028 lia,
349 945 441 1010 lenia.
457 944 548 1020 Fuit,
570 965 641 1008 uno
658 941 759 1008 rerbo
774 953 866 1030 (quo
882 940 951 1004 leus
966 938 1096 1004 ridetur
1112 941 1287 1029 maxima),
1303 938 1341 1004 ad

276 1053 463 1119 societatem
480 1065 574 1114 uatus
597 1073 610 1113 :-
622 1047 680 1112 sed
700 1047 763 1111 fuit
780 1049 901 1129 homo,
924 1069 985 1112 neo
1009 1047 1146 1111 humani
1164 1045 1339 1134 quidquam

276 1159 320 1222 ab'
333 1179 373 1222 ec
388 1153 531 1222 alienum
547 1153 646 1221 irritae
659 1151 828 1236 fatendum
842 1169 900 1216 est.

310 1265 395 1330 *Hae
411 1260 452 1328 de
464 1283 507 1326 ‚re
522 1257 932 1348 opermneminemfore,
950 1261 1008 1346 qui
1025 1259 1106 1322 vitio
1126 1257 1207 1321 mihi
1224 1273 1341 1336 vertat,

276 1370 303 1433 ei
320 1391 374 1450 aa,
389 1387 462 1456 qnae
475 1365 520 1432 ad
537 1367 693 1430 lCtornm
711 1386 856 1428 canaram
875 1363 966 1428 dictu
981 1363 1181 1430 ridebuntur
1197 1385 1342 1430 necessa·

275 1474 338 1556 ria,
360 1469 497 1539 candide
514 1489 547 1536 et
570 1486 680 1559 aperte
699 1471 733 1533 in
759 1471 950 1535 Ciceronem
969 1469 1097 1552 dixero,
1120 1471 1177 1558 qui
1200 1472 1269 1560 ipse
1290 1472 1342 1533 «in

274 1577 471 1668 disputando
485 1577 532 1667 (a)
552 1599 649 1644 suum
662 1575 821 1657 judicium
839 1577 1053 1664 sequebatur,
1066 1578 1253 1642 auctoritati
1266 1575 1341 1641 alio·

273 1709 348 1754 rum
366 1707 435 1754 non
453 1683 585 1772 parebat
596 1715 627 1764 »,
648 1705 732 1771 soepe
749 1705 805 1746 eos
826 1685 1028 1772 vituperans,
1045 1682 1131 1773 apud
1147 1705 1231 1772 quos
1251 1700 1342 1748 utau-

274 1808 346 1856 tum
364 1790 475 1880 opinio
492 1788 696 1879 praejudicata
712 1806 844 1878 poterat
855 1789 918 1877 (3),
937 1805 975 1853 ut
992 1790 1088 1853 etiam
1113 1790 1184 1853 sine
1211 1789 1337 1854 ratione

274 1899 394 1962 valeret
416 1896 622 1960 auctoritas».
650 1895 701 1958 Ne
717 1895 825 1976 enim,
846 1911 905 1958 aut
920 1896 1114 1984 plerumque
1138 1894 1174 1959 lit
1193 1895 1258 1982 (4),
1284 1915 1342 1984 pro

276 2003 504 2068 disserentium
525 2001 667 2082 viribus,
698 2017 731 2066 et
753 2001 947 2089 eloquentie
970 2017 1145 2090 potestate,
1169 2003 1342 2090 perspicue¹

276 2129 409 2196 quoque
428 2107 568 2172 veritatis
591 2104 735 2170 conditio
753 2121 917 2190 mutetur,
943 2129 1011 2172 non
1030 2123 1096 2172 tam
1121 2125 1273 2184 auctores
1298 2105 1342 2196 (5)

275 2217 309 2278 in
330 2212 548 2302 disputandO,
567 2232 672 2300 quam
692 2213 826 2276 rationis
849 2217 1015 2278 momenta
1041 2213 1216 2301 quaerenda
1243 2230 1341 2277 sunt:

276 2319 462 2408 quinetiam
478 2318 571 2383 obest
586 2318 778 2407 plerumque
791 2319 845 2400 iis,
864 2319 920 2407 qui
937 2318 1060 2384 discere
1082 2319 1198 2384 volunt
1210 2368 1220 2404 ,
1232 2336 1343 2384 aucto-

277 2426 355 2490 ritas
380 2445 512 2503 eorum,
539 2420 595 2509 qui
615 2445 648 2488 se
671 2420 787 2512 docere
812 2423 1008 2513 profitentur
1031 2448 1039 2490 :
1064 2424 1220 2490 desinunt
1248 2449 1340 2489 suum

276 2529 435 2610 judicium
459 2527 627 2610 adhibere,-
650 2527 684 2592 id
706 2529 830 2594 hebent
851 2546 974 2611 ratum,
995 2531 1086 2619 quod
1107 2531 1149 2596 ab
1172 2555 1230 2613 eo,
1247 2553 1342 2620 quem

280 2635 437 2723 probant,
451 2632 632 2714 judicatum
648 2632 791 2699 vident».
808 2637 932 2723 Atque,
944 2653 1001 2699 «ut
1015 2636 1095 2701 illud
1111 2653 1160 2700 est
1171 2636 1217 2724 (6)
1232 2637 1342 2725 praeci·

279 2763 345 2830 pue
362 2740 397 2802 in
416 2739 603 2828 cognitione
620 2741 728 2804 rorum
745 2741 872 2805 salubre
894 2765 932 2805 ac
952 2741 1163 2832 frugiferum,
1185 2743 1292 2807 omnis
1313 2758 1342 2807 te

281 2845 419 2933 exempli
439 2843 634 2928 documentd
654 2845 689 2908 in
710 2845 825 2910 illustri
852 2847 956 2935 posita
974 2863 1190 2913 monumento
1211 2847 1342 2926 intueri,

281 2945 406 3040 tibique
418 2949 495 3046 inde
506 2953 620 3037 capere
634 2947 725 3046 ¹quod
738 2941 908 3034 imiteris»,
925 2953 972 3028 ita
980 2953 1123 3017 virorum
1137 2977 1342 3043 magnorum,

281 3044 422 3146 duorum
441 3056 537 3120 nobis
558 3038 664 3144 imago
684 3058 718 3120 iu
735 3057 871 3122 aliorum
886 3059 1072 3147 ipsorumve
1089 3059 1215 3149 scriptis
1231 3059 1343 3148 depin-

280 3163 382 3251 gitur,
400 3183 548 3250 quosque
564 3163 726 3243 venerari,
743 3178 790 3245 et,
806 3163 881 3227 licet
896 3187 915 3227 e
929 3165 1127 3253 longinquo,
1144 3166 1235 3253 sequi
1250 3163 1342 3231 dehe-

281 3280 368 3350 mus,
389 3268 466 3331 vitia
489 3291 508 3331 a
528 3267 700 3332 virtutibus
724 3268 902 3356 prudenter
929 3285 1006 3335 sunt
1029 3265 1260 3352 discernenda,
1286 3293 1340 3349 ne,

281 3373 358 3440 falsa
374 3371 479 3468 specie
496 3356 614 3459 delusi,
628 3373 749 3455 judicia
765 3394 875 3442 nostra
891 3377 932 3442 ad
947 3377 1090 3444 fallacem
1107 3401 1253 3446 normam
1270 3377 1342 3442 diri·

314 3627 354 3696 (ι)
369 3630 429 3679 vid.
442 3629 481 3679 el.
496 3629 631 3694 Schulting.
646 3631 676 3678 de
687 3631 778 3696 Jurirp.
789 3632 840 3680 Cic.
849 3649 905 3698 pag.
916 3635 974 3688 aad.

315 3713 354 3780 (a)
371 3715 409 3761 De
420 3715 494 3777 Legg.
506 3711 551 3762 lib.
562 3715 588 3772 1,
601 3714 657 3778 cup.¹
674 3706 972 3766 13.⁴Vid.'etiem'Acad.
985 3714 1028 3768 lib.
1044 3721 1083 3782 ll,
1096 3737 1137 3770 aen
1156 3723 1239 3786 potius
1257 3719 1340 3770 Lucul-

278 3796 329 3844 lum
340 3830 348 3856 ,
361 3811 414 3860 cap.
428 3796 496 3858 3,in
509 3796 574 3844 mod.

314 3877 352 3941 (3)
371 3881 407 3926 De
421 3879 479 3927 Nat.
498 3881 571 3928 Deor.
591 3879 634 3928 lib.
646 3883 673 3938 l,
688 3898 742 3945 cup.
759 3883 783 3930 5.

300 3959 350 4023 ¹(t)
365 3961 519 4010 Minno‘Fel.
533 3979 587 4026 cepa
603 3971 633 4020 rt
647 3977 655 4023 ¹,
668 3979 721 4027 pag.
737 3967 799 4024 ιδῃ
811 3965 852 4014 cd.
863 3967 974 4015 Gronov.
1053 3955 1056 3968 '

313 4045 351 4108 (5)
368 4045 423 4094 Cio.
439 4045 538 4104 deNat.
548 4047 622 4098 Duor·
638 4047 663 4096 d.
675 4048 692 4094 Ι,

313 4127 350 4194 (6)
367 4127 449 4175 Lirim
461 4129 487 4176 in
499 4129 636 4192 Procerum,
649 4131 692 4178 lib.
706 4135 728 4179 1.
