<?xml version="1.0" encoding="UTF-8"?>
<!DOCTYPE html PUBLIC "-//W3C//DTD XHTML 1.0 Transitional//EN"
    "http://www.w3.org/TR/xhtml1/DTD/xhtml1-transitional.dtd">
<html xmlns="http://www.w3.org/1999/xhtml" xml:lang="en" lang="en">
 <head>
  <title>
</title>
<meta http-equiv="Content-Type" content="text/html;charset=utf-8" />
  <meta name='ocr-system' content='tesseract 3.04.00' />
  <meta name='ocr-capabilities' content='ocr_page ocr_carea ocr_par ocr_line ocrx_word'/>
</head>
<body>
  <div class='ocr_page' id='page_1' title='image "./mtciceronisquae00lemagoog_0513.png"; bbox 0 0 3026 4680; ppageno 0'>
   <div class='ocr_carea' id='block_1_1' title="bbox 265 336 1003 448">
    <p class='ocr_par' dir='ltr' id='par_1_1' title="bbox 265 336 1003 448">
     <span class='ocr_line' id='line_1_1' title="bbox 265 336 1003 448; baseline -0.004 -13"><span class='ocrx_word' id='word_1_1' title='bbox 265 361 335 448; x_wconf 74' lang='lat'><strong>504</strong></span> <span class='ocrx_word' id='word_1_2' title='bbox 585 336 698 432; x_wconf 73' lang='lat' dir='ltr'><strong>mu.</strong></span> <span class='ocrx_word' id='word_1_3' title='bbox 725 363 1003 434; x_wconf 79' lang='lat' dir='ltr'><strong>c1cuaou1s</strong></span> 
     </span>
    </p>
   </div>
   <div class='ocr_carea' id='block_1_2' title="bbox 218 480 1359 2333">
    <p class='ocr_par' dir='ltr' id='par_1_2' title="bbox 218 480 1359 2333">
     <span class='ocr_line' id='line_1_2' title="bbox 264 480 1326 582; baseline 0.002 -24"><span class='ocrx_word' id='word_1_4' title='bbox 264 483 389 558; x_wconf 89' lang='lat' dir='ltr'><strong>eadem</strong></span> <span class='ocrx_word' id='word_1_5' title='bbox 401 505 531 582; x_wconf 86' lang='lat' dir='ltr'><strong>precor</strong></span> <span class='ocrx_word' id='word_1_6' title='bbox 542 480 588 553; x_wconf 92' lang='lat' dir='ltr'><strong>ab</strong></span> <span class='ocrx_word' id='word_1_7' title='bbox 602 480 728 554; x_wconf 89' lang='lat' dir='ltr'><strong>iisdem</strong></span> <span class='ocrx_word' id='word_1_8' title='bbox 742 480 811 572; x_wconf 81' lang='lat' dir='ltr'><strong>diis</strong></span> <span class='ocrx_word' id='word_1_9' title='bbox 824 481 1087 554; x_wconf 82' lang='lat' dir='ltr'><strong>immortalibus</strong></span> <span class='ocrx_word' id='word_1_10' title='bbox 1100 483 1150 556; x_wconf 95' lang='lat' dir='ltr'><strong>ob</strong></span> <span class='ocrx_word' id='word_1_11' title='bbox 1163 485 1326 581; x_wconf 88' lang='lat' dir='ltr'><strong>ejusdem</strong></span> 
     </span>
     <span class='ocr_line' id='line_1_3' title="bbox 264 590 1359 686; baseline 0.003 -20"><span class='ocrx_word' id='word_1_12' title='bbox 264 595 421 666; x_wconf 88' lang='lat' dir='ltr'><strong>hominis</strong></span> <span class='ocrx_word' id='word_1_13' title='bbox 431 593 659 666; x_wconf 89' lang='lat' dir='ltr'><strong>consulatum</strong></span> <span class='ocrx_word' id='word_1_14' title='bbox 676 617 848 664; x_wconf 89' lang='lat' dir='ltr'><strong>unacum</strong></span> <span class='ocrx_word' id='word_1_15' title='bbox 864 590 1269 686; x_wconf 67' lang='lat' dir='ltr'><strong>salutessobtiuendum,</strong></span> <span class='ocrx_word' id='word_1_16' title='bbox 1288 613 1328 669; x_wconf 91' lang='lat' dir='ltr'><strong>et</strong></span> <span class='ocrx_word' id='word_1_17' title='bbox 1354 615 1359 622; x_wconf 82' lang='lat'><em>&#39;</em></span> 
     </span>
     <span class='ocr_line' id='line_1_4' title="bbox 265 703 1326 802; baseline 0.001 -26"><span class='ocrx_word' id='word_1_18' title='bbox 265 719 306 776; x_wconf 91' lang='lat' dir='ltr'><strong>ut</strong></span> <span class='ocrx_word' id='word_1_19' title='bbox 317 718 443 776; x_wconf 80' lang='lat' dir='ltr'><strong>vestrae</strong></span> <span class='ocrx_word' id='word_1_20' title='bbox 456 717 594 776; x_wconf 88' lang='lat' dir='ltr'><strong>mentes</strong></span> <span class='ocrx_word' id='word_1_21' title='bbox 612 717 722 800; x_wconf 88' lang='lat' dir='ltr'><strong>atque</strong></span> <span class='ocrx_word' id='word_1_22' title='bbox 735 703 921 774; x_wconf 76' lang='lat' dir='ltr'><strong>sententia</strong></span> <span class='ocrx_word' id='word_1_23' title='bbox 938 727 1021 774; x_wconf 93' lang='lat' dir='ltr'><strong>cum</strong></span> <span class='ocrx_word' id='word_1_24' title='bbox 1040 705 1166 802; x_wconf 92' lang='lat' dir='ltr'><strong>populi</strong></span> <span class='ocrx_word' id='word_1_25' title='bbox 1183 709 1326 776; x_wconf 86' lang='lat' dir='ltr'><strong>romani</strong></span> 
     </span>
     <span class='ocr_line' id='line_1_5' title="bbox 262 809 1326 913; baseline 0.004 -29"><span class='ocrx_word' id='word_1_26' title='bbox 262 811 535 885; x_wconf 84' lang='lat' dir='ltr'><strong>voluntatibus⁷</strong></span> <span class='ocrx_word' id='word_1_27' title='bbox 563 809 812 910; x_wconf 82' lang='lat' dir='ltr'>suffragiisque</span> <span class='ocrx_word' id='word_1_28' title='bbox 843 815 1097 901; x_wconf 86' lang='lat' dir='ltr'><strong>consentiant,</strong></span> <span class='ocrx_word' id='word_1_29' title='bbox 1129 839 1240 913; x_wconf 86' lang='lat' dir='ltr'><strong>eaque</strong></span> <span class='ocrx_word' id='word_1_30' title='bbox 1266 840 1326 888; x_wconf 85' lang='lat' dir='ltr'><strong>res</strong></span> 
     </span>
     <span class='ocr_line' id='line_1_6' title="bbox 262 921 1324 1022; baseline 0.002 -27"><span class='ocrx_word' id='word_1_31' title='bbox 262 923 380 1013; x_wconf 89' lang='lat' dir='ltr'><strong>vobis,</strong></span> <span class='ocrx_word' id='word_1_32' title='bbox 403 921 615 1022; x_wconf 80' lang='lat' dir='ltr'>populoque</span> <span class='ocrx_word' id='word_1_33' title='bbox 642 946 813 1010; x_wconf 90' lang='lat' dir='ltr'><strong>romano,</strong></span> <span class='ocrx_word' id='word_1_34' title='bbox 837 947 984 1020; x_wconf 85' lang='lat' dir='ltr'><strong>pacem,</strong></span> <span class='ocrx_word' id='word_1_35' title='bbox 1004 924 1324 1021; x_wconf 85' lang='lat' dir='ltr'><strong>tranquillitatem,</strong></span> 
     </span>
     <span class='ocr_line' id='line_1_7' title="bbox 262 1029 1327 1129; baseline 0.001 -24"><span class='ocrx_word' id='word_1_36' title='bbox 262 1035 395 1123; x_wconf 91' lang='lat' dir='ltr'><strong>otium,</strong></span> <span class='ocrx_word' id='word_1_37' title='bbox 414 1032 717 1129; x_wconf 85' lang='lat' dir='ltr'><strong>concordiamque</strong></span> <span class='ocrx_word' id='word_1_38' title='bbox 738 1029 873 1103; x_wconf 84' lang='lat' dir='ltr'><strong>afferat.</strong></span> <span class='ocrx_word' id='word_1_39' title='bbox 894 1035 1002 1125; x_wconf 90' lang='lat' dir='ltr'><strong>Quod</strong></span> <span class='ocrx_word' id='word_1_40' title='bbox 1026 1036 1056 1106; x_wconf 88' lang='lat' dir='ltr'><strong>si</strong></span> <span class='ocrx_word' id='word_1_41' title='bbox 1077 1034 1137 1105; x_wconf 93' lang='lat' dir='ltr'><strong>illa</strong></span> <span class='ocrx_word' id='word_1_42' title='bbox 1155 1034 1327 1108; x_wconf 89' lang='lat' dir='ltr'><strong>solemnis</strong></span> 
     </span>
     <span class='ocr_line' id='line_1_8' title="bbox 263 1142 1325 1242; baseline 0 -24"><span class='ocrx_word' id='word_1_43' title='bbox 263 1143 493 1218; x_wconf 88' lang='lat' dir='ltr'><strong>comitiorum</strong></span> <span class='ocrx_word' id='word_1_44' title='bbox 517 1147 704 1240; x_wconf 86' lang='lat' dir='ltr'><strong>precatio,</strong></span> <span class='ocrx_word' id='word_1_45' title='bbox 730 1142 981 1217; x_wconf 88' lang='lat' dir='ltr'><strong>consularibus</strong></span> <span class='ocrx_word' id='word_1_46' title='bbox 1004 1146 1171 1242; x_wconf 87' lang='lat' dir='ltr'><strong>auspiciis</strong></span> <span class='ocrx_word' id='word_1_47' title='bbox 1198 1170 1325 1218; x_wconf 88' lang='lat' dir='ltr'><strong>conse·</strong></span> 
     </span>
     <span class='ocr_line' id='line_1_9' title="bbox 218 1251 1326 1354; baseline 0 -28"><span class='ocrx_word' id='word_1_48' title='bbox 218 1273 227 1288; x_wconf 88' lang='lat'><strong><em>‘</em></strong></span> <span class='ocrx_word' id='word_1_49' title='bbox 263 1269 380 1342; x_wconf 85' lang='lat' dir='ltr'><strong>crata,</strong></span> <span class='ocrx_word' id='word_1_50' title='bbox 408 1268 545 1326; x_wconf 86' lang='lat' dir='ltr'><strong>tantam</strong></span> <span class='ocrx_word' id='word_1_51' title='bbox 563 1251 673 1324; x_wconf 91' lang='lat' dir='ltr'><strong>habet</strong></span> <span class='ocrx_word' id='word_1_52' title='bbox 693 1255 732 1324; x_wconf 91' lang='lat' dir='ltr'><strong>in</strong></span> <span class='ocrx_word' id='word_1_53' title='bbox 751 1277 790 1325; x_wconf 88' lang='lat' dir='ltr'><strong>se</strong></span> <span class='ocrx_word' id='word_1_54' title='bbox 808 1255 880 1324; x_wconf 90' lang='lat' dir='ltr'><strong>vim</strong></span> <span class='ocrx_word' id='word_1_55' title='bbox 902 1270 938 1326; x_wconf 87' lang='lat' dir='ltr'><strong>et</strong></span> <span class='ocrx_word' id='word_1_56' title='bbox 960 1255 1189 1354; x_wconf 67' lang='lat' dir='ltr'><strong>religuonem,</strong></span> <span class='ocrx_word' id='word_1_57' title='bbox 1208 1281 1326 1354; x_wconf 92' lang='lat' dir='ltr'><strong>quan-</strong></span> 
     </span>
     <span class='ocr_line' id='line_1_10' title="bbox 262 1363 1325 1465; baseline -0.002 -26"><span class='ocrx_word' id='word_1_58' title='bbox 262 1382 336 1439; x_wconf 87' lang='lat' dir='ltr'><strong>tam</strong></span> <span class='ocrx_word' id='word_1_59' title='bbox 352 1363 559 1464; x_wconf 82' lang='lat' dir='ltr'><strong>reipublicae</strong></span> <span class='ocrx_word' id='word_1_60' title='bbox 572 1365 726 1462; x_wconf 84' lang='lat' dir='ltr'><strong>dignitas</strong></span> <span class='ocrx_word' id='word_1_61' title='bbox 740 1365 920 1464; x_wconf 90' lang='lat' dir='ltr'><strong>postulat:</strong></span> <span class='ocrx_word' id='word_1_62' title='bbox 941 1365 1037 1436; x_wconf 90' lang='lat' dir='ltr'><strong>idem</strong></span> <span class='ocrx_word' id='word_1_63' title='bbox 1054 1389 1122 1462; x_wconf 85' lang='lat' dir='ltr'><strong>ego</strong></span> <span class='ocrx_word' id='word_1_64' title='bbox 1142 1390 1222 1437; x_wconf 90' lang='lat' dir='ltr'><strong>sum</strong></span> <span class='ocrx_word' id='word_1_65' title='bbox 1242 1390 1325 1465; x_wconf 92' lang='lat' dir='ltr'><strong>pre·</strong></span> 
     </span>
     <span class='ocr_line' id='line_1_11' title="bbox 262 1473 1325 1573; baseline -0.001 -25"><span class='ocrx_word' id='word_1_66' title='bbox 262 1490 381 1562; x_wconf 74' lang='lat' dir='ltr'><strong>cuttu,</strong></span> <span class='ocrx_word' id='word_1_67' title='bbox 400 1490 443 1545; x_wconf 90' lang='lat' dir='ltr'><strong>ut</strong></span> <span class='ocrx_word' id='word_1_68' title='bbox 456 1474 506 1545; x_wconf 91' lang='lat' dir='ltr'><strong>eis</strong></span> <span class='ocrx_word' id='word_1_69' title='bbox 521 1498 670 1572; x_wconf 92' lang='lat' dir='ltr'><strong>quoque</strong></span> <span class='ocrx_word' id='word_1_70' title='bbox 691 1473 922 1562; x_wconf 89' lang='lat' dir='ltr'><strong>hominibus,</strong></span> <span class='ocrx_word' id='word_1_71' title='bbox 942 1473 1076 1573; x_wconf 90' lang='lat' dir='ltr'><strong>quibus</strong></span> <span class='ocrx_word' id='word_1_72' title='bbox 1091 1476 1150 1548; x_wconf 91' lang='lat' dir='ltr'><strong>hic</strong></span> <span class='ocrx_word' id='word_1_73' title='bbox 1163 1476 1325 1547; x_wconf 87' lang='lat' dir='ltr'><strong>consula·</strong></span> 
     </span>
     <span class='ocr_line' id='line_1_12' title="bbox 263 1577 1324 1681; baseline 0.001 -26"><span class='ocrx_word' id='word_1_74' title='bbox 263 1599 339 1672; x_wconf 87' lang='lat' dir='ltr'><strong>tus,</strong></span> <span class='ocrx_word' id='word_1_75' title='bbox 354 1607 412 1654; x_wconf 94' lang='lat' dir='ltr'><strong>me</strong></span> <span class='ocrx_word' id='word_1_76' title='bbox 422 1577 614 1681; x_wconf 78' lang='lat' dir='ltr'><strong>rogante⁸‚</strong></span> <span class='ocrx_word' id='word_1_77' title='bbox 633 1582 737 1666; x_wconf 80' lang='lat' dir='ltr'><strong>datus</strong></span> <span class='ocrx_word' id='word_1_78' title='bbox 749 1598 862 1672; x_wconf 88' lang='lat' dir='ltr'><strong>esset,</strong></span> <span class='ocrx_word' id='word_1_79' title='bbox 882 1609 925 1668; x_wconf 69' lang='lat' dir='ltr'><strong>ea,</strong></span> <span class='ocrx_word' id='word_1_80' title='bbox 933 1609 990 1656; x_wconf 90' lang='lat' dir='ltr'><strong>res</strong></span> <span class='ocrx_word' id='word_1_81' title='bbox 1004 1583 1136 1673; x_wconf 82' lang='lat' dir='ltr'><strong>fauste,</strong></span> <span class='ocrx_word' id='word_1_82' title='bbox 1159 1583 1324 1673; x_wconf 79' lang='lat' dir='ltr'><strong>feliciter,</strong></span> 
     </span>
     <span class='ocr_line' id='line_1_13' title="bbox 263 1694 1325 1793; baseline 0.003 -28"><span class='ocrx_word' id='word_1_83' title='bbox 263 1718 511 1793; x_wconf 86' lang='lat' dir='ltr'><strong>prospereque</strong></span> <span class='ocrx_word' id='word_1_84' title='bbox 530 1697 701 1766; x_wconf 87' lang='lat' dir='ltr'><strong>eveniret.</strong></span> <span class='ocrx_word' id='word_1_85' title='bbox 718 1696 807 1785; x_wconf 76' lang='lat' dir='ltr'><strong>Quat</strong></span> <span class='ocrx_word' id='word_1_86' title='bbox 819 1719 932 1792; x_wconf 92' lang='lat' dir='ltr'><strong>quum</strong></span> <span class='ocrx_word' id='word_1_87' title='bbox 948 1696 997 1766; x_wconf 89' lang='lat' dir='ltr'><strong>ita</strong></span> <span class='ocrx_word' id='word_1_88' title='bbox 1011 1697 1100 1786; x_wconf 90' lang='lat' dir='ltr'><strong>sint,</strong></span> <span class='ocrx_word' id='word_1_89' title='bbox 1114 1694 1270 1791; x_wconf 89' lang='lat' dir='ltr'><strong>judices,</strong></span> <span class='ocrx_word' id='word_1_90' title='bbox 1289 1711 1325 1768; x_wconf 91' lang='lat' dir='ltr'><strong>et</strong></span> 
     </span>
     <span class='ocr_line' id='line_1_14' title="bbox 264 1803 1327 1904; baseline -0.001 -27"><span class='ocrx_word' id='word_1_91' title='bbox 264 1829 380 1904; x_wconf 91' lang='lat' dir='ltr'><strong>quum</strong></span> <span class='ocrx_word' id='word_1_92' title='bbox 394 1807 513 1876; x_wconf 88' lang='lat' dir='ltr'><strong>omnis</strong></span> <span class='ocrx_word' id='word_1_93' title='bbox 530 1803 681 1876; x_wconf 87' lang='lat' dir='ltr'><strong>deorum</strong></span> <span class='ocrx_word' id='word_1_94' title='bbox 700 1804 957 1876; x_wconf 85' lang='lat' dir='ltr'><strong>immortalium</strong></span> <span class='ocrx_word' id='word_1_95' title='bbox 964 1819 1123 1904; x_wconf 88' lang='lat' dir='ltr'><strong>potestas</strong></span> <span class='ocrx_word' id='word_1_96' title='bbox 1133 1820 1197 1878; x_wconf 90' lang='lat' dir='ltr'><strong>aut</strong></span> <span class='ocrx_word' id='word_1_97' title='bbox 1215 1821 1327 1878; x_wconf 88' lang='lat' dir='ltr'><strong>traus-</strong></span> 
     </span>
     <span class='ocr_line' id='line_1_15' title="bbox 264 1914 1322 2006; baseline -0.002 -20"><span class='ocrx_word' id='word_1_98' title='bbox 264 1914 335 1986; x_wconf 88' lang='lat' dir='ltr'><strong>lata</strong></span> <span class='ocrx_word' id='word_1_99' title='bbox 356 1916 402 1986; x_wconf 89' lang='lat' dir='ltr'><strong>sit</strong></span> <span class='ocrx_word' id='word_1_100' title='bbox 426 1915 471 1986; x_wconf 87' lang='lat' dir='ltr'><strong>ad</strong></span> <span class='ocrx_word' id='word_1_101' title='bbox 496 1939 575 2006; x_wconf 86' lang='lat' dir='ltr'><strong>vos,</strong></span> <span class='ocrx_word' id='word_1_102' title='bbox 598 1929 661 1986; x_wconf 90' lang='lat' dir='ltr'><strong>aut</strong></span> <span class='ocrx_word' id='word_1_103' title='bbox 694 1929 791 1986; x_wconf 88' lang='lat' dir='ltr'><strong>certe</strong></span> <span class='ocrx_word' id='word_1_104' title='bbox 816 1917 1081 1986; x_wconf 90' lang='lat' dir='ltr'><strong>communicata</strong></span> <span class='ocrx_word' id='word_1_105' title='bbox 1109 1914 1322 1998; x_wconf 86' lang='lat' dir='ltr'><strong>vobiscum:</strong></span> 
     </span>
     <span class='ocr_line' id='line_1_16' title="bbox 263 2023 1327 2123; baseline 0 -27"><span class='ocrx_word' id='word_1_106' title='bbox 263 2025 360 2098; x_wconf 88' lang='lat' dir='ltr'><strong>idem</strong></span> <span class='ocrx_word' id='word_1_107' title='bbox 383 2025 509 2097; x_wconf 89' lang='lat' dir='ltr'><strong>consul</strong></span> <span class='ocrx_word' id='word_1_108' title='bbox 528 2049 611 2097; x_wconf 89' lang='lat' dir='ltr'><strong>eum</strong></span> <span class='ocrx_word' id='word_1_109' title='bbox 627 2039 750 2096; x_wconf 78' lang='lat' dir='ltr'><strong>vestra,</strong></span> <span class='ocrx_word' id='word_1_110' title='bbox 767 2023 853 2096; x_wconf 90' lang='lat' dir='ltr'><strong>fidei</strong></span> <span class='ocrx_word' id='word_1_111' title='bbox 871 2025 1119 2112; x_wconf 87' lang='lat' dir='ltr'><strong>commendat,</strong></span> <span class='ocrx_word' id='word_1_112' title='bbox 1142 2028 1206 2123; x_wconf 89' lang='lat' dir='ltr'><strong>qui</strong></span> <span class='ocrx_word' id='word_1_113' title='bbox 1222 2041 1327 2097; x_wconf 85' lang='lat' dir='ltr'><strong>antea</strong></span> 
     </span>
     <span class='ocr_line' id='line_1_17' title="bbox 265 2133 1328 2231; baseline 0 -25"><span class='ocrx_word' id='word_1_114' title='bbox 265 2135 332 2206; x_wconf 85' lang='lat' dir='ltr'><strong>diis</strong></span> <span class='ocrx_word' id='word_1_115' title='bbox 349 2134 611 2206; x_wconf 88' lang='lat' dir='ltr'><strong>immortalibus</strong></span> <span class='ocrx_word' id='word_1_116' title='bbox 629 2134 911 2224; x_wconf 82' lang='lat' dir='ltr'><strong>commendavit3</strong></span> <span class='ocrx_word' id='word_1_117' title='bbox 933 2150 974 2207; x_wconf 89' lang='lat' dir='ltr'><strong>ut</strong></span> <span class='ocrx_word' id='word_1_118' title='bbox 993 2133 1154 2231; x_wconf 87' lang='lat' dir='ltr'><strong>ejusdem</strong></span> <span class='ocrx_word' id='word_1_119' title='bbox 1172 2135 1328 2206; x_wconf 91' lang='lat' dir='ltr'><strong>hominis</strong></span> 
     </span>
     <span class='ocr_line' id='line_1_18' title="bbox 265 2241 1327 2333; baseline 0.001 -19"><span class='ocrx_word' id='word_1_120' title='bbox 265 2269 355 2316; x_wconf 83' lang='lat' dir='ltr'><strong>voce</strong></span> <span class='ocrx_word' id='word_1_121' title='bbox 377 2259 414 2316; x_wconf 88' lang='lat' dir='ltr'><strong>et</strong></span> <span class='ocrx_word' id='word_1_122' title='bbox 433 2243 632 2316; x_wconf 89' lang='lat' dir='ltr'><strong>declaratus</strong></span> <span class='ocrx_word' id='word_1_123' title='bbox 654 2243 803 2333; x_wconf 89' lang='lat' dir='ltr'><strong>consul,</strong></span> <span class='ocrx_word' id='word_1_124' title='bbox 830 2259 867 2315; x_wconf 86' lang='lat' dir='ltr'><strong>et</strong></span> <span class='ocrx_word' id='word_1_125' title='bbox 887 2241 1078 2333; x_wconf 83' lang='lat' dir='ltr'><strong>defensus,</strong></span> <span class='ocrx_word' id='word_1_126' title='bbox 1109 2243 1327 2317; x_wconf 85' lang='lat' dir='ltr'><strong>beneficium</strong></span> 
     </span>
    </p>
   </div>
   <div class='ocr_carea' id='block_1_3' title="bbox 264 2354 1329 3026">
    <p class='ocr_par' dir='ltr' id='par_1_3' title="bbox 264 2354 1329 3026">
     <span class='ocr_line' id='line_1_19' title="bbox 265 2354 1326 2452; baseline 0.002 -27"><span class='ocrx_word' id='word_1_127' title='bbox 265 2354 394 2452; x_wconf 89' lang='lat' dir='ltr'><strong>populi</strong></span> <span class='ocrx_word' id='word_1_128' title='bbox 412 2357 554 2425; x_wconf 89' lang='lat' dir='ltr'><strong>romani</strong></span> <span class='ocrx_word' id='word_1_129' title='bbox 578 2379 661 2446; x_wconf 87' lang='lat' dir='ltr'><strong>cum</strong></span> <span class='ocrx_word' id='word_1_130' title='bbox 678 2367 794 2425; x_wconf 90' lang='lat' dir='ltr'><strong>vestra</strong></span> <span class='ocrx_word' id='word_1_131' title='bbox 815 2369 924 2452; x_wconf 89' lang='lat' dir='ltr'><strong>atque</strong></span> <span class='ocrx_word' id='word_1_132' title='bbox 940 2359 1104 2428; x_wconf 90' lang='lat' dir='ltr'><strong>omnium</strong></span> <span class='ocrx_word' id='word_1_133' title='bbox 1127 2357 1256 2428; x_wconf 85' lang='lat' dir='ltr'><strong>civium</strong></span> <span class='ocrx_word' id='word_1_134' title='bbox 1271 2381 1326 2427; x_wconf 92' lang='lat' dir='ltr'><strong>sa·</strong></span> 
     </span>
     <span class='ocr_line' id='line_1_20' title="bbox 264 2463 1327 2560; baseline 0.002 -25"><span class='ocrx_word' id='word_1_135' title='bbox 264 2465 341 2535; x_wconf 91' lang='lat' dir='ltr'><strong>lutc</strong></span> <span class='ocrx_word' id='word_1_136' title='bbox 351 2477 505 2535; x_wconf 89' lang='lat' dir='ltr'><strong>tueatur.</strong></span> <span class='ocrx_word' id='word_1_137' title='bbox 514 2469 573 2558; x_wconf 82' lang='lat' dir='ltr'><strong>Et,</strong></span> <span class='ocrx_word' id='word_1_138' title='bbox 584 2467 781 2560; x_wconf 83' lang='lat' dir='ltr'><strong>quoniam⁹</strong></span> <span class='ocrx_word' id='word_1_139' title='bbox 795 2466 832 2534; x_wconf 91' lang='lat' dir='ltr'><strong>in</strong></span> <span class='ocrx_word' id='word_1_140' title='bbox 848 2464 919 2536; x_wconf 92' lang='lat' dir='ltr'><strong>hoc</strong></span> <span class='ocrx_word' id='word_1_141' title='bbox 933 2463 1054 2536; x_wconf 89' lang='lat' dir='ltr'><strong>officio</strong></span> <span class='ocrx_word' id='word_1_142' title='bbox 1067 2465 1226 2536; x_wconf 82' lang='lat' dir='ltr'><strong>stu&#39;dium</strong></span> <span class='ocrx_word' id='word_1_143' title='bbox 1240 2489 1327 2537; x_wconf 87' lang='lat' dir='ltr'><strong>meae</strong></span> 
     </span>
     <span class='ocr_line' id='line_1_21' title="bbox 266 2571 1327 2674; baseline 0.003 -30"><span class='ocrx_word' id='word_1_144' title='bbox 266 2571 486 2644; x_wconf 84' lang='lat' dir='ltr'><strong>defensionis</strong></span> <span class='ocrx_word' id='word_1_145' title='bbox 508 2573 555 2668; x_wconf 87' lang='lat' dir='ltr'><strong>ab</strong></span> <span class='ocrx_word' id='word_1_146' title='bbox 582 2573 867 2664; x_wconf 88' lang='lat' dir='ltr'><strong>accusatoribus,</strong></span> <span class='ocrx_word' id='word_1_147' title='bbox 894 2591 1002 2673; x_wconf 90' lang='lat' dir='ltr'><strong>atque</strong></span> <span class='ocrx_word' id='word_1_148' title='bbox 1028 2579 1134 2648; x_wconf 89' lang='lat' dir='ltr'><strong>etiam</strong></span> <span class='ocrx_word' id='word_1_149' title='bbox 1156 2577 1232 2674; x_wconf 90' lang='lat' dir='ltr'><strong>ipsa</strong></span> <span class='ocrx_word' id='word_1_150' title='bbox 1249 2599 1327 2647; x_wconf 90' lang='lat' dir='ltr'><strong>sus·</strong></span> 
     </span>
     <span class='ocr_line' id='line_1_22' title="bbox 265 2685 1329 2785; baseline 0.002 -29"><span class='ocrx_word' id='word_1_151' title='bbox 265 2685 385 2781; x_wconf 91' lang='lat' dir='ltr'><strong>ceptio</strong></span> <span class='ocrx_word' id='word_1_152' title='bbox 398 2707 511 2755; x_wconf 85' lang='lat' dir='ltr'><strong>causae</strong></span> <span class='ocrx_word' id='word_1_153' title='bbox 524 2685 745 2783; x_wconf 86' lang='lat' dir='ltr'><strong>reprehensa</strong></span> <span class='ocrx_word' id='word_1_154' title='bbox 754 2701 824 2758; x_wconf 88' lang='lat' dir='ltr'><strong>est:</strong></span> <span class='ocrx_word' id='word_1_155' title='bbox 840 2700 1034 2783; x_wconf 90' lang='lat' dir='ltr'><strong>antequam</strong></span> <span class='ocrx_word' id='word_1_156' title='bbox 1045 2711 1112 2785; x_wconf 94' lang='lat' dir='ltr'><strong>pro</strong></span> <span class='ocrx_word' id='word_1_157' title='bbox 1125 2691 1164 2760; x_wconf 88' lang='lat' dir='ltr'><strong>L.</strong></span> <span class='ocrx_word' id='word_1_158' title='bbox 1177 2691 1329 2758; x_wconf 87' lang='lat' dir='ltr'><strong>Murena</strong></span> 
     </span>
     <span class='ocr_line' id='line_1_23' title="bbox 265 2794 1328 2896; baseline 0.003 -31"><span class='ocrx_word' id='word_1_159' title='bbox 265 2794 387 2869; x_wconf 84' lang='lat' dir='ltr'><strong>dicere</strong></span> <span class='ocrx_word' id='word_1_160' title='bbox 402 2795 570 2886; x_wconf 89' lang='lat' dir='ltr'><strong>instituo,</strong></span> <span class='ocrx_word' id='word_1_161' title='bbox 591 2820 659 2893; x_wconf 92' lang='lat' dir='ltr'><strong>pro</strong></span> <span class='ocrx_word' id='word_1_162' title='bbox 680 2820 740 2874; x_wconf 87' lang='lat' dir='ltr'><strong>me</strong></span> <span class='ocrx_word' id='word_1_163' title='bbox 762 2799 841 2896; x_wconf 88' lang='lat' dir='ltr'><strong>ipso</strong></span> <span class='ocrx_word' id='word_1_164' title='bbox 856 2821 969 2894; x_wconf 88' lang='lat' dir='ltr'><strong>pauca</strong></span> <span class='ocrx_word' id='word_1_165' title='bbox 996 2795 1130 2882; x_wconf 80' lang='lat' dir='ltr'><strong>dicam3</strong></span> <span class='ocrx_word' id='word_1_166' title='bbox 1157 2821 1231 2868; x_wconf 91' lang='lat' dir='ltr'><strong>nou</strong></span> <span class='ocrx_word' id='word_1_167' title='bbox 1252 2821 1328 2894; x_wconf 89' lang='lat' dir='ltr'><strong>quo</strong></span> 
     </span>
     <span class='ocr_line' id='line_1_24' title="bbox 265 2903 1326 3026; baseline 0 -50"><span class='ocrx_word' id='word_1_168' title='bbox 265 2904 354 2976; x_wconf 89' lang='lat' dir='ltr'><strong>mihi</strong></span> <span class='ocrx_word' id='word_1_169' title='bbox 365 2906 502 3002; x_wconf 92' lang='lat' dir='ltr'><strong>potior,</strong></span> <span class='ocrx_word' id='word_1_170' title='bbox 524 2905 595 2976; x_wconf 94' lang='lat' dir='ltr'><strong>hoc</strong></span> <span class='ocrx_word' id='word_1_171' title='bbox 608 2903 756 3026; x_wconf 91' lang='lat' dir='ltr'><strong>quidem</strong></span> <span class='ocrx_word' id='word_1_172' title='bbox 767 2909 806 2978; x_wconf 89' lang='lat' dir='ltr'><strong>in</strong></span> <span class='ocrx_word' id='word_1_173' title='bbox 822 2922 1007 3005; x_wconf 88' lang='lat' dir='ltr'><strong>tempore,</strong></span> <span class='ocrx_word' id='word_1_174' title='bbox 1023 2909 1067 2977; x_wconf 91' lang='lat' dir='ltr'><strong>sit</strong></span> <span class='ocrx_word' id='word_1_175' title='bbox 1081 2905 1190 2978; x_wconf 90' lang='lat' dir='ltr'><strong>officii</strong></span> <span class='ocrx_word' id='word_1_176' title='bbox 1203 2910 1326 2994; x_wconf 89' lang='lat' dir='ltr'><strong>¹⁰mei‚</strong></span> 
     </span>
    </p>
   </div>
   <div class='ocr_carea' id='block_1_4' title="bbox 238 3075 1350 3379">
    <p class='ocr_par' dir='ltr' id='par_1_4' title="bbox 238 3075 1350 3379">
     <span class='ocr_line' id='line_1_25' title="bbox 238 3075 1350 3142; baseline 0.002 -16"><span class='ocrx_word' id='word_1_177' title='bbox 238 3083 241 3092; x_wconf 73' lang='lat'><strong>⁴</strong></span> <span class='ocrx_word' id='word_1_178' title='bbox 299 3076 325 3126; x_wconf 82' lang='lat'><strong>6.</strong></span> <span class='ocrx_word' id='word_1_179' title='bbox 342 3075 495 3125; x_wconf 78' lang='lat' dir='ltr'><strong>Consulatum</strong></span> <span class='ocrx_word' id='word_1_180' title='bbox 511 3091 562 3123; x_wconf 75' lang='lat' dir='ltr'><strong>aaa</strong></span> <span class='ocrx_word' id='word_1_181' title='bbox 577 3091 631 3128; x_wconf 76' lang='lat' dir='ltr'><strong>cum</strong></span> <span class='ocrx_word' id='word_1_182' title='bbox 644 3075 730 3124; x_wconf 69' lang='lat' dir='ltr'><strong>solua.</strong></span> <span class='ocrx_word' id='word_1_183' title='bbox 747 3075 774 3124; x_wconf 84' lang='lat' dir='ltr'><strong>Si</strong></span> <span class='ocrx_word' id='word_1_184' title='bbox 817 3093 871 3126; x_wconf 85' lang='lat' dir='ltr'><strong>rum</strong></span> <span class='ocrx_word' id='word_1_185' title='bbox 883 3075 982 3126; x_wconf 75' lang='lat' dir='ltr'><strong>tabellae</strong></span> <span class='ocrx_word' id='word_1_186' title='bbox 994 3076 1085 3124; x_wconf 75' lang='lat' dir='ltr'><strong>forcbn</strong></span> <span class='ocrx_word' id='word_1_187' title='bbox 1096 3077 1130 3125; x_wconf 78' lang='lat' dir='ltr'><strong>itu</strong></span> <span class='ocrx_word' id='word_1_188' title='bbox 1139 3077 1280 3142; x_wconf 66' lang='lat' dir='ltr'><strong>inscriptus,</strong></span> <span class='ocrx_word' id='word_1_189' title='bbox 1292 3077 1327 3125; x_wconf 75' lang='lat' dir='ltr'><strong>V.</strong></span> <span class='ocrx_word' id='word_1_190' title='bbox 1347 3121 1350 3128; x_wconf 89' lang='lat'><em>.</em></span> 
     </span>
     <span class='ocr_line' id='line_1_26' title="bbox 265 3154 1328 3219; baseline -0.003 -14"><span class='ocrx_word' id='word_1_191' title='bbox 265 3156 368 3205; x_wconf 73' lang='lat' dir='ltr'><strong>Murena</strong></span> <span class='ocrx_word' id='word_1_192' title='bbox 385 3154 519 3216; x_wconf 78' lang='lat' dir='ltr'><strong>injudicio</strong></span> <span class='ocrx_word' id='word_1_193' title='bbox 534 3164 660 3218; x_wconf 75' lang='lat' dir='ltr'><strong>superatur</strong></span> <span class='ocrx_word' id='word_1_194' title='bbox 675 3155 772 3216; x_wconf 73' lang='lat' dir='ltr'><strong>fuisset,</strong></span> <span class='ocrx_word' id='word_1_195' title='bbox 817 3157 848 3206; x_wconf 83' lang='lat' dir='ltr'><strong>li.</strong></span> <span class='ocrx_word' id='word_1_196' title='bbox 863 3156 889 3203; x_wconf 90' lang='lat' dir='ltr'><strong>id</strong></span> <span class='ocrx_word' id='word_1_197' title='bbox 903 3166 951 3215; x_wconf 80' lang='lat' dir='ltr'><strong>ost,</strong></span> <span class='ocrx_word' id='word_1_198' title='bbox 964 3156 1001 3202; x_wconf 91' lang='lat' dir='ltr'><strong>uti</strong></span> <span class='ocrx_word' id='word_1_199' title='bbox 1014 3171 1095 3219; x_wconf 67' lang='lat' dir='ltr'><strong>rogas.</strong></span> <span class='ocrx_word' id='word_1_200' title='bbox 1110 3155 1185 3218; x_wconf 86' lang='lat' dir='ltr'><strong>Quod</strong></span> <span class='ocrx_word' id='word_1_201' title='bbox 1197 3167 1220 3202; x_wconf 86' lang='lat' dir='ltr'><strong>et</strong></span> <span class='ocrx_word' id='word_1_202' title='bbox 1231 3154 1328 3218; x_wconf 66' lang='lat' dir='ltr'><strong>lougius</strong></span> 
     </span>
     <span class='ocr_line' id='line_1_27' title="bbox 264 3231 1328 3296; baseline -0.006 -12"><span class='ocrx_word' id='word_1_203' title='bbox 264 3250 316 3284; x_wconf 90' lang='lat' dir='ltr'><strong>uou</strong></span> <span class='ocrx_word' id='word_1_204' title='bbox 331 3235 410 3284; x_wconf 74' lang='lat' dir='ltr'><strong>solutu</strong></span> <span class='ocrx_word' id='word_1_205' title='bbox 427 3234 569 3292; x_wconf 83' lang='lat' dir='ltr'><strong>oouaulatn,</strong></span> <span class='ocrx_word' id='word_1_206' title='bbox 585 3233 629 3282; x_wconf 78' lang='lat' dir='ltr'><strong>aed</strong></span> <span class='ocrx_word' id='word_1_207' title='bbox 639 3233 709 3281; x_wconf 81' lang='lat' dir='ltr'><strong>ctiam</strong></span> <span class='ocrx_word' id='word_1_208' title='bbox 718 3235 773 3294; x_wconf 83' lang='lat' dir='ltr'><strong>jure</strong></span> <span class='ocrx_word' id='word_1_209' title='bbox 816 3234 912 3292; x_wconf 78' lang='lat' dir='ltr'><strong>fuiuat,</strong></span> <span class='ocrx_word' id='word_1_210' title='bbox 931 3243 956 3280; x_wconf 85' lang='lat' dir='ltr'><strong>et</strong></span> <span class='ocrx_word' id='word_1_211' title='bbox 972 3233 1073 3280; x_wconf 71' lang='lat' dir='ltr'><strong>mnino</strong></span> <span class='ocrx_word' id='word_1_212' title='bbox 1095 3231 1227 3282; x_wconf 77' lang='lat' dir='ltr'><strong>absurdum</strong></span> <span class='ocrx_word' id='word_1_213' title='bbox 1243 3245 1328 3296; x_wconf 72' lang='lat' dir='ltr'><strong>rogaro</strong></span> 
     </span>
     <span class='ocr_line' id='line_1_28' title="bbox 263 3311 1328 3379; baseline -0.006 -17"><span class='ocrx_word' id='word_1_214' title='bbox 263 3314 319 3379; x_wconf 76' lang='lat' dir='ltr'><strong>ipso</strong></span> <span class='ocrx_word' id='word_1_215' title='bbox 332 3315 393 3362; x_wconf 79' lang='lat' dir='ltr'><strong>civit</strong></span> <span class='ocrx_word' id='word_1_216' title='bbox 405 3324 492 3362; x_wconf 77' lang='lat' dir='ltr'><strong>oxutna</strong></span> <span class='ocrx_word' id='word_1_217' title='bbox 505 3323 530 3365; x_wconf 82' lang='lat' dir='ltr'><strong>et</strong></span> <span class='ocrx_word' id='word_1_218' title='bbox 543 3312 623 3375; x_wconf 81' lang='lat' dir='ltr'><strong>capito</strong></span> <span class='ocrx_word' id='word_1_219' title='bbox 635 3311 773 3366; x_wconf 76' lang='lat' dir='ltr'><strong>deminutus</strong></span> <span class='ocrx_word' id='word_1_220' title='bbox 816 3311 889 3360; x_wconf 80' lang='lat' dir='ltr'><strong>simul</strong></span> <span class='ocrx_word' id='word_1_221' title='bbox 898 3311 928 3360; x_wconf 82' lang='lat' dir='ltr'><strong>dc</strong></span> <span class='ocrx_word' id='word_1_222' title='bbox 938 3311 1053 3370; x_wconf 80' lang='lat' dir='ltr'><strong>ompibua</strong></span> <span class='ocrx_word' id='word_1_223' title='bbox 1063 3321 1087 3358; x_wconf 83' lang='lat' dir='ltr'><strong>et</strong></span> <span class='ocrx_word' id='word_1_224' title='bbox 1096 3311 1197 3360; x_wconf 71' lang='lat' dir='ltr'><strong>tabellas</strong></span> <span class='ocrx_word' id='word_1_225' title='bbox 1210 3312 1247 3358; x_wconf 82' lang='lat' dir='ltr'><strong>uti</strong></span> <span class='ocrx_word' id='word_1_226' title='bbox 1254 3325 1328 3374; x_wconf 73' lang='lat' dir='ltr'><strong>rogat</strong></span> 
     </span>
    </p>
   </div>
   <div class='ocr_carea' id='block_1_5' title="bbox 175 3389 1326 3454">
    <p class='ocr_par' dir='ltr' id='par_1_5' title="bbox 175 3389 1326 3454">
     <span class='ocr_line' id='line_1_29' title="bbox 175 3389 1326 3454; baseline -0.006 -10"><span class='ocrx_word' id='word_1_227' title='bbox 175 3437 180 3444; x_wconf 87' lang='lat'>.</span> <span class='ocrx_word' id='word_1_228' title='bbox 263 3404 334 3443; x_wconf 76' lang='lat' dir='ltr'><strong>esset.</strong></span> <span class='ocrx_word' id='word_1_229' title='bbox 816 3391 944 3454; x_wconf 72' lang='lat' dir='ltr'><strong>iuscripta</strong></span> <span class='ocrx_word' id='word_1_230' title='bbox 956 3389 1109 3438; x_wconf 78' lang='lat' dir='ltr'><strong>distribuero.</strong></span> <span class='ocrx_word' id='word_1_231' title='bbox 1123 3389 1228 3438; x_wconf 65' lang='lat' dir='ltr'><strong>‘Pabelh</strong></span> <span class='ocrx_word' id='word_1_232' title='bbox 1238 3403 1326 3437; x_wconf 78' lang='lat' dir='ltr'><strong>nomeu</strong></span> 
     </span>
    </p>
   </div>
   <div class='ocr_carea' id='block_1_6' title="bbox 261 3468 1328 4176">
    <p class='ocr_par' dir='ltr' id='par_1_6' title="bbox 300 3468 1326 3536">
     <span class='ocr_line' id='line_1_30' title="bbox 300 3468 1326 3536; baseline -0.001 -17"><span class='ocrx_word' id='word_1_233' title='bbox 300 3489 324 3536; x_wconf 83' lang='lat'><strong>7.</strong></span> <span class='ocrx_word' id='word_1_234' title='bbox 335 3471 411 3532; x_wconf 82' lang='lat' dir='ltr'><strong>Olim,</strong></span> <span class='ocrx_word' id='word_1_235' title='bbox 425 3470 564 3520; x_wconf 79' lang='lat' dir='ltr'><strong>uoluntute.</strong></span> <span class='ocrx_word' id='word_1_236' title='bbox 577 3470 602 3518; x_wconf 87' lang='lat' dir='ltr'><strong>J.</strong></span> <span class='ocrx_word' id='word_1_237' title='bbox 612 3469 644 3516; x_wconf 79' lang='lat' dir='ltr'><strong>V.</strong></span> <span class='ocrx_word' id='word_1_238' title='bbox 656 3471 684 3518; x_wconf 77' lang='lat' dir='ltr'><strong>t.</strong></span> <span class='ocrx_word' id='word_1_239' title='bbox 815 3469 999 3518; x_wconf 80' lang='lat' dir='ltr'><strong>candidatorum</strong></span> <span class='ocrx_word' id='word_1_240' title='bbox 1026 3470 1171 3535; x_wconf 72' lang='lat' dir='ltr'><strong>inam-ipturu</strong></span> <span class='ocrx_word' id='word_1_241' title='bbox 1197 3468 1326 3518; x_wconf 71' lang='lat' dir='ltr'><strong>bibebant.</strong></span> 
     </span>
    </p>

    <p class='ocr_par' dir='ltr' id='par_1_7' title="bbox 261 3547 1328 4176">
     <span class='ocr_line' id='line_1_31' title="bbox 298 3547 1326 3616; baseline -0.005 -15"><span class='ocrx_word' id='word_1_242' title='bbox 298 3549 323 3602; x_wconf 81' lang='lat'><strong>8.</strong></span> <span class='ocrx_word' id='word_1_243' title='bbox 343 3554 384 3600; x_wconf 78' lang='lat' dir='ltr'><strong>Mc</strong></span> <span class='ocrx_word' id='word_1_244' title='bbox 403 3561 515 3616; x_wconf 71' lang='lat' dir='ltr'><strong>rogante.</strong></span> <span class='ocrx_word' id='word_1_245' title='bbox 534 3548 639 3601; x_wconf 79' lang='lat' dir='ltr'><strong>Comitia</strong></span> <span class='ocrx_word' id='word_1_246' title='bbox 658 3547 770 3598; x_wconf 81' lang='lat' dir='ltr'><strong>bubeutc.</strong></span> <span class='ocrx_word' id='word_1_247' title='bbox 815 3550 853 3599; x_wconf 79' lang='lat' dir='ltr'><strong>Cf.</strong></span> <span class='ocrx_word' id='word_1_248' title='bbox 864 3565 909 3613; x_wconf 87' lang='lat' dir='ltr'><strong>pro</strong></span> <span class='ocrx_word' id='word_1_249' title='bbox 919 3550 1010 3607; x_wconf 84' lang='lat' dir='ltr'><strong>Domo,</strong></span> <span class='ocrx_word' id='word_1_250' title='bbox 1023 3549 1111 3607; x_wconf 59' lang='lat' dir='ltr'><strong>4331*ss</strong></span> <span class='ocrx_word' id='word_1_251' title='bbox 1123 3549 1177 3599; x_wconf 82' lang='lat' dir='ltr'><strong>Lir.</strong></span> <span class='ocrx_word' id='word_1_252' title='bbox 1189 3550 1287 3608; x_wconf 78' lang='lat' dir='ltr'><strong>xm,</strong></span> <span class='ocrx_word' id='word_1_253' title='bbox 1299 3563 1326 3608; x_wconf 83' lang='lat'><strong>7.</strong></span> 
     </span>
     <span class='ocr_line' id='line_1_32' title="bbox 262 3625 1328 3696; baseline -0.006 -16"><span class='ocrx_word' id='word_1_254' title='bbox 262 3629 365 3680; x_wconf 72' lang='lat' dir='ltr'><strong>Fallitur</strong></span> <span class='ocrx_word' id='word_1_255' title='bbox 378 3629 519 3684; x_wconf 75' lang='lat' dir='ltr'><strong>Manutius.</strong></span> <span class='ocrx_word' id='word_1_256' title='bbox 534 3643 609 3691; x_wconf 86' lang='lat' dir='ltr'><strong>quoru</strong></span> <span class='ocrx_word' id='word_1_257' title='bbox 625 3625 686 3675; x_wconf 83' lang='lat' dir='ltr'><strong>dicit</strong></span> <span class='ocrx_word' id='word_1_258' title='bbox 702 3643 770 3688; x_wconf 84' lang='lat' dir='ltr'><strong>eum,</strong></span> <span class='ocrx_word' id='word_1_259' title='bbox 851 3643 877 3690; x_wconf 84' lang='lat'><strong>9.</strong></span> <span class='ocrx_word' id='word_1_260' title='bbox 893 3629 927 3675; x_wconf 80' lang='lat' dir='ltr'><strong>Et</strong></span> <span class='ocrx_word' id='word_1_261' title='bbox 940 3625 1065 3696; x_wconf 76' lang='lat' dir='ltr'><strong>quonium.</strong></span> <span class='ocrx_word' id='word_1_262' title='bbox 1083 3626 1182 3686; x_wconf 77' lang='lat' dir='ltr'><strong>Cicero,</strong></span> <span class='ocrx_word' id='word_1_263' title='bbox 1198 3639 1328 3691; x_wconf 76' lang='lat' dir='ltr'><strong>autequam</strong></span> 
     </span>
     <span class='ocr_line' id='line_1_33' title="bbox 261 3705 1328 3775; baseline -0.004 -17"><span class='ocrx_word' id='word_1_264' title='bbox 261 3711 306 3775; x_wconf 88' lang='lat' dir='ltr'><strong>qui</strong></span> <span class='ocrx_word' id='word_1_265' title='bbox 317 3708 423 3758; x_wconf 73' lang='lat' dir='ltr'><strong>comitiis</strong></span> <span class='ocrx_word' id='word_1_266' title='bbox 436 3716 553 3773; x_wconf 67' lang='lat' dir='ltr'><strong>praerat,</strong></span> <span class='ocrx_word' id='word_1_267' title='bbox 568 3705 686 3771; x_wconf 81' lang='lat' dir='ltr'><strong>populum</strong></span> <span class='ocrx_word' id='word_1_268' title='bbox 699 3721 770 3771; x_wconf 72' lang='lat' dir='ltr'><strong>roga·</strong></span> <span class='ocrx_word' id='word_1_269' title='bbox 815 3723 862 3774; x_wconf 84' lang='lat' dir='ltr'><strong>pro</strong></span> <span class='ocrx_word' id='word_1_270' title='bbox 873 3709 975 3756; x_wconf 78' lang='lat' dir='ltr'><strong>Murena</strong></span> <span class='ocrx_word' id='word_1_271' title='bbox 986 3705 1133 3772; x_wconf 72' lang='lat' dir='ltr'><strong>respondet,</strong></span> <span class='ocrx_word' id='word_1_272' title='bbox 1141 3706 1253 3754; x_wconf 82' lang='lat' dir='ltr'><strong>collatam</strong></span> <span class='ocrx_word' id='word_1_273' title='bbox 1262 3706 1288 3752; x_wconf 88' lang='lat' dir='ltr'><strong>iu</strong></span> <span class='ocrx_word' id='word_1_274' title='bbox 1301 3721 1328 3754; x_wconf 79' lang='grc' dir='ltr'><strong>ιο</strong></span> 
     </span>
     <span class='ocr_line' id='line_1_34' title="bbox 261 3785 1328 3853; baseline -0.004 -16"><span class='ocrx_word' id='word_1_275' title='bbox 261 3805 304 3846; x_wconf 83' lang='lat' dir='ltr'><strong>re,</strong></span> <span class='ocrx_word' id='word_1_276' title='bbox 318 3787 468 3853; x_wconf 69' lang='lat' dir='ltr'><strong>quoaqellet,</strong></span> <span class='ocrx_word' id='word_1_277' title='bbox 482 3788 633 3850; x_wconf 68' lang='lat' dir='ltr'><strong>meginratus</strong></span> <span class='ocrx_word' id='word_1_278' title='bbox 645 3785 735 3835; x_wconf 74' lang='lat' dir='ltr'><strong>lucem</strong></span> <span class='ocrx_word' id='word_1_279' title='bbox 747 3795 773 3834; x_wconf 84' lang='lat' dir='ltr'><strong>et</strong></span> <span class='ocrx_word' id='word_1_280' title='bbox 816 3797 981 3838; x_wconf 70' lang='lat' dir='ltr'><strong>accuntoruru</strong></span> <span class='ocrx_word' id='word_1_281' title='bbox 992 3785 1109 3834; x_wconf 80' lang='lat' dir='ltr'><strong>iuvidiam</strong></span> <span class='ocrx_word' id='word_1_282' title='bbox 1120 3785 1241 3842; x_wconf 80' lang='lat' dir='ltr'><strong>amolitur,</strong></span> <span class='ocrx_word' id='word_1_283' title='bbox 1252 3785 1286 3832; x_wconf 79' lang='lat' dir='ltr'><strong>itu</strong></span> <span class='ocrx_word' id='word_1_284' title='bbox 1299 3795 1328 3833; x_wconf 87' lang='lat' dir='ltr'><strong>ut</strong></span> 
     </span>
     <span class='ocr_line' id='line_1_35' title="bbox 262 3863 1328 3932; baseline -0.003 -17"><span class='ocrx_word' id='word_1_285' title='bbox 262 3867 389 3916; x_wconf 82' lang='lat' dir='ltr'><strong>nominato</strong></span> <span class='ocrx_word' id='word_1_286' title='bbox 402 3881 500 3932; x_wconf 86' lang='lat' dir='ltr'><strong>quoque</strong></span> <span class='ocrx_word' id='word_1_287' title='bbox 516 3863 658 3924; x_wconf 80' lang='lat' dir='ltr'><strong>candidato,</strong></span> <span class='ocrx_word' id='word_1_288' title='bbox 677 3863 771 3916; x_wconf 70' lang='lat' dir='ltr'><strong>diemo:</strong></span> <span class='ocrx_word' id='word_1_289' title='bbox 815 3866 848 3915; x_wconf 80' lang='lat' dir='ltr'><strong>ad</strong></span> <span class='ocrx_word' id='word_1_290' title='bbox 861 3881 956 3914; x_wconf 74' lang='lat' dir='ltr'><strong>musam</strong></span> <span class='ocrx_word' id='word_1_291' title='bbox 968 3866 1062 3914; x_wconf 79' lang='lat' dir='ltr'><strong>animoa</strong></span> <span class='ocrx_word' id='word_1_292' title='bbox 1079 3865 1189 3927; x_wconf 79' lang='lat' dir='ltr'><strong>judicum</strong></span> <span class='ocrx_word' id='word_1_293' title='bbox 1207 3875 1328 3929; x_wconf 67' lang='lat' dir='ltr'><strong>preparet</strong></span> 
     </span>
     <span class='ocr_line' id='line_1_36' title="bbox 263 3944 1004 4012; baseline 0 -18"><span class='ocrx_word' id='word_1_294' title='bbox 263 3944 358 4010; x_wconf 69' lang='lat' dir='ltr'><strong>«Rogo</strong></span> <span class='ocrx_word' id='word_1_295' title='bbox 377 3962 437 4006; x_wconf 82' lang='lat' dir='ltr'><strong>voa,</strong></span> <span class='ocrx_word' id='word_1_296' title='bbox 465 3946 585 4012; x_wconf 72' lang='lat' dir='ltr'><strong>Quirites,</strong></span> <span class='ocrx_word' id='word_1_297' title='bbox 605 3945 717 3994; x_wconf 73' lang='lat' dir='ltr'><strong>velitisne</strong></span> <span class='ocrx_word' id='word_1_298' title='bbox 744 3945 772 3994; x_wconf 70' lang='lat' dir='ltr'><strong>Ia.</strong></span> <span class='ocrx_word' id='word_1_299' title='bbox 816 3945 1004 4011; x_wconf 71' lang='lat' dir='ltr'><strong>aoproemuuiat.</strong></span> 
     </span>
     <span class='ocr_line' id='line_1_37' title="bbox 261 4021 1327 4093; baseline -0.002 -19"><span class='ocrx_word' id='word_1_300' title='bbox 261 4025 380 4075; x_wconf 77' lang='lat' dir='ltr'><strong>licinium</strong></span> <span class='ocrx_word' id='word_1_301' title='bbox 399 4028 527 4076; x_wconf 76' lang='lat' dir='ltr'><strong>Murenam</strong></span> <span class='ocrx_word' id='word_1_302' title='bbox 545 4025 671 4088; x_wconf 79' lang='lat' dir='ltr'><strong>cquauleuu</strong></span> <span class='ocrx_word' id='word_1_303' title='bbox 688 4021 772 4073; x_wconf 68' lang='lat' dir='ltr'><strong>fieriu.</strong></span> <span class='ocrx_word' id='word_1_304' title='bbox 855 4041 894 4074; x_wconf 84' lang='lat' dir='ltr'><strong>ro.</strong></span> <span class='ocrx_word' id='word_1_305' title='bbox 919 4022 1004 4093; x_wconf 67' lang='lat' dir='ltr'><strong>Officii</strong></span> <span class='ocrx_word' id='word_1_306' title='bbox 1019 4025 1077 4072; x_wconf 81' lang='lat' dir='ltr'><strong>mei.</strong></span> <span class='ocrx_word' id='word_1_307' title='bbox 1099 4025 1174 4084; x_wconf 74' lang='lat' dir='ltr'><strong>cutim</strong></span> <span class='ocrx_word' id='word_1_308' title='bbox 1196 4022 1274 4082; x_wconf 84' lang='lat' dir='ltr'><strong>mibi,</strong></span> <span class='ocrx_word' id='word_1_309' title='bbox 1299 4033 1327 4072; x_wconf 87' lang='lat' dir='ltr'><strong>ut</strong></span> 
     </span>
     <span class='ocr_line' id='line_1_38' title="bbox 261 4098 1328 4176; baseline -0.001 -23"><span class='ocrx_word' id='word_1_310' title='bbox 261 4103 337 4176; x_wconf 72' lang='lat' dir='ltr'><strong>Quod</strong></span> <span class='ocrx_word' id='word_1_311' title='bbox 349 4105 370 4154; x_wconf 78' lang='lat' dir='ltr'><strong>ai</strong></span> <span class='ocrx_word' id='word_1_312' title='bbox 382 4105 490 4172; x_wconf 78' lang='lat' dir='ltr'><strong>populus</strong></span> <span class='ocrx_word' id='word_1_313' title='bbox 503 4104 632 4173; x_wconf 81' lang='lat' dir='ltr'><strong>probaret,</strong></span> <span class='ocrx_word' id='word_1_314' title='bbox 644 4103 773 4172; x_wconf 67' lang='lat' dir='ltr'><strong>ruffiagto·</strong></span> <span class='ocrx_word' id='word_1_315' title='bbox 816 4098 1328 4171; x_wconf 63' lang='lat' dir='ltr'><strong>pubbwnagbmmicatrudtlcudaratio.</strong></span> 
     </span>
    </p>
   </div>
   <div class='ocr_carea' id='block_1_7' title="bbox 0 0 1518 4680">
    <p class='ocr_par' dir='ltr' id='par_1_8' title="bbox 0 0 1518 4680">
     <span class='ocr_line' id='line_1_39' title="bbox 0 0 1518 4680; baseline 0 0"><span class='ocrx_word' id='word_1_316' title='bbox 0 0 1518 4680; x_wconf 95' lang='lat' dir='ltr'><strong> </strong></span> 
     </span>
    </p>
   </div>
  </div>
 </body>
</html>
