2986 4670
229 402 299 486 ²44
566 401 962 472 ARGUMENTUM.

265 535 358 583 totum
371 523 401 580 in
414 521 590 600 patrimonio
604 523 707 602 populi
719 522 833 580 romani
845 538 996 578 remanere
1006 519 1120 594 malint,
1130 540 1219 598 quam
1232 523 1297 582 fun·

266 620 336 680 dum
350 620 432 678 illum
445 619 691 698 pulcherrimum,
705 631 794 697 caput
808 616 939 696 pecuniae
954 615 1094 694 publicio,
1115 619 1195 696 pacis
1206 638 1298 678 orua-

264 725 409 789 mentum,
428 715 594 795 presidium
609 714 698 790 belli,
714 715 935 774 fundamentum
945 713 1144 791 vectigalium,
1156 715 1295 775 horreum

266 815 429 894 legionum,
444 811 578 871 solatium
600 832 722 872 annonae
745 811 888 889 disperire
909 809 1068 888 potiantur,
1092 812 1138 870 30.
1155 814 1295 872 Homines

265 913 342 972 enim
358 912 569 990 huncugrum,
585 911 609 969 si
621 910 731 970 divisus
748 911 853 983 fuerit,
869 927 1067 988 possessuros,
1081 909 1185 969 adum
1196 930 1294 990 prom·

229 1044 232 1062 .
263 1021 332 1090 ptos
347 1020 381 1067 et
400 1007 437 1066 ad
452 1007 624 1067 seditionem
639 1020 775 1088 paratos3
796 1025 905 1083 eosque
916 1024 1025 1085 paucos
1041 1025 1119 1079 esse,
1139 1007 1246 1086 opibus
1265 1023 1295 1066 et

266 1105 357 1187 copiis
366 1107 533 1178 affluentes;
544 1106 665 1184 reliquis
676 1104 790 1184 glebam
800 1104 911 1163 nullam
923 1103 959 1162 de
969 1104 1099 1182 paternis
1112 1117 1200 1183 atque
1211 1105 1295 1164 avitis

264 1201 496 1286 pousessiouibus
507 1201 641 1262 relictum
652 1202 831 1273 iri‚31.1m0
844 1200 869 1258 si
879 1203 1045 1278 Campanus
1055 1219 1124 1279 ager
1135 1200 1293 1272 dividatur,

263 1300 415 1361 exturbari
434 1301 532 1380 potius
555 1313 584 1358 et
606 1299 711 1378 expelli
732 1299 848 1379 plebem
870 1317 907 1356 ex
926 1297 1017 1377 agris,
1040 1317 1105 1376 quae
1128 1318 1207 1357 nune
1228 1317 1295 1356 eum

262 1397 436 1458 conduxerit
448 1409 478 1454 et
494 1396 638 1455 locatione
650 1407 792 1474 perpetua
803 1394 973 1472 vectigalem
985 1394 1071 1466 o'olat,
1085 1413 1146 1453 nou
1156 1395 1295 1454 constitui

264 1495 295 1554 in
307 1513 344 1552 eo
356 1505 386 1566 et
397 1493 548 1562 collocari,
564 1494 610 1552 32.
623 1493 757 1571 Denique
769 1491 966 1570 periculosum
978 1510 1040 1550 esse
1052 1494 1181 1569 Capuam
1193 1489 1296 1550 urbem

262 1592 392 1671 'expulsis
405 1589 586 1664 aratoribus,
602 1604 632 1650 et
644 1590 746 1649 eliusis
756 1609 790 1648 ao
803 1587 948 1668 diminutis
955 1589 1139 1666 vectigalium
1152 1587 1296 1648 fructibus

264 1689 348 1767 quasi
361 1687 460 1748 sedem
482 1707 567 1746 novae
582 1686 752 1767 reipublicae
766 1687 962 1756 constituere,
984 1698 1014 1743 et
1028 1697 1176 1763 tamquam
1189 1686 1296 1744 molem

263 1798 366 1844 eontra
378 1797 506 1844 veterem
517 1782 726 1862 rempublicam
740 1801 918 1861 comparare,
932 1779 1036 1840 33-35.

303 1884 340 1940 Iu
360 1880 546 1939 conclusione
566 1879 696 1940 breviter
716 1880 815 1938 omnia
835 1877 1020 1938 incommoda
1042 1877 1162 1957 repetit,
1180 1878 1295 1957 exlege

177 2057 178 2060 Ἴ
264 1977 343 2038 Rulli
357 1975 469 2054 agraria
485 1975 656 2046 metuenda,
673 1975 792 2054 ejusque
811 1977 928 2035 stultam
948 1975 1197 2054 importunitatem
1214 1975 1296 2034 casti-

264 2087 332 2152 gat,
349 2092 438 2150 seque
453 2073 567 2132 fortiter
577 2071 604 2130 ei
617 2072 789 2145 resistendo,
802 2073 879 2151 paci,
892 2073 1106 2150 tranquillitati,
1118 2072 1179 2132 otio
1193 2072 1297 2151 populi

260 2170 418 2250 diligenter
434 2168 621 2247 provisurum
630 2188 697 2229 esee
707 2169 873 2249 pollicetur,
886 2169 935 2238 36,
950 2170 996 2242 37.
