2958 4670
381 350 568 418 ORATIO
593 350 693 416 PRO
715 349 755 414 L.
781 345 1009 416 MURENA.
1158 346 1226 419 515

158 467 265 562 ¹bono
295 493 371 544 esse
396 493 527 570 genere
548 483 696 556 natum3
719 466 826 554 facis,
860 481 900 537 ut
920 492 1044 540 rursus
1064 469 1166 568 plebs
1188 475 1225 544 in

162 575 404 662 Aventinum³
422 579 622 654 sevocanda
646 603 722 664 esse
742 575 916 649 videatur.
933 581 994 650 Sin
1010 592 1129 650 autem
1145 598 1229 654 sunt

162 690 289 788 amplae
299 705 334 762 et
345 690 505 761 honestae
518 688 661 762 familiae
681 687 829 786 plebeiae
847 715 855 757 :
874 702 910 759 et
927 713 1081 787 proavus
1093 694 1132 760 L.
1147 696 1227 764 Mu·

163 797 293 886 tenui,
312 814 348 872 et
361 824 465 888 avus,
481 814 653 898 praetores
667 795 834 884 fuerunt;
853 811 888 874 et
907 812 1009 896 pater
1021 824 1137 897 quum
1154 827 1227 874 am·

162 908 321 1006 plissime
334 925 444 1007 atque
459 909 712 1000 honestissime
727 933 770 980 ex
783 921 938 1005 praetura
954 910 1225 1008 triumphasset,

163 1020 232 1095 hoc
259 1020 455 1094 faciliorem
484 1020 569 1093 huic
593 1019 983 1117 gradum‘consulatus
1006 1020 1227 1120 adipiscendi

160 1131 324 1230 reliquit,
338 1130 441 1229 quod
453 1134 503 1216 is,
511 1131 592 1224 jam
609 1131 701 1226 patri
712 1127 883 1224 debitus,
904 1153 925 1202 a
939 1129 1014 1201 filio
1026 1131 1226 1230 petebatur.

124 1311 131 1329 ,
160 1247 236 1314 Tua
259 1267 346 1314 vcro
360 1238 558 1328 nobilitas,
576 1243 653 1311 Ser.
666 1239 823 1337 Sulpici,
845 1242 985 1312 tametsi
1002 1259 1227 1329 summost,

161 1367 281 1424 tamen
289 1349 499 1424 hominibus
510 1350 656 1422 literatis
675 1361 710 1422 et
723 1345 927 1421 historicis⁵
942 1363 994 1422 est
1014 1353 1153 1441 noti0r3
1163 1377 1227 1451 po-

162 1461 249 1559 pulo
271 1486 360 1534 vero
387 1475 424 1548 et
444 1457 741 1558 suffragatoribus
766 1457 966 1552 obscurior.
997 1463 1101 1563 Pater
1130 1463 1226 1536 enim

161 1570 229 1644 fuit
248 1571 408 1671 equestri
421 1571 502 1642 loco
514 1567 553 1657 ⁶3
574 1593 661 1640 avus
680 1568 779 1640 nulla
797 1567 928 1638 illustri
944 1567 1049 1666 laude
1069 1568 1226 1644 celebra·

160 1695 229 1756 tus.
247 1687 373 1779 Itaque
389 1706 463 1754 non
481 1705 525 1752 ex
545 1703 712 1753 sermone
730 1678 922 1750 hominum
937 1681 1090 1768 recenti,
1107 1682 1170 1753 sed
1185 1708 1228 1754 ex

160 1791 345 1867 annalium
370 1805 547 1864 vetustate
571 1787 730 1862 eruenda
756 1803 811 1860 est
832 1791 1006 1883 memoria
1031 1791 1227 1882 nobilitatis

160 1915 240 1972 tuae.
250 1904 370 1993 Quare
386 1926 452 1998 ego
462 1915 498 1972 te
512 1924 656 1998 semper
665 1901 702 1971 in
716 1913 881 1970 nostrum
895 1895 1088 1975 numerum
1106 1929 1227 2002 aggre-

159 2037 243 2110 gare
264 2012 384 2102 soleo,
402 2011 501 2108 quod
523 2013 656 2081 virtute
678 2008 926 2108 industriaque
946 2008 1144 2109 perfecisti,
1165 2029 1226 2100 ut,

160 2147 273 2218 quum
294 2123 426 2220 equitis
452 2122 593 2192 romani
608 2141 702 2190 esses
715 2116 831 2204 filius,
850 2143 991 2191 summa
1010 2135 1130 2194 tamen
1147 2134 1232 2196 am-'

160 2232 339 2330 plitudine
351 2231 481 2330 dignus
498 2244 668 2329 putarcre
683 2257 690 2298 :
707 2252 775 2299 nec
790 2228 879 2298 mibi
895 2253 1068 2327 umquam
1082 2232 1224 2303 minus⁷

158 2344 196 2414 in
209 2345 253 2433 Q.
265 2335 483 2440 Pompei0⁸‚
502 2366 596 2413 novo
615 2339 782 2426 homine,
800 2336 1038 2410 etfortissimo
1049 2341 1225 2428 rir0,vir-

158 2453 244 2524 tutis
265 2476 342 2526 esse
362 2455 480 2522 visum
502 2464 580 2539 est,
605 2473 715 2548 quam
739 2450 776 2518 in
803 2448 952 2522 bomine
977 2449 1224 2542 nobilissimo,

158 2565 207 2632 Μ.
222 2563 403 2637 AEmilio9.
416 2564 557 2634 Etenim
574 2557 737 2654 ejusdem
751 2561 861 2630 animi
876 2573 984 2658 atque
1002 2564 1137 2658 ingenii
1150 2579 1223 2650 est,

157 2674 310 2769 posteris
329 2674 418 2759 suis,
435 2669 537 2769 quod
544 2672 738 2766 Pompeius
748 2665 850 2757 fecit,
864 2669 1139 2767 amplitudinem
1154 2699 1221 2747 no·

193 2897 219 2944 ³.
234 2897 264 2944 ln
278 2895 434 2944 Aventinum.
445 2897 483 2944 De
493 2897 575 2959 priore
588 2894 666 2958 plebis
710 2891 839 2956 patricium
848 2904 905 2942 ante
917 2893 1075 2964 significavit,
1087 2911 1112 2948 et
1120 2913 1222 2956 testatur·

156 2975 290 3022 receuione
298 2975 395 3034 iocatur
404 2973 504 3032 Cicero,
513 2989 567 3036 qna
575 3005 583 3032 ,
592 2984 620 3020 nt
628 2989 666 3020 re-
710 2972 874 3035 Pomponina,
883 2975 975 3037 Digest.
986 2975 1037 3024 lde
1049 2978 1143 3043 origine
1149 2984 1220 3042 juri..

156 3053 203 3101 fert
215 3053 384 3118 RboT.Livio
397 3050 595 3118 vetnador,ideo
603 3051 665 3099 faeta
709 3050 770 3098 Inde
790 3051 920 3112 conjicitur
944 3056 1093 3119 nonnullos,
1109 3065 1219 3126 quami.

156 3141 207 3192 eet,
223 3129 291 3195 qnod
302 3130 372 3196 plebs
385 3129 500 3196 patricios
510 3129 557 3178 eibi
573 3128 665 3178 debitas
707 3128 842 3196 patricios,
861 3132 886 3178 in
899 3133 1004 3198 equestri
1015 3135 1102 3186 ordine
1124 3157 1219 3194 mmm

156 3220 259 3276 propter
272 3209 365 3274 generis
374 3207 526 3258 nobilitatem
535 3207 665 3272 dignitates
707 3224 789 3274 poeae.
805 3209 895 3258 Confer
907 3213 975 3261 Brut.
996 3229 1049 3280 cap.
1066 3219 1113 3278 ιδ,
1126 3230 1149 3268 er
1162 3224 1219 3273 vid„

156 3305 282 3354 arrogare,
298 3287 472 3352 indignaretur.
485 3289 552 3336 lnce
563 3286 664 3352 «plebea
709 3290 786 3338 Servii
800 3290 901 3354 Sulpicii
919 3293 991 3341 vitam
1010 3311 1024 3342 a
1043 3297 1131 3349 celebri
1146 3304 1217 3354 Ever.

155 3369 225 3418 rnnlti
244 3381 269 3418 et
291 3370 378 3434 optimi
397 3366 494 3416 codices
514 3388 527 3409 α
535 3365 639 3433 plebea·
653 3400 663 3427 ,
708 3355 801 3418 Otton'e
810 3371 959 3432 confectam,
976 3389 1028 3440 cap.
1042 3392 1051 3423 r
1063 3413 1072 3440 ,
1081 3377 1097 3444 s
1111 3379 1140 3442 3,
1156 3392 1215 3432 tom,

154 3465 227 3516 qnam
235 3449 337 3496 formam
348 3447 439 3512 recepit
450 3462 506 3494 cnrn
520 3445 593 3494 Beck.
606 3445 662 3496 Scb.
707 3452 731 3494 V
744 3449 818 3500 Thes.
828 3451 876 3509 J'nr.
886 3451 959 3500 Rom.

192 3535 215 3583 t.
229 3530 337 3576 Proerna
347 3528 373 3572 L.
390 3526 507 3574 lllnrenoe.
518 3527 546 3576 P.
557 3525 603 3572 fnit
620 3523 663 3571 Li·
744 3543 769 3596 7.
781 3531 824 3576 Eat
837 3530 880 3594 qui
898 3533 986 3594 eonjie.
1001 3535 1093 3600 magis,
1106 3537 1216 3592 drumm

155 3605 233 3652 einins
246 3607 348 3653 Murena
361 3614 452 3668 praetor
465 3619 504 3652 en.
517 3605 549 3654 U.
560 3603 588 3652 C.
601 3604 662 3668 596.
707 3609 783 3657 totius
794 3608 865 3670 bnjna
878 3609 927 3658 loci
938 3615 1065 3666 sententia.
1080 3619 1106 3667 J.
1116 3619 1150 3669 V.
1163 3623 1191 3672 L.

143 3685 264 3750 ·—Avns.
273 3684 479 3734 lanicinium.
489 3686 591 3732 Murena
601 3699 663 3752 pre·
743 3687 769 3735 8.
783 3687 813 3750 Q.
830 3689 951 3753 Pompeio.
967 3692 1017 3754 Qui
1029 3692 1115 3742 humili
1129 3709 1154 3746 et
1170 3700 1216 3748 ob.

146 3772 203 3828 tor,
212 3777 267 3808 ann.
279 3763 311 3810 U.
320 3762 349 3812 C.
363 3763 422 3818 640.
705 3781 776 3814 ecum
789 3765 846 3814 loeo
855 3778 925 3816 natus
938 3784 992 3818 curn
1003 3772 1036 3834 Q.
1048 3774 1149 3826 Metello
1162 3781 1216 3830 Ma.

190 3843 213 3890 5.
239 3839 349 3890 citemus
371 3853 395 3888 er
421 3839 546 3892 historicis.
564 3843 599 3890 lla
618 3842 661 3904 qui
704 3845 823 3894 eedonico
831 3859 954 3911 pretoret
967 3857 1215 3916 posteaconsnlfflo.

154 3932 232 3969 vetera
245 3920 345 3986 legunt,
357 3918 401 3986 qui
421 3931 495 3968 torem
518 3931 583 3968 retro
595 3923 659 3970 anti·
703 3922 826 3972 bilisairnae
839 3925 917 3989 gentis
929 3925 977 3974 fnit
989 3940 1082 3979 auctor.

153 4001 269 4064 quitatem
281 4009 442 4064 cognoscunt.
739 4019 765 4066 9.
780 4005 816 4052 M.
828 4002 936 4053 AEmr'lio.
956 4007 1061 4068 Scauro,
1075 4013 1116 4074 qni
1128 4021 1213 4068 som}

188 4079 213 4128 6,
228 4079 343 4144 Equesrri
360 4078 423 4127 loeo.
439 4076 573 4142 Sulpicium
587 4079 659 4128 fnisse
703 4081 749 4130 fnit
759 4099 824 4130 anno
837 4083 904 4144 638,
920 4085 1008 4134 iterum
1021 4103 1085 4138 anno
1100 4095 1159 4150 646.

1037 4174 1092 4246 33.
