3020 4668
275 362 343 436 330
586 367 633 434 Μ.
659 366 697 431 Τ.
724 364 1019 446 CICERONIS

273 497 467 582 patronum
492 506 552 554 me
577 487 615 554 in
642 482 740 556 hunc
763 508 899 556 anuum
920 484 1127 584 reipublicae
1148 486 1334 585 professus

272 599 368 665 sim:
393 593 457 666 sed
478 607 519 664 ut
543 592 693 664 doceam
714 594 879 684 Rullum,
903 595 1052 693 posthac
1071 597 1107 667 in
1131 597 1187 668 his
1208 598 1333 669 saltem

271 706 416 776 tacerel
432 701 561 791 rebus,
578 705 616 773 iu
633 700 767 801 quibus
781 703 826 778 de
845 729 882 776 se
898 720 936 776 et
954 703 998 776 de
1012 709 1086 777 suis
1105 704 1207 777 factis
1226 709 1333 778 taceri

269 815 364 886 velit.
387 815 561 886 Omnium
576 815 695 912 legum
711 815 971 912 iniquissimam
986 815 1334 914 dissimillimamque

271 925 358 1022 legis
373 948 451 996 esse
471 922 628 996 arbitror
643 949 742 1010 eam,
764 949 875 1023 quam
897 930 939 997 L.
960 925 1106 998 Flaccus
1116 921 1143 1014 ⁵,
1157 928 1333 1014 interrex,

269 1033 315 1108 de
336 1033 433 1106 Sulla
453 1036 556 1121 tulit,
579 1059 626 1106 ur
641 1059 780 1125 orrum,
803 1060 1031 1120 Quncusrous
1052 1061 1132 1108 rtur
1155 1061 1331 1124 rnorsssr,
1392 1105 1395 1116 ,

269 1165 394 1216 ussum
413 1170 519 1216 usus.
539 1146 629 1216 Nam
648 1168 763 1242 quum
775 1149 901 1218 ceteris
915 1148 954 1216 in
969 1145 1190 1235 civitatibus,
1209 1161 1330 1243 tyran-

271 1258 328 1327 nis
351 1255 546 1340 institutis,
570 1254 663 1351 leges
691 1278 817 1326 omnes
841 1257 1117 1354 exstinguantur
1136 1271 1245 1353 atque
1264 1255 1329 1328 tol·

272 1363 403 1451 lentur,
424 1364 483 1436 hic
502 1362 710 1462 reipublicae
730 1378 924 1462 tyrannum
944 1366 1023 1463 lege
1037 1363 1259 1438 constituit⁶.
1274 1370 1333 1437 Est

271 1475 444 1546 invidiosa
463 1474 540 1562 lex,
561 1477 653 1546 sicut
675 1474 772 1545 dixi:
796 1489 1046 1548 verumtamen
1067 1475 1178 1547 habet
1192 1499 1333 1546 excusa·

272 1586 421 1657 tionem.
443 1589 526 1660 Non
541 1588 637 1656 enim
652 1585 795 1656 videtur
809 1585 967 1656 hominis
979 1584 1037 1657 lex
1052 1609 1149 1673 esse,
1164 1583 1226 1655 sed
1242 1599 1331 1654 tem·

274 1696 382 1794 poris.
401 1687 517 1784 Quid,
532 1697 560 1765 si
581 1708 635 1766 est
655 1693 729 1766 haec
744 1694 859 1766 multo
876 1695 1148 1794 impudentior?
1167 1698 1259 1766 Nam
1272 1695 1335 1762 Va·

272 1803 358 1874 lerie
372 1804 450 1900 lege
467 1803 714 1900 Corneliisque
731 1803 869 1901 legibus
884 1806 1067 1902 eripitur⁷‚
1081 1827 1194 1901 quum
1210 1803 1333 1887 datur3

275 1914 510 2012 conjungitur
540 1913 730 2011 impudens
763 1912 974 2011 gratificatio
1011 1939 1093 1986 cum
1123 1910 1253 1984 acerba
1279 1913 1334 1982 in·

272 2026 393 2120 juria:
421 2023 484 2096 sed
508 2018 653 2096 tamen⁸
677 2021 786 2095 habet
812 2026 851 2094 in
881 2024 935 2096 his
961 2022 1098 2121 legibus
1119 2047 1222 2120 spem
1247 2046 1337 2092 nou·

275 2134 410 2206 nullam
431 2133 511 2221 ille,
534 2135 592 2204 cui
608 2133 800 2231 ademptus
817 2143 912 2220 est⁹;
929 2135 1087 2232 aliquem
1108 2132 1335 2230 scrupulum,

275 2245 333 2316 cui
354 2243 457 2315 datus
481 2259 544 2314 est.
565 2243 660 2314 Rulli
678 2245 796 2315 cautio
818 2259 870 2314 est
889 2244 982 2332 hac,
1002 2270 1082 2329 Qun
1099 2269 1187 2314 rosr
1201 2247 1241 2313 C.
1257 2249 1335 2314 Ms-

274 2379 380 2440 must,
398 2358 463 2426 Cu.
480 2358 670 2438 Prummu,
688 2366 905 2425 coustitusm.
918 2358 1035 2444 Quam
1051 2355 1209 2453 procula
1223 2356 1336 2451 suspi-

311 2603 335 2650 4.
350 2595 447 2641 Tacere.
459 2591 596 2640 Prudentia
607 2591 782 2652 liulliesse‚si
827 2593 894 2640 malit
916 2609 947 2641 ex
966 2593 1091 2642 nonnullis
1107 2593 1204 2642 MSStr's
1216 2593 1338 2656 «eripitur

275 2674 305 2722 de
318 2673 418 2738 reliquis
432 2673 559 2722 tuceudum
573 2672 620 2720 sibi
637 2687 688 2720 rrou
701 2660 780 2730 ducit,
828 2673 868 2720 cui
880 2671 951 2720 detur
960 2695 981 2722 a.
995 2673 1106 2722 Graevius
1116 2689 1147 2720 ex
1158 2673 1248 2720 Erfurt.
1260 2682 1284 2720 et
1295 2672 1337 2719 ri-

274 2771 302 2804 es
314 2763 378 2801 certe
391 2753 459 2801 alteri
473 2767 523 2800 nou
536 2751 657 2812 objicere,
669 2767 723 2814 quse
736 2749 783 2797 sibi
828 2751 923 2798 tbaesuo
937 2749 1022 2798 codice
1034 2751 1075 2814 qui
1088 2750 1178 2798 habeut
1192 2773 1204 2792 ι
1215 2752 1276 2813 erip.
1289 2749 1338 2797 ciri

274 2833 349 2896 objici
361 2835 507 2898 possint,et
518 2831 669 2880 occasionem
683 2829 783 2877 deseiu
828 2830 936 2888 datur»,
961 2831 1103 2879 Ciceronem
1125 2831 1250 2896 scripsisse
1269 2839 1339 2894 putet

275 2914 360 2962 melem
370 2925 460 2980 purtem
470 2911 586 2978 loquendi
595 2911 726 2976 praebeeut.
828 2911 915 2974 «erip.
935 2909 998 2968 ciri,
1013 2911 1061 2958 civi
1077 2911 1148 2960 detur
1167 2933 1191 2960 ι.
1210 2909 1337 2973 Vulgutum

310 2994 337 3044 ⁵.
347 2997 375 3044 t.
384 2995 496 3052 Flaccus,
505 2991 785 3050 iuterreae.llleiuterrex
827 3001 905 3038 servet
926 2987 1024 3038 Sclriits.
1053 2991 1100 3038 Sed
1119 2993 1153 3040 its
1171 3001 1200 3038 ut
1222 2989 1338 3037 omissum

274 3074 511 3136 fectue‚utcomitia
521 3069 635 3136 rogandis
644 3068 785 3118 consulibus
831 3089 842 3110 ι
854 3083 910 3131 ager
924 3089 936 3110 ι·
954 3083 968 3114 s
984 3067 1089 3117 librariis
1106 3069 1245 3118 arbitretur.
1266 3069 1338 3115 Certe

274 3153 387 3213 heberet,
400 3153 470 3202 cesis
483 3153 562 3200 Murio
577 3150 675 3212 juniore
688 3159 712 3197 et
724 3149 784 3196 Gar·
830 3147 912 3213 paullo
931 3147 992 3195 iut'rs
1016 3147 1116 3196 verbum
1136 3149 1185 3196 hoc
1208 3157 1245 3195 est
1266 3161 1339 3210 repc-

276 3232 358 3291 boue,
383 3233 472 3282 sullam
499 3231 641 3279 dictatorem
666 3227 730 3276 dixit
754 3225 786 3274 sd
830 3226 944 3274 neudum.

277 3328 356 3378 remp.
375 3311 567 3360 constituendum
588 3320 612 3356 et
634 3321 783 3370 compeueu·
865 3311 890 3358 8.
904 3307 954 3356 Sed
968 3319 1057 3354 tumen.
1070 3309 1172 3372 sperent
1185 3305 1249 3353 euim
1261 3303 1303 3350 elii
1312 3319 1338 3352 se

277 3384 785 3454 dem‚eteiquemsmplissimumimperium
829 3403 976 3451 susqueesse
986 3383 1337 3451 reeupenturos‚quibussger

276 3469 330 3534 lege
341 3483 384 3516 sus
399 3467 522 3526 attribuit,
535 3481 621 3528 nempe
633 3475 661 3511 ut
673 3463 786 3520 dictetur,
828 3467 956 3530 ademptus
974 3475 1025 3524 ⁰⁶²3
1043 3477 1068 3512 et
1086 3462 1204 3511 diffidunt
1224 3461 1278 3519 alti,
1299 3461 1339 3507 cui

276 3564 349 3612 quem
370 3547 443 3596 vellet
464 3545 570 3603 civium,
587 3542 677 3591 indicta
700 3557 785 3599 canu,
830 3545 900 3591 datus
916 3554 974 3601 est,
992 3558 1017 3590 se
1031 3553 1149 3606 perpetuo
1169 3553 1336 3603 possessus-ost

278 3627 377 3691 impune
387 3636 470 3691 posset
479 3624 601 3674 occidere.
831 3635 854 3671 et
866 3633 977 3670 metuunt
990 3637 1021 3668 ne
1032 3619 1104 3668 Sullre
1116 3629 1168 3668 acta
1181 3619 1240 3666 olim
1252 3616 1341 3664 resciu-

312 3709 337 3756 6.
357 3709 420 3772 ιαμ
437 3703 565 3753 coustituit.
586 3705 668 3766 Quum
686 3700 786 3748 deberet
831 3702 927 3750 duntur.
958 3713 963 3724 ·

276 3787 329 3851 lege
340 3797 471 3853 tyrannum
482 3783 565 3848 potius
579 3777 786 3828 tullum-Invi·
861 3779 890 3843 ᾖ,
909 3779 1042 3844 Adempms
1056 3787 1098 3824 est.
1117 3775 1225 3824 Verbum
1239 3789 1341 3837 unger-r·

277 3858 783 3929 diosc.Querinoruniumodiumincurrit.
831 3859 948 3906 excidisse
975 3857 1080 3910 videtur.
1119 3854 1189 3901 Melit
1221 3855 1342 3934 Puteeuus

306 3965 336 4008 Ι7.
370 3946 485 4011 lupum,
515 3959 588 4008 quum
614 3941 695 3988 datur.
721 3942 784 3987 Dum
830 3938 989 4003 redemptum
1001 3947 1074 3984 est...
1087 3934 1248 3982 mmmm».

277 4027 337 4074 ulter
359 4025 492 4090 spolietur,
526 4021 587 4071 alter
609 4019 783 4084 locupletatum
871 4033 909 4064 ro.
924 4008 1282 4064 Cousules.C.ldsriueetCn.
1295 4012 1343 4057 1³·-

279 4105 337 4154 alter
350 4105 447 4154 alterius
463 4104 549 4169 spoliis
562 4102 668 4151 ditescit.
685 4104 784 4150 Gruter.
830 4099 905 4162 pirius
919 4096 999 4146 Carbo
1016 4091 1165 4141 consulatum
1183 4105 1223 4136 su.
1241 4090 1272 4134 U.
1291 4088 1342 4146 672
