3018 4664
250 407 320 506 276
469 404 474 412 ·
564 409 611 476 u.
637 411 674 477 r.
700 407 992 479 ctcnnortts

243 531 385 604 romani
406 526 568 601 factum?
590 554 679 600 num
708 529 798 627 quid
828 553 942 601 causac
967 543 1042 617 est,
1064 531 1155 626 quin
1186 553 1317 602 omnes

244 666 367 740 agros,
393 637 524 728 urbes,
547 641 731 729 stativa¹²,
757 653 906 738 portus,
930 653 1042 712 totam
1073 638 1233 737 denique
1256 641 1316 712 Bi·

138 807 140 818 ,
243 753 407 849 thyniam
424 749 617 823 decemviri
632 749 814 822 vendituri
833 751 931 823 sint?

291 865 384 933 XVI.
401 860 499 952 Quid
516 861 698 958 Mitylenae
710 861 746 930 ¹?
764 885 845 959 quac
864 874 960 932 certe
975 875 1120 949 vestrae,
1139 862 1316 954 Quirites,

242 970 327 1042 belli
351 971 449 1068 lege,
472 994 514 1041 ac
539 971 694 1041 victoriae
715 971 796 1067 jure
823 969 1056 1043 factasunt:
1081 970 1172 1043 urbs
1193 975 1231 1044 'et
1251 997 1316 1044 na·

242 1097 344 1169 tura,
360 1096 398 1152 et
415 1085 505 1164 situ,
529 1095 566 1151 et
580 1081 823 1179 descriptione
842 1080 1077 1178 aedificiorum
1099 1095 1136 1152 et
1152 1082 1317 1180 pulchri·

242 1191 392 1279 tudine,
418 1191 455 1259 in
481 1191 607 1287 primis
637 1189 793 1278 nobilis,
819 1191 894 1287 agri
920 1191 1073 1287 jucundi
1098 1205 1134 1265 et
1159 1189 1314 1283 fertiles;

241 1325 376 1399 nempe
390 1299 518 1372 eodem
530 1300 646 1398 capite
658 1301 787 1372 inclusi
798 1302 1044 1373 continentur.
1057 1301 1156 1393 Quid
1166 1301 1316 1375 Alexan-

242 1411 349 1501 dria²,
360 1424 564 1506 cunctaque
578 1410 774 1508 AEgyptus?
788 1426 830 1481 ut
842 1410 984 1483 occulte
994 1407 1120 1482 latet³i
1133 1425 1175 1482 ut
1187 1437 1315 1484 recon-

241 1523 315 1594 dita
329 1521 406 1593 est?
419 1535 461 1590 ut
476 1518 601 1593 furtim
611 1533 687 1591 tota
701 1519 913 1594 decemviris
926 1519 1100 1592 traditur?
1112 1523 1203 1611 Quis
1216 1523 1315 1593 enim

241 1647 402 1705 vestrum
417 1630 489 1701 hoc
508 1632 671 1726 ignorat,
696 1627 789 1716 dici,
812 1629 901 1703 illud
923 1655 1078 1728 regnum
1097 1643 1314 1703 testamento

240 1745 336 1841 regis
355 1739 564 1828 Alexandri,
582 1740 711 1838 populi
732 1747 871 1813 romani
893 1767 970 1814 esse
986 1740 1144 1814 laetum?
1162 1744 1228 1812 Hic
1246 1765 1315 1839 ego

242 1854 370 1926 consul
399 1851 528 1950 populi
556 1853 696 1922 romani
719 1853 933 1925 non'modo
958 1853 1048 1924 nihil
1064 1853 1190 1949 judico
1200 1855 1228 1940 l,
1251 1851 1314 1925 sed

241 1989 306 2051 ne,
326 1961 414 2060 quid
431 1963 598 2050 sentiam,
614 1962 764 2059 quidem
780 1961 927 2062 profero
944 1992 952 2036 ε
969 1987 1098 2062 magna
1113 1965 1208 2034 enirn
1224 1962 1315 2034 mihi
1418 1951 1420 1954 ⁵

241 2099 298 2146 res
312 2097 386 2144 non
399 2068 511 2142 modo
530 2071 574 2142 ad
589 2072 842 2162 statuendum,
861 2075 924 2146 sed
939 2079 1045 2146 etiarn
1061 2073 1314 2146 addicendum

240 2182 497 2254 videturesse.
531 2179 666 2268 Video,
697 2185 761 2280 qui
793 2199 1049 2256 testamentum
1076 2183 1213 2257 sactum
1236 2185 1314 2256 ess'e

242 2293 454 2378 confirmet;
482 2296 733 2364 auctoritatem
754 2291 925 2368 senatus⁵
946 2309 1084 2367 exstare
1105 2294 1315 2367 hereditatis

240 2481 285 2514 aex
299 2463 421 2528 Bithyniae
439 2463 545 2510 moriens
558 2463 678 2526 populum
692 2477 756 2514 rom.
799 2486 917 2527 emtum
934 2487 997 2535 em,
1012 2485 1155 2540 propium,
1176 2476 1256 2540 inquit
1271 2475 1314 2524 ct.

239 2543 355 2594 here‘lem
364 2543 465 2600 fecem·
473 2542 543 2603 euim
552 2557 653 2606 ”gnum
662 2542 689 2590 5¹¹
698 2559 756 2607 1²1⁰·
800 2571 869 2615 cero,
881 2573 906 2603 ae
917 2555 983 2604 nolle
996 2556 1041 2603 hac
1055 2555 1086 2602 de
1099 2571 1125 2602 re
1137 2555 1256 2616 judicare.
1267 2555 1315 2604 Ce-

241 2625 329 2673 vinciae
343 2623 445 2670 sormam
458 2621 536 2669 suerat
550 2621 686 2672 redactum.
801 2645 880 2683 rernm
894 2644 919 2682 et
931 2636 984 2698 ipae
997 2633 1081 2682 0.de
1095 2633 1127 2682 de
1140 2650 1211 2682 am
1224 2635 1316 2684 omio-

279 2719 319 2752 aa.
333 2701 434 2750 Statim.
448 2697 529 2749 Codd.
541 2699 607 2750 titt.
622 2712 648 2750 et
666 2702 757 2750 Erfurt.
801 2729 857 2762 „em
869 2713 968 2774 habuit,
979 2727 1034 2777 qm
1051 2712 1191 2762 inscribitur
1204 2715 1236 2761 de
1251 2715 1317 2779 Rege

241 2796 340 2850 stagna.
353 2784 379 2832 J·
388 2782 420 2828 V·
433 2781 462 2828 1³·
802 2791 988 2850 Alexandriae,
1004 2793 1073 2854 anina
1086 2808 1170 2840 recena
1184 2802 1251 2840 emta
1266 2791 1315 2840 lra-

277 2863 349 2910 ΧΠ·
373 2875 396 2908 ¹·
416 2857 551 2917 Mllrlffloe·
570 2859 632 2921 Q¹¹ae
648 2859 708 2908 urb·
730 2861 757 2908 5¹¹
801 2883 896 2937 gmenta
910 2871 991 2920 loeum
1004 2869 1070 2919 hune
1083 2871 1181 2920 clariori
1194 2871 1247 2920 luae
1261 2870 1316 2920 col·

241 2941 321 2991 Lesbo
332 2937 426 2999 inanla,
440 2937 508 3001 qnod
516 2935 668 2986 Mithridatia
675 2949 756 3003 perrea
799 2952 911 3000 tumme,

241 3030 343 3085 mlum
364 3027 428 3078 ²¹¹¹·
449 3027 474 3064 ‘²
491 3015 628 3080 *infinum
646 3033 676 3065 ¹⁰
695 3019 756 3068 ¹5⁰⁸
837 3033 861 3079 3.
873 3031 972 3080 Occulta
985 3030 1055 3078 latet.
1069 3031 1103 3078 tJt
1116 3029 1162 3078 aab
1173 3030 1222 3079 hoe
1234 3030 1315 3094 capite

240 3100 359 3166 plurimos
369 3094 755 3162 vinctoaeitradiderat,paullo
799 3109 893 3167 latim,
917 3110 1027 3174 clamque
1054 3119 1078 3158 οι
1100 3109 1185 3158 summ
1209 3109 1315 3158 maim·

241 3190 297 3228 ante
307 3178 379 3226 Sullae
388 3186 491 3225 mortem
499 3185 569 3240 capta
579 3187 626 3235 eat,
635 3188 658 3225 et
667 3193 754 3244 magna
800 3179 953 3231 decemvir-ia.
964 3183 1014 3229 Lex
1027 3180 1092 3229 eninr
1101 3181 1181 3228 omnia
1195 3180 1315 3245 populum

242 3267 350 3322 exparte
360 3253 537 3312 diminutam
548 3254 684 3305 libertatem
696 3261 754 3307 ami·
799 3271 915 3324 praetenta
935 3262 1035 3322 justitie
1056 3260 1138 3324 specie
1157 3259 1243 3308 fraude
1265 3260 1314 3306 cir·

242 3339 286 3394 ait,
299 3336 326 3382 in
340 3350 412 3399 quam
425 3343 522 3398 postea,
539 3333 665 3384 adnitente
676 3337 756 3386 Theo·
799 3340 976 3390 conveniebat.

243 3415 339 3480 phane,
356 3431 370 3462 a
386 3413 503 3477 Pompeio
520 3413 632 3464 restitrm
651 3428 697 3464 eat.
718 3419 755 3467 De
835 3427 860 3475 4.
887 3419 957 3468 Nilril
971 3419 1067 3486 judico.
1089 3417 1173 3467 Meum
1193 3416 1314 3479 iudicium

241 3495 348 3560 pulchro
356 3493 430 3554 hnjua
437 3491 506 3540 urbia
514 3493 562 3540 altu
569 3495 687 3545 viavitr.
698 3501 718 3557 Ι,
730 3499 755 3547 6.
800 3512 925 3564 meamque
933 3499 1076 3548 sententiam
1086 3514 1137 3546 non
1146 3497 1315 3561 interponam,

278 3591 303 3623 a.
318 3570 483 3622 Alexandria.
498 3571 640 3622 Ptolemaeus
651 3574 755 3624 Alexan·
799 3577 894 3627 tantum
901 3578 961 3642 qnid
967 3577 1009 3625 alii
1018 3577 1101 3625 dicant
1108 3575 1315 3625 commemorabo.

242 3657 286 3705 der
301 3657 341 3714 Il,
355 3656 396 3718 qui
406 3656 474 3719 Tyro
489 3655 559 3702 exanl
573 3667 686 3704 mortuns
704 3669 752 3717 eat,
836 3659 860 3705 5.
888 3657 1066 3705 Auctoritatem
1088 3666 1194 3707 senatus.
1222 3656 1314 3704 Senatu

240 3735 361 3800 populum
382 3749 445 3782 rom.
466 3733 579 3781 heredem
601 3735 754 3796 instituerat,
796 3736 897 3798 iubente
910 3737 1000 3784 aditam
1012 3752 1063 3784 eaae
1076 3733 1235 3783 hereditatem
1243 3733 1311 3793 acio,

240 3828 269 3864 ut
282 3814 403 3879 superiori
417 3815 526 3862 oratione
537 3813 588 3874 jam
602 3815 695 3862 dietum
708 3827 752 3865 eat.
798 3815 897 3879 qnando
909 3815 1001 3880 legatos
1010 3816 1117 3863 decrerit
1126 3814 1190 3861 mitti
1199 3823 1313 3872 senatus,

241 3893 364 3957 Quoniam
379 3904 460 3941 autem
475 3907 527 3941 non
539 3893 598 3940 eatis
611 3893 751 3954 constabat,
798 3895 842 3958 qni
858 3896 974 3959 pecuniae
985 3895 1045 3958 Tyri
1059 3909 1073 3941 a
1088 3879 1223 3942 Ptolemae
1236 3891 1317 3956 depo·

241 3983 441 4021 testamentumne
465 3987 522 4020 vere
550 3972 641 4022 laetum
663 3992 677 4023 a
700 3991 756 4040 rege
799 3974 857 4021 altas
875 3985 1034 4040 recuperaret.
1056 3973 1095 4022 Cl.
1114 3971 1262 4034 Weaaeling.
1284 3969 1317 4018 ad

239 4055 315 4104 “mr
324 4059 374 4106 (1¹1⁰
385 4059 486 4106 regnum
495 4044 591 4108 populo
600 4045 756 4111 relinqueret,
800 4055 911 4102 Samaom
926 4054 1019 4104 Chron.
1030 4068 1071 4101 an.
1087 4051 1118 4099 U.
1132 4051 1183 4112 674
1193 4084 1201 4113 ,
1214 4052 1281 4111 689,
1291 4060 1318 4097 et

236 4137 312 4186 eaque
326 4121 357 4168 de
371 4137 396 4168 re
410 4123 436 4169 in
449 4133 540 4170 aenatn
553 4127 678 4174 aententiia
692 4143 756 4193 repe
799 4133 824 4180 J,
839 4137 864 4182 F,
877 4133 988 4180 Gronov,
1001 4131 1032 4179 ad
1045 4131 1101 4178 niv.
1114 4131 1141 4190 1,
1157 4144 1182 4178 a.
