3020 4666
616 328 892 418 EXCURSUS.
1220 359 1290 434 ao7

214 449 369 518 titulusiu
383 447 716 532 Pandectis,XLVlII
725 497 734 533 ,
753 473 812 517 10:
828 450 893 516 ude
904 451 939 516 1.
951 451 1099 520 Cornelia
1109 453 1151 520 de
1162 456 1292 543 falsis»,

213 579 281 648 quo
306 557 402 622 etiam
427 556 468 621 de
489 557 580 621 salsis·
593 557 744 628 nummis,
762 557 879 647 egitur.
905 559 983 623 Haec
1006 576 1117 626 autem
1139 561 1292 632 dlvidunt

212 662 405 745 Theodosii,
422 678 456 727 et
469 663 642 728 Iustiniani
662 662 791 728 codices
811 686 819 727 t
839 662 966 729 addunt
978 665 1066 730 enim
1083 668 1113 732 ei
1134 669 1230 734 titulo
1243 673 1290 737 al·

213 787 320 836 terum
337 769 379 834 de
379 767 479 858 falsa
497 784 634 834 moneta.
655 767 719 834 sed
736 769 832 834 etiarn
849 769 911 858 ipsi
933 771 995 860 legi
1012 773 1172 838 Corneliae
1191 791 1290 842 testa·

212 877 377 942 memoriae
390 876 493 941 multa
502 877 609 959 sctis,
622 892 655 940 et
666 876 851 965 principum
865 878 1156 946 constitutionibus
1167 881 1290 965 adjecta

212 982 313 1047 fuisse
327 997 475 1058 constat,
492 997 530 1046 ut
550 997 638 1046 recte
654 981 883 1046 animadvertit
898 983 1121 1075 Schultingius
1137 988 1180 1053 ad
1197 991 1290 1056 Pauli

212 1090 358 1155 Sentent.
373 1090 428 1173 tv,
445 1113 483 1178 7,
503 1094 520 1169 §
539 1111 566 1154 1.
579 1089 665 1152 Eum
679 1088 754 1153 vide
765 1111 900 1177 quoque
914 1089 954 1154 ad
968 1093 1078 1158 eumd.
1093 1094 1133 1176 V,
1152 1095 1211 1182 25,
1221 1103 1239 1180 s
1254 1123 1291 1184 2,

212 1213 245 1261 et
268 1196 394 1285 ipsum,
421 1193 513 1284 quod
539 1195 644 1278 citat,
661 1194 791 1283 Ulpiani
816 1195 1035 1284 fragmentum
1058 1199 1093 1264 in
1118 1201 1200 1268 Coll.
1224 1205 1286 1272 LL.
1372 1193 1375 1198 ’

211 1303 296 1368 Mos.
314 1303 411 1378 VIII,
434 1323 466 1388 7.
483 1301 532 1366 Ex
550 1301 600 1390 liis
621 1301 709 1366 enim
728 1300 822 1366 facile
839 1301 1015 1392 colligitur,
1031 1327 1104 1392 quse
1122 1307 1221 1374 habet
1242 1311 1289 1376 ibi

212 1408 350 1490 Paulus,
367 1423 399 1472 et
418 1407 602 1472 Marcianus
619 1407 681 1498 leg.
699 1431 735 1489 1,
757 1409 796 1474 D.
816 1407 888 1473 eod.
907 1407 949 1473 de
965 1409 1091 1490 judicio
1110 1431 1287 1506 corrupto,

211 1536 350 1602 quaeque
362 1513 441 1604 legis
460 1512 660 1601 Semproniae
673 1513 770 1592 jussis
787 1511 934 1578 veneficii
953 1517 1124 1602 quoestioni
1137 1541 1197 1608 per
1210 1522 1287 1587 Sul.

210 1620 274 1685 lam
291 1619 446 1710 colligatis
465 1619 581 1683 similia
600 1635 694 1701 sunt,
716 1641 753 1684 ea
770 1617 889 1684 talibus
906 1619 1133 1689 additamentis
1156 1643 1287 1717 accepta

212 1749 281 1792 esse
296 1726 428 1792 ferenda
437 1726 660 1814 ,nullumque
681 1727 777 1814 plane
792 1743 1023 1817 argumentum
1037 1731 1197 1818 prebere,
1216 1759 1286 1824 quo

211 1833 336 1953 legem,
355 1833 608 1922 quaestionemve
622 1831 663 1897 de
676 1833 778 1898 falso
766 1849 934 1916 junctam,
953 1851 987 1900 et
1003 1835 1144 1904 additam
1161 1841 1285 1908 venefi-

211 1939 268 2004 ciis
283 1941 514 2008 existimemus
532 1938 684 2066 Sigonius
700 1939 742 2004 de
758 1937 832 2004 lud.
846 1940 897 2021 ll,
917 1939 974 2024 32,
992 1944 1094 2008 multa
1111 1949 1283 2035 praeteriit,
1358 1937 1365 1944 ⁵

210 2069 313 2136 pauca
329 2045 594 2167 dixitambigue:
587 2020 719 2112 *locum
733 1989 1099 2134 Tull1nnveri.l„42
1110 2052 1151 2116 ab
1164 2055 1282 2145 altero

210 2175 309 2239 quem
327 2153 397 2241 ipse
412 2153 542 2234 recitat,
559 2148 600 2215 de
613 2153 656 2216 N.
673 2153 713 2215 D.
730 2153 795 2235 Ill,
808 2149 893 2233 3o,‘
884 2153 1089 2241 staexplieari
1104 2181 1171 2222 non
1187 2159 1283 2241 vidit,

209 2274 248 2323 ut
261 2281 301 2326 ex
316 2275 458 2346 utroque
473 2256 616 2322 falsarios
632 2257 774 2345 primum
784 2258 863 2348 lege
881 2257 976 2324 Sullae
990 2261 1148 2328 coercitos
1163 2265 1284 2332 intolli-

210 2387 339 2454 gamus,
356 2365 487 2453 publica
499 2363 685 2452 quaestione
701 2363 873 2430 instituta:
896 2380 1005 2430 tamen
1028 2367 1133 2456 legem
1155 2370 1240 2438 hanc
1264 2399 1283 2442 a

209 2471 324 2536 ceteris
344 2470 474 2538 videtur
490 2493 669 2560 separasse,
685 2487 724 2534 ut
740 2487 827 2536 certe
843 2472 1057 2558 quaestionem
1076 2474 1154 2543 ibid.
1173 2479 1206 2544 II
1215 2530 1226 2563 ,
1243 2486 1282 2566 4,

209 2593 418 2668 separaverat.
431 2578 636 2661 Quaestiones
651 2577 751 2667 igitur
760 2600 878 2642 novem
890 2578 970 2643 sorti
983 2582 1282 2674 committebantur,

208 2698 247 2748 ut
264 2690 281 2765 §
300 2682 319 2749 3
336 2684 530 2749 statuimus:
544 2706 620 2748 narn
634 2682 676 2748 de
698 2683 731 2747 vi
749 2683 880 2771 publica
899 2683 1035 2748 alterum
1052 2685 1137 2752 inter
1150 2691 1281 2760 sicarios

208 2805 380 2880 pretorem
402 2790 554 2879 quesisse
571 2789 685 2854 docuit
707 2788 858 2878 praeclare
873 2789 1036 2854 Femtim
1062 2791 1104 2856 ad
1126 2817 1195 2884 cap.
1221 2797 1282 2886 533

208 2918 317 2984 neque
325 2896 716 2986 Sigonio,sententiaeque
725 2896 884 2960 assentior
894 2895 996 2960 ferme
1006 2901 1191 2984 communi,
1209 2927 1282 2992 quae

208 3001 448 3090 infrequentem
469 3000 632 3090 parricidii
655 3000 868 3088 questionem
887 3000 916 3065 ei
937 3002 1068 3089 praetori
1090 3004 1222 3091 tribuit,
1238 3012 1281 3076 ab

208 3107 294 3172 Sulla
315 3131 392 3172 cum
415 3107 513 3171 altera
532 3106 572 3172 de
591 3107 714 3194 privata
733 3105 820 3170 caede
836 3104 1063 3190 conjunctam,
1086 3131 1184 3197 quam
1197 3118 1281 3181 veri-

206 3213 312 3280 sirnile
325 3235 394 3278 ιιοιι
408 3229 457 3279 est
471 3229 647 3300 separatam
664 3213 734 3299 lege
748 3211 902 3298 Pompeia
916 3210 1026 3278 fuisse.

252 3321 328 3385 XII.
346 3322 424 3386 Haec
441 3342 503 3384 nos
522 3341 561 3383 eo
577 3317 719 3397 ducunt,
742 3332 780 3380 ut
796 3317 1014 3404 quaestionum
1034 3339 1132 3385 causa
1145 3323 1282 3404 jurisdi-

208 3426 350 3490 ctionem
371 3425 530 3490 urbanam
548 3445 624 3488 cum
643 3422 813 3512 peregrina
830 3422 1004 3512 conjungi,
1024 3426 1200 3516 ambasque
1221 3437 1280 3502 uni

207 3533 355 3597 Antonio
377 3531 532 3597 obvenire
553 3553 619 3596 non
642 3528 789 3619 potuisse
813 3527 994 3594 credamus.
1015 3532 1099 3596 Nam
1117 3551 1152 3598 et
1174 3559 1211 3602 ea
1228 3562 1281 3606 ree

207 3654 287 3703 tnnc
301 3661 370 3704 esse
379 3653 536 3728 perpetua
544 3635 725 3717 debuisset,
744 3650 777 3701 et
790 3635 871 3700 nibil
886 3635 1058 3719 intererat,
1069 3637 1185 3706 duaene
1195 3667 1282 3732 quoe-

207 3745 343 3826 stiones,
354 3768 394 3808 an
406 3761 472 3808 tres
483 3759 621 3832 praetore
631 3741 1034 3808 carerentllerumtamem
1043 3743 1112 3808 haec
1123 3763 1191 3812 erat
1202 3752 1281 3820 nodi

207 3848 353 3915 solvendi
369 3850 451 3915 ratio
470 3850 567 3939 longe
581 3849 792 3939 probabilior,
810 3848 885 3914 lieet
899 3847 1039 3930 nemini,
1056 3850 1147 3936 quod
1164 3858 1280 3946 sciam,

206 3957 240 4021 in
257 3973 402 4022 mentem
420 3957 556 4022 venerit.
575 3957 730 4045 Exemplo
745 3954 879 4044 quidem
893 3954 1022 4020 Liviana
1038 3953 1080 4020 de
1095 3961 1279 4039 conjunctis

206 4063 504 4144 iurisdictionibus,
523 4083 595 4150 quat
611 4061 731 4152 lllylius
746 4059 787 4126 ad
804 4059 975 4146 Theophil.
993 4082 1065 4154 pag.
1087 4064 1189 4154 1089,
1209 4073 1280 4142 alii.
