2988 4668
360 399 453 468 ruo
476 399 847 470 tunsoossusms
873 391 1093 468 nonanus.
1194 391 1266 466 615
1318 343 1324 360 ⁸

189 519 316 604 oudini,
345 537 480 611 propter
502 519 603 586 solius
623 521 722 602 hujus
737 523 798 586 siri
816 522 1056 588 accusationem
1078 519 1171 584 nullo
1189 510 1272 584 tdste

189 629 381 717 probatam,
400 628 595 717 turpissimae
611 627 753 692 infamiae
766 641 843 693 nota
855 629 1017 710 inuratur,
1030 625 1178 715 illudque
1187 647 1271 715 prae·
1346 665 1352 678 κ

190 735 322 817 sertim,
335 757 441 823 quum
455 749 564 823 pateat
575 733 692 798 falsum
708 751 779 799 esse
796 751 903 800 totum
919 735 1061 818 ιιίιιιειι,
1076 749 1108 798 et
1119 731 1272 797 adversus

191 842 384 907 innocentes
397 839 787 930 confictum,1psumque
803 856 1026 906 accusatorem
1045 839 1107 904 alio
1123 853 1276 928 ternpore

191 947 287 1036 plane
299 946 461 1012 contraria
482 944 623 1028 dixisse
639 969 675 1011 ac
697 945 840 1036 deniqne
855 969 932 1010 eum
949 944 1025 1011 facti
1046 946 1097 1009 sui
1118 959 1150 1010 et
1149 945 1273 1070 Ι-Ριιιιιί

192 1053 308 1136 tuisse,
321 1069 354 1117 et
366 1045 546 1142 puduisse?

237 1158 359 1224 Omnia
378 1158 448 1222 hoee
466 1156 652 1247 singulatim
676 1157 896 1242 confirmabo5
921 1157 978 1222 sed
1001 1171 1115 1238 antea,
1133 1171 1177 1220 n'e
1193 1157 1274 1220 nihil

193 1288 289 1355 agere
308 1281 434 1330 etcum
453 1263 549 1329 larris
561 1285 707 1354 pugnam
715 1265 836 1348 ridear,
847 1266 959 1354 paucis
975 1257 1157 1353 disceptare
1171 1258 1275 1345 liceat,

194 1384 307 1436 utrum
321 1391 399 1436 vere
415 1370 532 1435 dixerit
549 1371 598 1434 Cl.
617 1369 904 1460 Schultingius(1),
922 1389 1036 1435 contra
1050 1369 1274 1457 jurisperitos,

195 1495 344 1544 veterum
367 1480 639 1569 superstitionum
659 1495 807 1562 tenaces,
829 1495 862 1544 et
875 1481 970 1545 talem
988 1493 1117 1568 poenatn
1130 1493 1276 1542 comme·

194 1585 294 1667 ritos,
321 1587 460 1651 minime
474 1602 584 1651 autem
608 1585 762 1651 adversum
781 1587 889 1675 ipsum
909 1589 963 1674 jus
980 1585 1074 1650 civile
1090 1615 1104 1640 «
1119 1583 1275 1648 directam

195 1691 296 1756 fnisse
307 1691 396 1756 illam
408 1694 564 1758 orationis
576 1707 737 1782 parterm
754 1692 883 1782 quodsi
898 1709 1011 1757 verum
1024 1692 1124 1771 foret,
1139 1679 1277 1753 crimina

195 1800 256 1864 ista
275 1794 421 1864 refellere
438 1800 520 1865 tanti
537 1817 649 1865 nostra
662 1821 730 1865 non
746 1802 939 1865 interesset:
958 1798 1038 1888 quid
1054 1797 1142 1862 enim
1160 1795 1202 1860 ad
1214 1812 1278 1859 nos

195 1907 333 1989 attinet,
345 1905 518 1994 plebemne
534 1907 614 1989 sibi,
634 1928 695 1972 nec
707 1925 767 1989 ne,
781 1907 970 1972 obstrictam
989 1923 1101 1970 tenere
1111 1904 1277 1968 voluerint·

195 2012 356 2093 consulti,
382 2010 566 2075 dummodo
592 2011 679 2075 nulla
701 2011 779 2076 inde
793 2012 858 2093 juri
882 2028 996 2076 nostro
1013 2009 1101 2074 labes
1125 2007 1277 2097 adspersa

196 2117 317 2182 fuerit?
341 2115 406 2181 Sed
421 2116 514 2180 aliter
532 2137 567 2180 se
584 2137 637 2180 res
653 2116 770 2199 habet,
785 2116 939 2204 aliudque
957 2131 1114 2194 eventus,
1132 2130 1186 2194 et,
1205 2135 1277 2200 quse

197 2246 237 2288 ex
253 2223 315 2287 hae
338 2222 486 2287 oratione
507 2219 685 2304 ducuntur,
702 2239 893 2311 argumenta
910 2221 1039 2286 docent.
1069 2220 1111 2282 Et
1133 2217 1278 2306 primum

198 2324 299 2388 sumit
326 2325 376 2386 rir
391 2323 438 2386 Gl.
454 2322 546 2410 quod
564 2322 774 2411 probandum
792 2339 867 2387 ante
888 2325 1010 2403 fuerat,
1035 2321 1079 2384 ob
1099 2319 1277 2384 'vorborum

198 2445 233 2494 et
247 2429 494 2494 solemnitatum
516 2448 629 2493 euram
647 2429 825 2520 culpandos
843 2431 942 2494 finisse
960 2426 1160 2516 prindentes:
1179 2426 1278 2488 inno-

199 2552 310 2601 centes
323 2549 413 2600 certe
422 2533 495 2598 illos
506 2535 567 2600 hac
578 2553 668 2625 parte
683 2535 907 2600 demonstrare
917 2535 1057 2598 annitar
1069 2531 1178 2596 Dein
1169 2547 1278 2620 ipsum

196 2643 252 2724 jus
264 2641 359 2706 civile
370 2640 457 2704 hae
448 2641 552 2704 ironia
566 2641 748 2746 appetitum
763 2640 886 2721 fuisse,¹
900 2639 1109 2702 manifestum
1123 2637 1279 2700 orationis

200 2747 374 2814 consilium
392 2761 442 2811 est
461 2762 677 2835 argumento,
695 2764 759 2832 qua
776 2743 821 2807 id
818 2745 893 2834 egit
909 2744 1044 2822 Cicero,
1068 2757 1106 2805 ut
1118 2741 1281 2829 jurispru-

201 2855 346 2920 dentiam
363 2875 433 2940 Ρη
448 2852 578 2916 militari
602 2867 671 2914 arte
693 2867 727 2915 et
744 2851 931 2938 eloquentia
955 2848 1114 2928 abjectam
1136 2867 1221 2930 esse,
1248 2863 1281 2912 et

203 2977 336 3024 tenuem
353 2958 522 3022 scierstiam
539 2954 747 3037 ostenderet3
762 2955 919 3019 manime
937 2972 1016 3018 vero
1032 2969 1146 3018 eontra
1162 2954 1280 3016 Schul-

202 3061 342 3151 tingium
359 3059 485 3124 faciunt
499 3058 568 3147 ipsa
594 3057 730 3122 oratoris
748 3057 846 3122 verba
861 3079 869 3120 τ
882 3055 1052 3119 «Primum
1081 3053 1221 3143 dignitas
1245 3054 1279 3116 in

203 3184 271 3232 tam
289 3167 381 3231 tenui
397 3165 529 3230 seientia
547 3187 621 3252 qum
637 3180 746 3253 potest
762 3185 848 3244 esse3
866 3180 920 3226 res
935 3178 1013 3226 suut
1030 3180 1159 3250 parrae,
1176 3177 1281 3249 prope

203 3274 237 3337 in
255 3272 389 3363 singulis
405 3271 510 3335 literis·
524 3286 624 3359 atque
641 3269 966 3358 interpunctionibus·
982 3267 1158 3332 verborum
1179 3281 1280 3330 oocu-

203 3397 296 3469 patae.
324 3377 473 3460 Deinde,
501 3377 625 3442 etiamsi
643 3375 725 3465 quid
748 3374 835 3466 apud
853 3377 991 3456 majores
1011 3389 1142 3438 nostros
1160 3372 1224 3436 fuit
1245 3373 1280 3435 in

205 3487 268 3550 isto
290 3483 401 3549 studio
428 3481 671 3564 admirationis,
694 3481 747 3564 id,
770 3481 946 3546 enuntiatis
972 3480 1086 3544 vestris
1104 3477 1280 3566 mysteriis,

206 3608 312 3656 totum
330 3610 379 3658 est
398 3607 625 3680 contemptum
645 3606 678 3654 et
692 3591 853 3670 abjectum
865 3619 890 3654 ι.
902 3593 949 3655 Ac
962 3573 1112 3669 tand'em,
1135 3585 1283 3674 quamvis

206 3698 288 3761 nihil
304 3698 338 3760 in
362 3698 433 3786 ipso
455 3699 528 3779 jure
544 3695 805 3785 reprehendisset
821 3696 956 3776 Cicero,
974 3695 1001 3758 si
1021 3695 1071 3758 vel
1095 3693 1205 3758 saltem
1226 3715 1282 3774 ea,

205 3827 279 3892 quae
292 3802 332 3866 de
345 3804 361 3866 J
364 3803 433 3867 Ctis
450 3803 617 3884 dicuntur,
627 3825 702 3866 vera
715 3801 867 3882 fuissent,
879 3817 1004 3879 actum,
1016 3789 1141 3862 medius
1156 3797 1283 3862 Fidius!

207 3906 247 3974 de
263 3907 414 3974 universa
423 3904 508 3972 foret
517 3907 789 3998 jurisprudentia,
801 3931 894 3988 nam,
906 3907 932 3970 si
945 3899 989 3970 illi
1001 3905 1164 3993 ,aquibus
1174 3920 1285 3967 ortum

245 4143 285 4212 (ι)
302 4147 339 4194 De
351 4143 458 4209 Jurupr.
473 4143 592 4208 Ciopug.
609 4145 675 4204 251,
687 4153 710 4192 et
724 4155 782 4210 pag.
795 4143 853 4205 ²7⁸·
