3018 4664
514 347 900 419 ARGUMENTUM.
1171 343 1239 420 385

215 470 302 530 tionis
318 472 349 529 ri
364 469 521 548 abreptus,
541 469 572 528 io
585 470 661 528 hauc
677 469 774 547 erupit
794 470 968 542 orationem,
993 487 1059 548 qnae
1078 487 1139 527 nou
1150 472 1243 550 map‘s

213 585 355 625 summum
369 578 518 624 oratorem
536 584 624 644 quam
641 565 829 624 fortissimum
847 585 881 623 ac
901 563 1004 643 patriae
1017 564 1243 624 amantissimum
1331 555 1333 560 ’

215 663 310 722 virum
324 663 415 721 decet.

255 761 291 818 In
303 760 364 838 ejus
375 759 508 832 exordio,
521 759 600 837 quod
616 758 717 818 dolore
730 772 759 816 et
772 759 815 817 ira
827 778 995 836 expressum
1006 779 1106 819 omnes
1118 779 1244 832 novere,

213 860 312 916 atatim
328 858 458 916 Catilinae
470 854 629 935 exprobrat
639 856 802 927 audaciam,
813 875 870 934 qua
884 875 962 928 usus,
979 857 1110 934 quamvis
1125 858 1244 916 consilia

215 973 268 1012 auo
281 955 424 1032 patefacta
438 973 499 1011 esse
511 952 666 1030 intelligat,
686 964 782 1010 tamen
802 952 833 1010 in
849 965 979 1010 senatum
993 953 1092 1012 venire
1111 973 1177 1030 non·
1187 953 1244 1012 du-

216 1049 304 1124 bitet,
324 1071 386 1130 cap.
403 1071 426 1107 ι.
441 1054 516 1108 Τιιιιι
532 1048 659 1108 ostendit
670 1069 707 1107 ex
721 1048 838 1108 decreto
855 1063 970 1108 senatus
981 1049 1041 1126 jam
1054 1062 1120 1108 ante
1134 1069 1173 1109 xx
1185 1049 1247 1108 dies

185 1187 187 1194 ι
218 1147 294 1206 lacto
313 1147 464 1206 Catilinam
479 1147 603 1204 interfici
620 1145 764 1223 potuisse,
783 1157 816 1202 ut
831 1144 981 1216 consules,
1001 1146 1052 1225 qui
1066 1165 1132 1204 eum
1147 1147 1248 1205 vivere

218 1241 314 1302 adhuc
323 1242 400 1320 passi
410 1243 477 1314 sint,
490 1241 601 1300 inertias
610 1241 725 1318 culpam
739 1241 916 1299 contraxisse
925 1240 1088 1300 videantur.
1100 1241 1157 1300 Sed
1167 1241 1248 1320 quod

215 1337 276 1416 jam
294 1336 408 1416 pridem
421 1338 529 1396 sactum
540 1355 602 1396 esse
617 1337 796 1414 oportuerit,
814 1335 844 1394 id
858 1336 934 1394 hanc
948 1335 987 1400 ob
1000 1355 1115 1396 ceruam
1131 1357 1161 1395 se
1173 1357 1249 1396 non-

219 1433 288 1492 dum
301 1431 406 1491 adduci
421 1445 454 1490 ut
470 1431 569 1503 faciat,
583 1431 663 1509 quod
681 1431 779 1491 utilius
791 1432 827 1490 sit
839 1429 942 1490 urbem
958 1433 1095 1511 periculis
1110 1431 1147 1492 ab
1159 1453 1195 1492 eo
1205 1433 1250 1492 in·
1336 1483 1338 1493 .

221 1529 338 1587 tentatis
351 1528 411 1606 ejus
424 1527 550 1588 discessu
562 1527 660 1606 potius
677 1547 764 1605 quam
782 1527 926 1606 supplicio
948 1527 1081 1601 liberari,
1095 1550 1122 1587 a.
1147 1534 1251 1608 Itaque

189 1681 195 1688 .
222 1624 447 1694 urbeexcedere
462 1624 615 1684 Catilinam
624 1623 725 1702 jubet3
740 1624 812 1682 nihil
828 1625 904 1682 enim
920 1644 981 1684 esse
993 1625 1072 1703 quod
1084 1640 1250 1704 exspectet,

221 1719 358 1780 omnibus
371 1721 434 1799 ejus
446 1721 573 1779 consiliis
584 1720 735 1778 illustratis
749 1733 779 1778 et
792 1721 1031 1798 patefactis,.3·5.
1042 1721 1122 1782 Nihil
1139 1743 1205 1782 eum
1219 1724 1251 1781 in

223 1814 278 1876 bac
293 1817 365 1876 urbe
380 1818 524 1876 delectare
539 1835 640 1896 posse,
659 1816 690 1874 in
709 1835 767 1893 qua
779 1835 864 1874 nemo
877 1817 914 1876 sit
927 1829 1009 1876 extra
1020 1819 1251 1896 conjurationem

223 1915 404 1994 perditorum
416 1915 583 1987 hominum,
596 1913 647 1991 qui
661 1934 726 1972 eum
737 1907 796 1972 nou
806 1927 930 1985 metuat,
944 1935 1030 1973 nemo
1044 1917 1095 1992 qui
1109 1937 1167 1974 non
1183 1916 1254 1976 ode·

223 2013 275 2084 rit,
290 2015 325 2086 6,
343 2033 370 2086 7.
389 2010 549 2084 Accedere,
562 2009 643 2089 quod
657 2029 687 2068 se
704 2010 767 2089 ipse
787 2011 912 2070 voluerit
937 2011 1062 2070 vitaudae
1080 2012 1252 2092 suspicionis

224 2129 310 2168 causa
324 2110 355 2168 iu
367 2108 527 2168 custodiam
539 2108 654 2167 tradere
663 2110 711 2166 Μ’.
726 2106 849 2185 Lepido,
863 2108 995 2167 Ciceroni
1007 2111 1131 2181 consuli,
1145 2115 1180 2184 Q.
1190 2115 1256 2168 Me·

225 2207 294 2266 tello
308 2188 444 2284 praetori,
470 2219 575 2264 utnon
596 2207 681 2282 longe
692 2204 826 2262 videatur
839 2224 856 2262 a
868 2225 984 2265 earcere
999 2219 1085 2284 atque
1099 2226 1116 2265 a
1130 2208 1254 2266 vinculis

227 2303 326 2362 abesse
340 2302 461 2376 debere,
476 2303 527 2381 qui
541 2323 572 2362 se
586 2303 648 2382 ipse
661 2303 722 2380 jam
737 2301 856 2380 dignum
870 2301 1001 2362 custodia
1008 2303 1201 2382 judicaverit,
1217 2306 1254 2377 8;

227 2419 322 2477 neque
335 2419 425 2474 vero,
445 2399 571 2467 etiamsi
591 2399 628 2457 de
644 2397 705 2476 ejus
719 2399 819 2457 exsilio
833 2398 870 2456 ad
889 2413 1021 2458 senatum
1043 2419 1102 2458 non
1124 2401 1232 2460 referat
1244 2445 1265 2475 „

131 2518 135 2524 ¹
226 2496 381 2556 obscuram
395 2516 456 2556 esse
466 2508 581 2554 scamus
591 2497 788 2566 voluntatem,
803 2495 874 2554 ibid.
888 2503 930 2554 Ac
941 2499 965 2555 si
976 2497 1070 2575 legum
1082 2517 1180 2575 poenas
1195 2519 1255 2556 non

227 2594 426 2672 pertimescat,
437 2593 462 2650 si
470 2592 648 2671 temporibus
661 2591 829 2670 reipublicae
840 2592 942 2650 cedere
953 2593 1041 2666 nolit,
1055 2613 1187 2672 maguam
1198 2593 1255 2653 sibi

137 2701 139 2704 '
227 2705 260 2749 ut
275 2691 390 2749 inimico
407 2709 491 2768 posse
508 2688 647 2750 invidiam
661 2688 803 2762 conflare,
816 2688 841 2746 si
856 2701 935 2746 recta
946 2703 1049 2766 pergat
1059 2690 1088 2747 in
1103 2690 1255 2764 exsilium,

228 2803 328 2848 contra
341 2809 411 2848 vero
426 2789 449 2846 si
463 2789 587 2846 consulis
601 2787 709 2845 inimici
726 2785 805 2844 laudi
819 2799 848 2843 et
866 2785 965 2864 gloriae
982 2787 1092 2844 servire
1110 2788 1209 2857 malit,
1224 2809 1255 2847 se

230 2905 295 2944 eum
306 2887 429 2944 inuitare
442 2899 473 2944 ut
484 2905 550 2944 curn
562 2884 767 2942 sceleratorum
781 2902 869 2940 uranu
881 2903 912 2940 se
922 2882 959 2939 ad
969 2883 1101 2940 Mallium
1112 2884 1253 2954 conferat,
1282 2935 1289 2944 .

229 2981 395 3058 bellumque
409 2992 541 3058 apertum
555 2979 657 3057 patriae
672 2979 791 3050 inferat3
814 2977 885 3035 nihil
903 2991 999 3035 tamen
1017 2978 1071 3035 hac
1087 2979 1257 3038 invitatione

229 3097 304 3156 opus
318 3097 395 3148 esse,
418 3096 508 3153 quum
525 3073 682 3153 prevideat
694 3075 725 3132 id
739 3073 889 3133 Catilinam
906 3072 1016 3138 dudum
1031 3075 1213 3150 meditatum,
1229 3089 1259 3136 et

232 3194 300 3232 mox
318 3193 354 3233 eo
371 3174 477 3231 iturum
494 3191 575 3242 esse,
593 3190 652 3248 quo
672 3191 738 3230 cum
752 3171 812 3248 jam
828 3171 941 3248 pridem
958 3172 1099 3231 ellrenata
1114 3163 1258 3252 cupiditas

232 3273 340 3354 rapiat,
356 3293 390 3351 9,
411 3293 456 3329 ιο.
475 3271 562 3346 Quod
580 3283 675 3329 autem
695 3271 847 3331 Catilinam
865 3269 937 3328 urbe
958 3273 1056 3350 potius
1073 3273 1151 3331 exire
1170 3293 1257 3351 quarn

231 3371 353 3430 interfici
362 3369 474 3447 jubeat,
486 3369 516 3426 id
530 3367 584 3426 hac
598 3367 709 3425 ratione
721 3366 859 3440 defendit,
871 3366 951 3446 quod
967 3367 1024 3428 hoo
1036 3389 1094 3428 uno
1103 3370 1257 3430 interfecto

232 3466 399 3546 reipublicae
412 3467 501 3545 pestis
510 3465 668 3543 paullisper
679 3463 806 3542 reprimi,
816 3482 874 3523 non
882 3465 910 3521 iu
919 3478 1094 3546 perpetuum
1105 3467 1257 3544 comprimi

234 3565 336 3641 possit3
360 3563 438 3642 quod
454 3564 478 3622 si
494 3583 525 3624 se
539 3561 672 3640 ejecerit,
686 3581 841 3638 secumque
857 3581 924 3620 suos
941 3561 1091 3633 eduxerit,
1108 3561 1193 3622 brevi
1209 3564 1257 3622 fu-

235 3673 332 3718 turum
346 3673 378 3718 ut
398 3681 456 3719 nou
472 3660 560 3720 modo
577 3659 640 3718 baec
657 3671 714 3718 tam
729 3657 827 3716 adulta
848 3660 1015 3738 reipublicae
1032 3662 1133 3739 pestis,
1156 3679 1258 3718 verum

235 3756 320 3814 ctiam
333 3755 419 3834 stirps
429 3776 463 3813 ae
474 3775 571 3814 semen
582 3756 725 3814 malorum
737 3755 866 3812 omnium
882 3755 1089 3832 exstinguatur,
1106 3777 1152 3828 ιι,
1167 3776 1212 3814 ιι.
1224 3761 1259 3815 Ιιι

235 3855 418 3934 peroratione
438 3867 567 3912 senatum
582 3855 749 3926 confirmat,
768 3854 919 3914 Catilinam
932 3854 1013 3912 malis
1026 3853 1174 3913 ominibus
1187 3873 1260 3933 pro-

235 3952 374 4030 sequitur,
390 3963 418 4008 et
431 3956 534 4010 lovem
552 3956 695 4010 Statorem
711 3951 847 4029 precibus
859 3951 974 4010 invocat
993 3950 1030 4010 ad
1049 3949 1152 4010 urbem
1166 3952 1263 4032 impe·

270 4063 333 4128 ῙΠ
360 4075 404 4119 cic.
414 4089 469 4137 pars
478 4072 587 4118 secuda.
1095 4055 1140 4128 25
