2988 4668
268 383 341 467 624
438 383 612 452 OBSERV
620 385 812 454 ATIONES
838 383 1172 454 APOLOGETICAE

268 529 359 570 mum
371 502 451 570 illud
464 504 590 570 donum
601 527 619 568 a
632 507 703 568 Deo
712 505 904 569 mortalibus
916 526 1108 568 concessum
1121 505 1162 568 ab
1177 503 1343 568 Hortensii

267 609 444 678 maledictis
458 612 613 675 acerrime
624 610 867 696 vindicavit(1l:
884 610 1097 699 similiterque
1110 611 1264 692 Crassus,
1279 612 1343 674 elo·

268 720 440 807 quentium
487 719 803 807 jurisperitissimus,
840 717 948 808 legum
989 735 1021 782 et
1066 717 1342 782 consuetudinum

267 809 445 913 patriarum
468 824 617 888 notitiam
635 824 669 885 in
695 841 823 886 oratore
850 823 1063 913 probabiliter
1085 823 1232 911 requirit.
1255 828 1345 887 Atta·

266 953 341 995 men
360 952 452 993 suam
469 929 569 1016 ipsius
585 931 776 993 sententiam
799 931 863 994 hoc
881 930 993 994 alienae
1015 952 1163 1019 personae
1186 929 1344 993 velamine

266 1036 438 1124 saepissime
462 1051 572 1098 noster
597 1035 738 1111 obtexit,
766 1059 832 1124 quo
851 1037 971 1099 minori
992 1058 1069 1099 cum
1095 1035 1242 1116 offensa,
1274 1059 1344 1123 quae

266 1143 380 1224 vellet,
407 1140 513 1204 dicere
536 1140 597 1204 sibi
620 1142 732 1205 liceret
748 1166 755 1205 :
771 1165 801 1206 e.
819 1164 845 1205 c.
862 1141 996 1230 quando
1016 1141 1169 1206 eumdem
1192 1143 1343 1206 Crassum

265 1249 340 1313 facit
365 1245 560 1311 dicentem:
590 1248 767 1311 «Fremant
778 1246 826 1334 (2)
853 1271 968 1311 omnes
996 1249 1086 1328 licet;
1117 1246 1223 1312 dicam
1254 1248 1344 1336 quod

263 1356 370 1434 sentio
393 1353 632 1419 :bibliothecas
662 1353 864 1420 meherctdes
892 1356 1042 1419 omnium
1070 1354 1343 1444 philosophorum

263 1485 350 1526 unus
375 1461 455 1525 mihi
470 1460 600 1524 videtur
615 1462 680 1524 XIl
698 1462 896 1526 Tabularum
918 1461 1064 1543 libellus,
1083 1462 1111 1526 si
1137 1462 1210 1550 quis
1233 1462 1343 1552 legum

264 1570 372 1633 fontes
387 1585 420 1633 et
436 1569 539 1655 capita
551 1566 687 1649 viderit,
701 1583 734 1631 et
750 1569 950 1632 auctoritatis
967 1568 1130 1657 pondere,
1150 1586 1184 1632 et
1198 1568 1343 1632 utilitatis

266 1676 414 1740 ubertate
429 1696 615 1762 superare».
641 1673 723 1754 Quis
739 1671 884 1755 dubitet,
903 1675 985 1762 quin
1002 1697 1087 1738 caeco
1103 1677 1215 1763 patriae
1234 1696 1342 1737 amore

263 1781 414 1867 abreptus
432 1779 558 1842 Tullius
575 1779 621 1842 sic
635 1801 670 1842 re
687 1800 762 1842 vera
780 1779 935 1860 senserit,
952 1794 986 1842 et
1004 1778 1171 1843 horridam
1187 1780 1280 1842 istam
1297 1779 1341 1841 ri·

209 1961 210 1964 ¹
265 1883 438 1973 gidamque
457 1883 573 1947 veteris
594 1881 653 1946 aevi
672 1883 864 1970 sapientiam
883 1883 1013 1947 cultiori
1035 1883 1225 1949 Graecorum
1244 1883 1340 1947 disci·

261 1989 357 2080 plinae
374 1989 602 2079 praeposuerit,
620 2005 676 2052 aut
694 2005 780 2053 certe
792 1990 957 2053 'anteferre
970 1990 1013 2054 sit
1028 2006 1176 2054 conatus.

308 2099 474 2163 Hactenus
503 2113 652 2186 apparet,
679 2095 758 2185 quid
788 2095 999 2162 statuendum
1031 2096 1092 2179 sit,
1127 2097 1154 2161 si
1184 2097 1254 2184 ipse
1277 2097 1339 2160 sibi

263 2207 383 2272 Noster
400 2205 582 2269 consentiat
595 2227 603 2268 :
616 2227 750 2284 verum,
766 2205 822 2290 qui
836 2200 1085 2267 disertissimum
1099 2203 1334 2291 philosophum

265 2327 386 2376 attente
414 2311 521 2399 legat,
552 2307 714 2374 contraria
739 2307 832 2372 illum
855 2308 972 2394 saepius
997 2307 1163 2396 scripsisse
1190 2309 1337 2395 reperiet.

263 2419 358 2482 Nulla
377 2415 510 2505 quidem
527 2415 581 2478 hic
596 2413 766 2478 difficultas
785 2430 835 2478 est
851 2413 917 2501 (3),
937 2415 963 2477 si
979 2414 1027 2498 is,
1049 2415 1105 2502 qui
1123 2437 1255 2479 severus
1274 2417 1338 2479 rir-

263 2523 340 2587 tutis
357 2520 548 2610 praedicator
561 2521 594 2582 in
610 2520 761 2583 Cumano
775 2516 965 2608 fugiendam
978 2541 1048 2584 esse
1061 2521 1262 2608 voluptatem
1277 2520 1337 2585 do·

263 2631 383 2710 cuerit,
403 2644 514 2692 orator
538 2627 614 2692 dein
634 2627 738 2710 mitis,
762 2643 795 2691 et
809 2627 997 2694 Terentiani
1020 2627 1173 2692 Miciouis
1194 2628 1337 2692 imitator

262 2737 348 2800 vitiis
373 2733 569 2824 indulgens,
594 2734 808 2821 Marcumque
824 2731 978 2816 Coelium,
997 2733 1205 2798 luxuriosum
1226 2733 1335 2799 adole-

296 3021 334 3090 (ι)
348 3023 386 3069 De
397 3021 450 3067 Flu.
459 3019 503 3067 lib.
512 3021 533 3077 1,
543 3035 595 3082 cap.
607 3034 630 3067 a.

295 3127 334 3197 (a)
346 3129 382 3176 De
393 3129 464 3177 Orat.
479 3126 524 3175 lib.
534 3130 559 3186 I,
572 3143 627 3191 cap.
640 3135 681 3183 44.

296 3238 334 3303 (3)
347 3238 387 3286 sic
399 3253 420 3285 e.
430 3251 455 3302 g.
472 3236 544 3284 facile
554 3247 579 3283 et
590 3235 704 3283 lubenter
713 3235 769 3298 quis
777 3235 903 3298 ignoscat,
922 3237 944 3283 si
956 3235 1098 3284 Cluentium
1111 3235 1255 3292 defendens,
1267 3252 1290 3282 c.
1299 3243 1329 3294 s,

260 3351 272 3371 α
282 3337 385 3376 mortem
397 3311 470 3372 omne
481 3323 575 3372 doloris
587 3322 722 3388 periculum
736 3323 851 3371 auferre»
864 3325 886 3371 is
896 3323 970 3383 dicit,
983 3324 1027 3388 qui
1040 3324 1065 3372 iu
1075 3323 1217 3372 Tusculano
1231 3341 1276 3372 suo
1288 3325 1330 3370 iru-

260 3415 387 3466 mortale·
405 3415 524 3472 animam,
543 3412 653 3476 adeoque
670 3410 763 3460 doloris
781 3423 807 3460 et
827 3411 920 3460 laetitiae
941 3428 1055 3476 capacem
1074 3429 1145 3472 esse,
1170 3411 1329 3476 pulcherrime

259 3504 444 3554 demonstravit.
469 3501 534 3550 Hinc
556 3503 608 3565 ipse
630 3499 769 3561 Corradus,
795 3501 880 3549 voleus
904 3501 1041 3561 nolensve,
1067 3495 1138 3550 fateri
1160 3499 1209 3549 luit
1230 3513 1328 3550 coactus

255 3595 391 3662 (Quaestus.
406 3606 464 3655 pag.
483 3591 557 3655 166),
569 3589 665 3638 «Aliter
677 3601 705 3638 ut
719 3589 914 3654 philosophum,
934 3589 1006 3639 aliter
1019 3601 1046 3638 ut
1066 3602 1189 3638 oratorem
1206 3590 1276 3654 loqui
1287 3605 1326 3638 so·

257 3681 307 3731 lere
317 3681 458 3730 Ciceronem
465 3699 486 3725 a.
497 3679 551 3727 Nec
562 3675 625 3725 illud
638 3687 732 3726 tautum
746 3679 777 3726 de
788 3676 942 3726 orationibus
953 3676 1002 3724 dici
1014 3687 1110 3740 potest,
1123 3676 1167 3724 sed
1178 3693 1226 3740 pro
1235 3693 1262 3724 re
1274 3687 1328 3724 nata

256 3772 283 3819 in
296 3767 420 3817 communi
435 3767 507 3815 etiam
523 3767 572 3814 rita
584 3764 747 3830 philosophias
757 3781 807 3815 suoe
816 3766 913 3814 Tullius
927 3766 974 3812 luit
987 3765 1097 3825 oblitus,
1110 3764 1162 3828 sic,
1174 3769 1207 3814 Δ.
1218 3767 1327 3829 Torqua·

255 3871 309 3907 tum
323 3855 508 3915 consolaturus,
526 3854 579 3902 baso
592 3855 696 3903 scribit:
712 3875 724 3896 ιι
735 3853 783 3902 Sed
797 3854 850 3902 brec
869 3853 1007 3903 consolatio
1019 3853 1079 3902 levis
1093 3863 1145 3912 est;
1167 3852 1208 3902 illa
1221 3855 1326 3918 gravior,

256 3963 305 4010 qua
319 3957 343 3994 te
359 3945 395 3992 uti
408 3959 497 4008 spero,
512 3958 558 4007 ego
570 3952 635 3990 certe
644 3953 715 3990 utor:
728 3957 773 3990 uec
787 3942 869 4001 enim,
884 3942 944 3990 dum
960 3957 1020 4002 ero,
1045 3957 1119 4004 angar
1132 3940 1182 3989 ulla
1194 3957 1238 4002 re,
1251 3956 1325 4004 quum

254 4034 322 4082 omui
335 4049 417 4082 racem
429 4033 501 4097 culpa
510 4047 538 4094 »ς
549 4043 588 4096 et,
601 4031 642 4078 «si
650 4047 701 4080 nou
714 4046 771 4090 ero,
784 4047 857 4080 sensu
868 4031 971 4100 omniuo
981 4029 1069 4080 carebo
1079 4052 1103 4091 n,
1114 4029 1147 4078 ad
1155 4029 1213 4078 Dir.
1224 4028 1268 4078 lib'.
1277 4029 1324 4086 vl,

253 4139 292 4188 ep.
310 4125 340 4183 3,
357 4122 382 4170 in
393 4119 450 4170 flue.
