2912 4654
159 439 160 442 Ἴ
312 352 505 422 ORATIO
530 352 632 422 PRO
655 354 697 421 A.
723 355 997 428 CLUENTIO.
1121 357 1185 454 157
1237 375 1240 383 ’

121 472 296 561 consilto,
315 485 352 550 et
367 472 547 542 voluntati
560 469 789 569 obtempero.
802 479 911 565 Nam,
928 494 969 550 ut
982 477 1117 551 htec'ad
1129 489 1189 552 me

123 609 231 658 cansa
249 585 369 658 delata
386 600 458 671 est,
482 586 547 681 qui
569 584 666 682 leges
688 609 763 673 eas,
787 588 832 658 ad
850 615 939 685 quas
959 593 1190 680 adhibemur,

124 703 223 774 etin
248 699 384 798 quibus
409 723 609 789 versamur,
636 723 743 772 nosse
770 699 962 795 deberem;
985 707 1058 779 dixi
1084 711 1190 780 Avito

122 813 260 900 statim,
273 809 319 882 de
333 834 398 896 eo,
417 833 480 893 Qut
494 829 650 894 censer,
673 835 747 894 Quo
764 833 845 894 Quis
859 835 1191 905 corneurannrun,

123 921 228 992 iltu-
251 944 331 992 esse
352 915 552 1005 liberum⁶;
576 923 690 990 teneri
705 934 823 990 autem
838 935 1003 992 nostrum
1014 926 1189 998 ordinem.

98 1055 99 1060 ¹
123 1035 246 1129 Atque
267 1029 331 1102 itte
348 1053 408 1100 me
433 1040 536 1102 'orare
558 1043 595 1101 et
623 1028 813 1102 obsecrare
835 1031 962 1128 coepit,
990 1047 1032 1103 nt
1051 1059 1097 1105 ne
1116 1059 1193 1108 sese

123 1139 206 1238 lege
227 1137 470 1212 defenderem.
491 1141 616 1230 Quum
638 1163 723 1236 ego,
750 1163 830 1236 qum
849 1141 939 1210 mihi
962 1142 1192 1233 viderentur,

124 1249 307 1334 dicerem
320 1248 480 1325 traduxit
492 1273 551 1320 me
566 1249 611 1320 ad
625 1272 725 1321 suam
738 1253 954 1322 sententiam
969 1279 978 1322 ε
992 1250 1195 1325 affinnabat

126 1363 224 1430 enim
248 1360 469 1456 lacrymans,
493 1384 570 1431 non
597 1383 636 1431 se
660 1359 887 1457 cupidiorem
913 1385 991 1433 esse
1015 1363 1191 1434 civitatis⁷

125 1469 345 1557 retinendae,
359 1494 468 1567 quam
479 1473 762 1542 existimationis.
777 1473 917 1542 Morem
932 1472 1073 1546 homini
1085 1475 1193 1571 gessi;

127 1595 163 1652 et
182 1595 306 1652 tamen
323 1579 460 1652 idcirco
473 1574 566 1650 fecit
585 1580 843 1678 (nequeenim
861 1582 898 1652 id
916 1605 1058 1680 semper
1077 1581 1195 1654 facere

127 1688 346 1785 dehemus),
364 1688 465 1786 qnod
483 1688 669 1777 videbam,
693 1713 759 1787 per
781 1713 818 1760 se
837 1691 960 1788 ipsam
971 1715 1113 1762 cansam
1131 1715 1195 1763 oo·

127 1803 330 1900 piosissime
350 1803 431 1871 sine
450 1800 530 1898 loge
552 1811 657 1898 posse
675 1798 833 1872 defendi.
854 1799 1050 1890 Videbam,
1073 1803 1112 1888 in
1128 1801 1196 1874 hac

127 1909 362 1996 defensione,
385 1935 458 2007 qua
474 1910 549 2004 jam
576 1934 657 1980 sum
677 1933 784 1996 usus,
802 1911 884 2009 plns
904 1911 1130 2008 dignitatIs93
1153 1915 1194 1983 in
1244 1941 1247 1946 ·

127 2021 204 2107 itta,
228 2045 304 2118 qna
327 2031 393 2092 me'
409 2019 468 2090 hic
489 2019 545 2090 uti
565 2021 699 2109 noluit,
720 2021 841 2090 minus
861 2018 993 2090 laboris
1015 2017 1191 2092 futurum.

128 2129 241 2220 Quod
260 2129 399 2202 sinihil
412 2127 511 2200 aliud
524 2143 620 2201 esset
637 2143 779 2218 actum,
799 2129 923 2199 nisiut
942 2127 1035 2200 hanc
1051 2153 1194 2202 causam

127 2241 354 2325 obtinerem3
378 2239 463 2338 lege⁸
472 2239 636 2325 recitata,
656 2261 879 2336 perorassem
896 2243 937 2308 ¹'⁰.
988 2281 992 2289 ·

175 2350 275 2419 LIII.
299 2351 426 2445 Neque
446 2371 503 2418 me
514 2347 577 2419 -itta
590 2352 705 2418 oratio
724 2361 970 2420 commoveret
979 2359 1003 2436 ¹,
1027 2346 1127 2447 qnod
1146 2351 1196 2420 ait

128 2459 267 2544 Attius,
300 2455 491 2553 indignum
523 2481 600 2528 esse
629 2454 789 2546 facinus,
822 2459 852 2530 si
882 2473 1028 2530 senator
1056 2458 1195 2555 judicio

128 2581 355 2665 quemquam
382 2568 661 2640 circumvenerit
676 2579 705 2652 ²,
733 2567 872 2665 legibus
896 2594 978 2640 enm
1006 2575 1145 2660 teneri;
1163 2571 1197 2642 si

128 2702 247 2776 eques
266 2691 437 2748 romanus
451 2677 521 2748 hoc
539 2675 636 2749 idem
654 2675 796 2762 iecerit,
815 2687 894 2748 non
912 2682 1039 2751 teneri.
1058 2683 1113 2750 Ut
1128 2678 1197 2750 tihi

130 2786 350 2876 concedam,
369 2787 439 2858 hoc
457 2786 646 2884 indignum
663 2811 740 2860 esse
759 2786 882 2885 (quod
901 2787 1118 2881 cujusmodit
1131 2789 1196 2875 sit,

128 2900 203 2994 jain
223 2897 350 2969 videro
364 2895 418 2992 ³),
442 2911 484 2970 tu
503 2896 594 2970 mihi
617 2897 793 2970 concedas
819 2921 965 2968 necesse
985 2911 1059 2982 est,
1080 2897 1197 2967 multo

131 3033 209 3081 esse
231 3005 432 3104 indignius,
451 3009 490 3077 in
507 3031 548 3078 ea
566 3009 725 3097 ciuitate,
744 3029 823 3106 qntc
840 3005 980 3104 legib'ns
994 3019 1160 3076 teneatur
1168 3011 1197 3097 ⁴,

165 3227 192 3274 6.
207 3224 284 3273 Ilium
294 3239 344 3272 esse
356 3224 463 3272 etenim.
472 3222 530 3273 Non
540 3223 573 3272 ad
586 3239 643 3272 enm
688 3222 815 3275 tummodo
824 3221 855 3270 de
861 3221 1198 3287 tegis-rectudonscgemmr.

131 3305 157 3352 id
170 3305 233 3367 legis
248 3313 321 3368 caput
332 3303 467 3368 pertinere,
479 3303 522 3352 ted
534 3301 567 3355 td
577 3303 643 3352 solos
725 3318 765 3352 10.
780 3307 941 3352 Perorassem.
953 3305 1082 3366 Postquam
1091 3304 1150 3368 tegi·
1158 3321 1198 3354 ct·

131 3395 266 3432 senatores.
687 3393 734 3448 put
754 3382 903 3444 recitassem,
924 3379 998 3432 finem
1012 3382 1111 3432 dicendi
1122 3383 1196 3432 fecis·

168 3481 194 3525 7.
215 3459 331 3512 Civitatis.
350 3463 406 3524 Qu
426 3461 552 3512 mummi
570 3476 642 3510 exsu-
687 3476 748 3509 tem.

131 3543 201 3590 laret.
723 3543 788 3588 LIII.
802 3555 826 3588 r.
837 3541 877 3589 Al.
889 3553 1028 3591 commovet.
1039 3544 1063 3592 J.
1072 3543 1104 3590 V.
1114 3547 1142 3592 Ι».

169 3623 194 3669 8.
206 3620 303 3668 Idcirco
310 3618 375 3684 fect'.
386 3620 435 3668 Vis
449 3634 530 3684 operae
540 3616 645 3682 pretium
724 3636 751 3668 a.
767 3619 963 3670 Circumvenen't.
976 3619 1146 3670 Damnandnm
1154 3620 1198 3668 ali-
1268 3645 1269 3652 κ

131 3699 291 3748 estadnotare
304 3711 384 3750 totum
396 3700 463 3748 hunc
477 3698 645 3762 dntogtsmum
690 3715 762 3768 quem
772 3699 901 3747 curaverit.
1118 3707 1122 3713 ·

134 3779 236 3826 mireab
250 3791 347 3828 oratore
367 3777 464 3841 fiotum,
480 3793 531 3842 qno
543 3777 645 3827 mntn·
726 3781 752 3827 3.
764 3781 820 3825 Iam
837 3777 934 3825 videro.
955 3780 993 3825 De
1012 3791 1060 3840 qua
1082 3792 1107 3823 re
1127 3775 1197 3826 brevi

135 3859 194 3906 stine
206 3859 301 3907 clientis
318 3859 394 3924 probi
412 3874 492 3907 mores
510 3872 539 3904 ao
551 3857 646 3904 nobiles
690 3855 830 3922 disputabo.

136 3954 218 3986 sensim
229 3940 363 3988 elucerent.
727 3947 750 3992 4.
767 3937 895 3982 Tenentur.
909 3933 984 3980 Suum
996 3942 1086 3980 tntum
1098 3947 1176 3984 servet
1188 3969 1197 3997 ,

173 4033 196 4079 9.
210 4018 353 4084 Dignitatt's.
367 4015 443 4081 Quod
456 4030 512 4064 vere
530 4015 647 4062 innocens
688 4031 734 4082 per
746 4015 810 4078 leges
822 4011 945 4059 consistat.
955 4012 997 4061 At.
1007 4013 1199 4077 «contineatnrn,

138 4097 399 4158 miseresce-Mimo
408 4093 505 4146 tabant.
513 4093 586 4156 Quod
597 4106 647 4144 tan-
690 4092 759 4158 quod
772 4105 869 4140 necesse
881 4105 932 4138 non
942 4100 985 4138 est.
