2986 4670
246 383 314 428 aaa
558 357 604 424 Μ.
629 353 669 424 Τ.
696 353 991 426 CICERONIS

244 475 355 552 nem³
378 475 506 576 populi
529 477 671 547 romani
691 477 929 574 proscriptam
954 501 975 548 a
999 475 1148 549 tribuno
1168 473 1310 576 plebis,

243 595 477 662 constitutam
492 593 529 659 in
555 611 716 659 mensem
731 587 983 681 januariumlt
1003 603 1058 677 et,
1079 587 1218 677 credo,
1232 613 1311 662 non

243 700 417 797 dubitatis
428 697 456 788 ⁵,
474 698 565 796 quin
581 697 714 770 idcirco
735 697 833 783 haec,
853 699 966 770 aerarii
986 721 1111 788 causa,
1130 721 1207 771 non
1223 722 1312 771 ven·

244 809 403 883 diderint
419 810 462 895 ii,
482 810 545 905 qui
568 809 674 878 armis
689 819 726 878 et
741 810 875 879 virtute
890 823 1131 907 pepererunt,
1148 820 1310 896 messer,

244 917 345 1019 quod
367 941 453 1003 nos,
476 917 674 1014 largitionis
694 937 818 1005 causa,
840 917 1092 990 venderemus.

290 1029 419 1103 Videte
437 1025 572 1115 nunc⁶,
591 1027 714 1124 quoad
734 1024 860 1100 fecerit
881 1029 961 1116 iter,
987 1026 1175 1124 apartium,
1198 1047 1313 1128 quam

244 1157 359 1214 antea.
398 1143 487 1212 Nam
524 1139 710 1236 superiore
745 1150 847 1236 parte
880 1137 968 1235 legis
1002 1135 1313 1236 quemadmodum

243 1249 457 1348 Pompeium
485 1255 762 1346 oppugnarent,
790 1269 811 1318 a
834 1270 892 1319 rne
917 1247 1063 1320 indicati
1081 1263 1192 1320 sunt:
1212 1267 1313 1320 nuno

240 1363 314 1459 jam
331 1383 371 1431 se
388 1359 457 1456 ipsi
472 1353 720 1428 indicabunt⁸.
740 1355 875 1430 iubent
895 1361 1017 1430 venire
1033 1381 1138 1457 agros
1155 1355 1314 1432 Attalen·

243 1475 338 1542 sium
360 1482 470 1564 atque
493 1467 804 1566 Olympenorum
820 1468 886 1539 hos
906 1467 1043 1566 populo
1065 1493 1218 1541 romano
1234 1471 1314 1541 Ser-

244 1582 356 1666 vitiis,
374 1576 559 1648 fortissimi
580 1578 669 1665 viri,
685 1578 835 1650 victoria
853 1578 1038 1675 adjunxit:
1057 1577 1187 1653 deinde
1206 1601 1314 1678 agros

245 1695 284 1763 in
302 1683 514 1761 Macedonia
539 1689 680 1785 regioS,
701 1691 764 1785 qui
787 1691 918 1787 partim
941 1689 981 1760 T.
998 1685 1208 1777 Flaminini,
1233 1711 1314 1790 par-

245 1802 310 1872 tim
336 1803 376 1870 L.
402 1797 536 1885 Paulli,
562 1800 626 1894 qui
653 1801 785 1868 Persen
808 1799 913 1886 vicit,
932 1801 1065 1872 virtute
1086 1806 1179 1899 parti
1204 1809 1314 1873 sunt:

245 1909 378 1982 deinde
395 1933 521 2006 agrum
539 1911 719 2006 optimum
729 1917 761 1952 ¹⁰
784 1923 820 1980 et
842 1907 1168 1983 fructuosissimum
1185 1913 1314 1984 Corin·

245 2015 383 2108 thium,
403 2021 468 2117 qui
485 2025 525 2090 L.
545 2019 711 2090 Mummii
727 2021 882 2118 imperio
899 2045 940 2094 ao
955 2019 1121 2094 felicitate
1136 2018 1182 2094 ad
1199 2023 1312 2095 rectia

245 2125 336 2231 galia
356 2132 483 2230 populi
500 2135 641 2202 romani
657 2131 850 2228 adjunctus
868 2147 923 2204 est
938 2153 946 2201 r
963 2143 1046 2232 post
1066 2147 1187 2204 autern
1208 2154 1314 2230 agros

244 2247 281 2314 in
302 2241 472 2340 Hispania
492 2241 589 2340 apud
611 2241 864 2342 Carthaginem
886 2266 1038 2333 novam,
1057 2241 1217 2316 duorum
1237 2243 1314 2316 Sci-

281 2435 305 2484 3.
326 2432 435 2482 Audistis
453 2432 599 2482 motionem.
617 2433 756 2498 Antequam
800 2436 902 2494 transit,
914 2451 969 2500 qnae
982 2449 1014 2485 ex
1025 2431 1160 2500 provinciis
1170 2433 1314 2499 longinqui·

244 2513 330 2563 Cicero
344 2511 465 2561 ordiretur
475 2514 607 2560 orationem
621 2515 647 2561 in
657 2525 755 2572 senatu,
799 2512 915 2579 colligere
937 2515 963 2563 in
985 2516 1067 2563 animo
1085 2515 1174 2564 Rullus
1196 2515 1314 2562 babuerat

245 2607 326 2659 praeco
340 2591 416 2655 legem
436 2593 592 2655 recitaverat,
605 2603 628 2640 et
642 2591 714 2640 simul
727 2607 755 2640 au
800 2575 1089 2643 destinatumDeiia'vero
1095 2592 1314 2657 grariuequerhun

245 2674 320 2723 linear
333 2667 429 2720 dicendi
445 2669 546 2728 lecerat,
561 2685 616 2720 eum
625 2669 706 2720 atatim
715 2671 757 2721 ci·
800 2671 868 2736 quod
881 2685 932 2721 uon
940 2675 990 2734 iam
1003 2673 1076 2722 tacite
1088 2687 1133 2721 neo
1146 2685 1190 2737 per
1199 2671 1315 2731 insidias,

245 2769 303 2800 cero
315 2750 419 2816 excepit.
434 2751 607 2815 Itaquelegem
623 2766 666 2814 per
677 2749 756 2813 capita
802 2750 845 2799 aed
858 2752 938 2817 palam
951 2753 978 2800 in
1000 2751 1145 2816 Pompeium
1165 2751 1314 2816 insurgant,

246 2843 271 2881 et
282 2831 368 2880 ordine
380 2841 500 2888 recenset,
511 2841 534 2878 et
544 2845 594 2894 quo
603 2846 629 2876 ea
639 2830 724 2877 melius
732 2831 759 2876 in
802 2845 879 2896 quum
893 2831 1032 2897 provincias
1040 2831 1093 2879 illas
1106 2833 1180 2896 ipsas,
1189 2830 1315 2895 inquibus

245 2911 386 2960 memoriam
405 2919 505 2957 revooet
519 2923 573 2973 quae
588 2908 662 2956 modo
676 2923 759 2972 preco
802 2909 894 2958 bellum
915 2912 990 2975 gerit,
1003 2910 1185 2959 venundandas
1199 2911 1315 2958 decreve-

245 2989 370 3052 reritsrit,
383 2989 427 3052 qni
446 2987 573 3036 audierant
588 2985 708 3052 appellat,
722 2987 760 3035 bis
803 2999 868 3036 runt.
891 2991 951 3038 Eum
970 3001 1038 3038 autea
1052 2989 1124 3037 etiam
1141 2989 1231 3050 iniuste
1245 2988 1315 3036 ade·

244 3071 325 3118 verbis
338 3067 455 3126 audistis,
471 3067 568 3115 vidistis
575 3086 586 3126 ;
606 3067 757 3131 indignatio·
802 3069 988 3117 metaturae
1000 3067 1190 3130 submoverant,
1202 3068 1259 3132 quia
1270 3082 1316 3132 po·

244 3161 348 3213 nemque
362 3158 447 3195 oontn
460 3146 560 3194 Rullum
574 3143 683 3206 conflat,
702 3147 758 3211 qula
801 3146 862 3212 pulo
875 3147 947 3196 nimis
964 3159 1051 3195 carena
1072 3154 1218 3211 senatusque
1231 3145 1315 3194 obaer-

245 3228 379 3286 tsibunns,
398 3243 412 3274 ιι
432 3226 504 3291 plebe
525 3228 686 3285 constitutus,
707 3228 759 3288 ejus
801 3225 898 3274 vantior
908 3224 1049 3274 habebatur.

246 3307 383 3354 commodis
397 3305 538 3369 invigilare,
550 3323 596 3356 nee
612 3317 696 3356 eontra
707 3321 759 3355 eam
840 3315 863 3366 7.
876 3307 929 3354 Iter
936 3305 1053 3370 apertius.
1066 3305 1095 3353 Ρ.
1104 3299 1202 3354 blauul.
1214 3318 1262 3369 que
1272 3301 1316 3352 ed·

247 3388 385 3450 opprimere
397 3383 509 3432 debebat.
795 3382 919 3450 sectoriae
927 3383 980 3435 iser.
989 3385 1013 3434 J.
1021 3384 1053 3434 t.
1065 3383 1093 3433 L.

284 3467 310 3524 4.
323 3463 479 3512 Ianuarium.
494 3461 543 3512 Lex
557 3463 759 3530 eulmproposita
839 3465 863 3512 8.
877 3466 907 3511 Se
918 3465 965 3530 ipsi
973 3464 1122 3513 iudicabunt.
1132 3463 1192 3512 Non
1204 3459 1254 3526 jam
1264 3475 1315 3510 rer·

247 3561 329 3593 meuse
339 3541 463 3594 decembri
472 3543 562 3604 luerat,
571 3559 623 3608 qno
633 3544 760 3609 magistra·
803 3542 842 3591 bia
850 3553 885 3590 est
892 3559 966 3608 opus,
976 3553 1061 3591 utrem
1068 3541 1134 3590 illam
1145 3539 1223 3590 oeulis
1232 3541 1316 3589 vestris

247 3633 300 3672 turn
311 3625 406 3672 inierat.
803 3619 1005 3686 subjiciamque
1011 3633 1060 3671 tam
1069 3621 1132 3669 tlara
1141 3629 1237 3685 umque
1252 3635 1317 3686 aper·

284 3703 309 3753 5.
324 3701 381 3750 Non
395 3701 520 3752 dubitetis.
530 3701 671 3750 Indieatbis
679 3700 760 3750 verbis
804 3705 828 3747 ta
841 3711 892 3760 est,
903 3712 931 3750 ut
944 3715 988 3766 per
1001 3715 1027 3750 ae
1044 3701 1147 3765 quisque
1157 3701 1235 3764 possit
1247 3699 1317 3747 intel-

248 3780 415 3845 qmntnmlex
432 3781 474 3831 ills
489 3781 585 3847 populo
602 3781 760 3829 mersanda-
804 3779 878 3842 ligere
900 3791 990 3844 quanta
1007 3781 1034 3828 in
1057 3779 1201 3845 Pompeium
1223 3775 1316 3826 invidia

249 3877 332 3909 ninum
341 3861 426 3909 client
435 3877 443 3923 ς
452 3875 507 3926 que
518 3860 643 3926 publicum
652 3859 762 3909 erarium
777 3915 779 3923 Ι
805 3857 963 3910 lnvebsntur.

249 3941 393 3997 exhauriat,
417 3950 445 3988 ut
475 3939 622 4006 quibusdam
646 3940 762 4005 largiatur
840 3953 866 4000 9.
884 3939 987 3988 Servilii.
1003 3939 1118 3986 Garaton.
1136 3935 1205 3984 malit
1224 3939 1253 3984 P.
1267 3937 1318 3983 Ser

249 4033 348 4067 omnem
362 4020 502 4084 reipublice
511 4021 645 4069 fortunam.
806 4015 862 4066 silli.
872 4020 896 4067 J.
908 4022 940 4065 V.
956 4019 982 4066 L.

287 4101 312 4146 6.
326 4099 409 4147 Videte
421 4113 493 4148 nunc.
512 4099 552 4147 Ad
572 4097 618 4147 alia
637 4097 761 4163 vectigalia
844 4111 883 4148 ιο.
896 4095 1027 4161 Optimum.
1043 4095 1100 4144 Duo
1116 4093 1188 4143 codd.
1199 4091 1316 4159 opimum.
