2956 4676
257 343 324 436 194
633 331 927 406 EXCURSUS.

249 459 441 528 Communia
461 455 531 522 huc
551 455 664 544 opinio
680 472 750 540 est,
767 478 867 544 quam
887 453 929 520 ad
951 453 1051 520 ‘l'ullii
1068 454 1167 520 verba
1187 477 1335 544 perpen-

249 566 389 633 dendam
405 565 483 629 huic
502 563 575 627 loco
595 563 772 646 reservavi,
792 577 830 626 ut
845 561 944 626 simul
960 577 994 626 et
1010 559 1158 628 veneficii
1174 562 1334 651 quaestio,

250 691 282 739 et
299 689 402 739 sortes
426 670 495 754 ejus
520 668 597 732 anni
618 669 775 756 praetoriae
799 666 923 756 aliquid
945 691 963 731 a
982 689 1035 732 me
1057 667 1214 750 habeant,
1239 667 1335 756 quod

249 802 356 844 meam
372 778 493 841 horum
511 773 712 838 Cluentianae
730 773 874 861 capitum
891 772 1158 837 illustrandorum
1176 772 1334 838 volunta·

251 905 317 952 tem
330 901 481 965 testetur,
495 883 531 948 iu
546 881 667 970 quibus
681 882 752 946 hoee
767 880 878 946 omnia
894 897 1085 970 tanguntur,
1102 904 1175 970 quae
1190 880 1333 945 obscura

250 1017 288 1058 ex
303 989 480 1057 notissimis
500 986 570 1052 fieri
589 987 683 1051 annis
698 986 884 1051 labentibus
897 984 1095 1052 debuerunt.

295 1099 337 1163 ΙΙ.
356 1097 434 1162 Non
453 1095 504 1160 hae
519 1095 624 1183 igitur
641 1115 745 1158 causae
762 1093 905 1175 faciunt,
927 1107 965 1156 ut
983 1093 1153 1182 proprium
1169 1089 1332 1158 veneficio

249 1221 420 1296 praetorem
434 1201 609 1267 attribuam
624 1223 632 1266 ε
651 1199 708 1264 sed
721 1199 801 1265 dum
818 1198 1017 1280 accuratius,
1035 1198 1116 1286 quid
1130 1199 1258 1264 Tullius
1273 1221 1332 1264 ve·

247 1312 299 1397 lit,
312 1311 464 1400 inquiro,
479 1331 546 1372 non
562 1329 676 1372 omnes
689 1307 730 1372 ab
744 1306 800 1371 illo
815 1305 911 1371 rideo
925 1305 1098 1397 significari
1111 1306 1330 1394 quaestiones,

249 1437 496 1508 quaecumquae
511 1414 637 1504 legibus
653 1413 918 1503 proficiscuntur,
937 1411 994 1478 sed
1012 1435 1064 1477 eas
1081 1411 1330 1490 tantummodo,

250 1549 323 1615 quae
336 1539 424 1588 sorte
436 1521 611 1610 quotannis
628 1518 877 1598 mandabantur,
892 1540 1071 1608 earumque
1084 1518 1263 1606 legitimam
1279 1519 1330 1582 sui

250 1629 406 1718 temporis
428 1625 631 1693 divisionem.
651 1627 768 1715 Itaque
789 1647 848 1713 per
870 1625 1003 1688 nomina
1025 1645 1094 1688 non
1117 1624 1246 1712 legum,
1272 1623 1330 1690 sed

249 1751 442 1826 praetorum,
466 1731 661 1819 questiones
680 1745 924 1796 enumerantur.
944 1730 1057 1795 Multae
1077 1729 1220 1794 ambitus
1241 1729 1330 1821 leges

250 1859 359 1924 erant,
375 1841 638 1930 quaestionesque
650 1838 805 1920 totidem,
821 1854 906 1926 quot
918 1835 1080 1902 committi
1099 1837 1205 1902 modis
1225 1839 1330 1902 ambi·

249 1967 303 2014 tus
318 1963 457 2038 poterat.
471 1947 543 2010 Una
557 1961 666 2010 tamen
680 1945 714 2008 in
729 1961 850 2009 sortem
861 1943 996 2009 cadebat
1007 1944 1143 2032 quaestio
1157 1943 1199 2008 de
1210 1967 1329 2034 genere

248 2059 337 2144 ipso,
354 2075 441 2118 unus
459 2069 580 2142 praetor
595 2049 637 2115 de
654 2050 810 2115 omnibus
828 2051 898 2131 ejus
914 2051 1042 2140 generis
1062 2049 1232 2139 speciebus
1247 2049 1329 2132 judi·

250 2161 353 2228 cabat.
374 2159 452 2223 Aliae
476 2156 673 2242 accedebant
692 2157 754 2238 iis,
776 2179 849 2245 quae
866 2156 1001 2245 primae,
1019 2177 1056 2220 ac
1074 2156 1218 2244 potiores
1237 2171 1330 2220 erant

250 2269 284 2331 in
300 2267 372 2356 lege
386 2265 560 2354 propositae
579 2264 671 2329 :aliae
685 2279 859 2352 praetorem
876 2262 1046 2351 proprium
1061 2285 1129 2327 non
1148 2263 1327 2346 habebant,

252 2389 309 2438 aut
324 2371 479 2462 singulari
495 2371 565 2462 lege
581 2370 713 2436 alterius
730 2369 874 2434 criminis
892 2369 1057 2458 quaesitori
1076 2369 1328 2434 committeban-

253 2497 319 2555 tur,
331 2479 408 2544 Non
425 2495 474 2543 est
485 2479 594 2566 itaque
606 2477 842 2558 dubitandum,
855 2477 935 2566 quin
952 2477 1066 2542 Cicero
1080 2473 1230 2541 veneficii
1243 2499 1328 2564 qua>

253 2586 393 2651 ationem
418 2585 456 2649 iis
480 2584 656 2666 adscribat,
675 2605 815 2671 quarum
838 2583 873 2646 in
895 2583 1066 2648 sortitione
1080 2604 1203 2646 nomen
1219 2581 1327 2665 exire,

253 2707 409 2778 certoque
418 2690 548 2780 praetori
558 2689 713 2754 obvenire
722 2689 863 2771 solebat,
874 2710 977 2777 quum
991 2689 1035 2753 ita
1045 2688 1206 2777 loquitur,
1219 2710 1247 2753 c.
1263 2685 1325 2754 53:

252 2798 352 2863 «Haec
374 2797 510 2885 quaestio
533 2796 601 2861 sola
624 2797 669 2859 ita
695 2793 920 2884 gubernatur?
943 2793 1023 2883 quid
1044 2794 1089 2860 M.
1114 2793 1272 2876 Plaetorii,
1295 2807 1329 2858 at

252 2901 287 2966 C.
305 2899 455 2966 Flaminii
467 2900 554 2965 inter
569 2898 719 2972 sicarios?
728 2930 745 2978 ιι,
755 2899 931 2986 Propterea
945 2901 982 2963 C.
995 2898 1130 2980 Iunius,
1142 2897 1183 2963 de
1197 2921 1266 2986 quo
1277 2896 1327 2962 di·
1394 2983 1396 2988 Ι

253 3004 338 3072 citur
352 3029 420 3096 cap.
439 3003 499 3084 33,
517 3019 577 3069 «at
594 3005 665 3092 ipse
684 3025 721 3066 ea
737 3004 808 3094 lege
824 3003 1025 3091 quaerebat»,
1044 3003 1271 3069 auctoritatem
1286 3003 1327 3068 ab

253 3112 323 3201 ipsa
341 3113 426 3202 lege,
440 3133 538 3176 nona
554 3127 692 3200 praetore
707 3110 817 3197 aliquo
830 3093 946 3175 nactus
962 3127 1040 3176 erat.
1060 3111 1131 3174 Imo
1148 3111 1326 3200 generatim

253 3217 312 3282 ubi
328 3218 485 3305 aliquem,
499 3217 557 3304 qui
573 3231 694 3305 praetor
706 3237 774 3278 non
787 3214 844 3298 sit,
858 3218 1031 3306 quaestioni
1041 3238 1194 3304 praeesse,
1210 3239 1248 3280 ae
1259 3215 1328 3304 lege

253 3345 393 3412 quaerere
409 3323 645 3412 conspicimus,
665 3319 811 3401 judicem
831 3323 1019 3411 quaestionis
1046 3323 1155 3387 solum
1177 3345 1326 3410 quaeren-

254 3446 320 3494 tem
339 3428 554 3518 intelligamus
571 3443 718 3517 oportet,
730 3429 943 3515 questionem
961 3443 1071 3494 autem
1084 3451 1102 3492 a
1115 3429 1230 3493 ceteris
1244 3439 1326 3517 prae'·

254 3536 343 3601 coriis
359 3535 496 3599 omnino
512 3535 709 3614 sejunctam,
723 3555 764 3597 ex
777 3555 890 3598 earum
907 3557 1043 3625 genere,
1061 3557 1133 3622 quae
1150 3535 1184 3599 in
1204 3551 1325 3598 sortem

253 3642 430 3724 cadebant,
457 3641 518 3706 nisi
549 3639 710 3720 judicium
737 3641 780 3704 sit
807 3641 1112 3706 extraordinarium.
1145 3641 1211 3705 Ubi
1239 3641 1325 3706 enim

252 3763 371 3839 praetor
380 3747 482 3829 adest,
490 3745 536 3810 illi
547 3745 684 3814 unihoec
695 3746 982 3827 omnia,nonhuic
993 3745 1097 3828 judici
1108 3746 1325 3811 conveniunt:

255 3873 293 3922 nt
308 3856 342 3920 in
358 3875 455 3920 causa
470 3852 594 3936 Verris,
612 3852 686 3917 licet
699 3851 800 3932 judex
814 3853 868 3916 hio
886 3875 954 3918 non
972 3853 1117 3936 deesset,
1133 3869 1256 3942 praetor
1278 3867 1326 3917 ta-

256 3985 332 4027 men
352 3982 438 4027 unus
458 3991 472 4017 ι
486 3959 517 4026 ei
538 3959 711 4048 quaestioni
728 3959 950 4047 praefuturus»
973 3959 1103 4044 dicitur,
1124 3975 1157 4025 et
1178 3963 1327 4048 quoesiaor

255 4066 434 4158 appellatur
455 4070 527 4132 Act.
552 4065 768 4154 1,10‚qu0d
794 4064 925 4162 quidem
952 4089 1074 4134 nomen
1096 4083 1168 4133 taam
1192 4063 1324 4131 demum
