2934 4680
223 401 268 484 lia
542 389 599 472 M.
617 405 656 472 Τ.
683 404 975 476 CICERONIS

223 525 351 594 vestris
374 519 560 594 benefieiis
588 525 812 623 amplissimis
839 525 1008 615 affectus,
1029 531 1073 620 Q.
1098 527 1293 617 Catulus³;

222 633 382 730 itemque
404 635 554 706 summis
575 639 797 707 ornamentis
819 637 988 728 honoris,
1010 636 1201 728 fortunari,
1218 642 1293 710 vir·

222 746 331 834 tutis,
352 746 488 843 ingenii
508 744 697 844 praeditus,
721 749 767 838 Q.
789 749 1002 819 Hortensius
1013 745 1041 835 ⁵,
1068 747 1114 820 ab
1142 749 1210 820 hac
1232 769 1291 820 ra·

222 855 323 926 tione
349 855 589 927 dissentiunt:
620 880 776 954 quorum
806 879 874 953 ego
900 855 1175 930 auctoritatem⁶
1192 859 1293 957 apud

222 987 287 1036 vos
311 965 435 1037 miritis
460 966 549 1037 locis
574 965 770 1065 plurimum
795 966 966 1054 valuisse,
988 981 1025 1038 et
1047 968 1165 1038 valere
1182 991 1291 1066 opor·

223 1089 299 1148 tere
321 1074 517 1165 confiteor3
545 1075 607 1148 sed
627 1077 664 1145 in
684 1074 752 1146 hac
771 1099 897 1161 causa,
919 1077 1059 1148 tametsi
1077 1079 1293 1174 cognoscitis

220 1187 452 1268 auctoritates
476 1188 672 1258 contrarias
690 1186 849 1258 virorum
869 1183 1146 1258 fortissimorum
1164 1202 1201 1258 et
1218 1186 1291 1258 cla·

220 1296 465 1384 sissimorunt,
482 1312 624 1386 tamen,
640 1297 780 1368 omissis
798 1295 1087 1384 auctoritatibus,
1104 1300 1182 1394 ipsa
1197 1321 1236 1368 re
1253 1312 1292 1368 et
1388 1305 1391 1308 ’

219 1408 361 1480 ratione
379 1412 571 1505 exquirere
589 1429 782 1506 possumus
801 1409 1008 1478 veritatem:
1026 1421 1136 1505 atque
1153 1407 1224 1477 hoc
1241 1404 1293 1478 ia·

219 1515 340 1606 cilius,
368 1517 468 1614 quod
492 1539 533 1588 ea
553 1519 695 1605 omnia,
719 1541 799 1614 quae
820 1515 976 1587 adhuca
993 1536 1051 1586 me
1069 1515 1291 1604 dictasunt,
1352 1513 1359 1520 ’
1386 1567 1392 1574 -

218 1623 327 1696 iidem
341 1627 400 1697 isti
413 1651 497 1698 vera
511 1651 589 1698 esse
603 1627 830 1716 concedunt,
849 1641 886 1698 et
897 1630 1136 1698 necessarium
1150 1626 1290 1700 bellum

219 1757 315 1818 esse,
330 1750 368 1806 et
382 1759 575 1834 magnum,
593 1751 628 1810 et
645 1739 683 1806 in
699 1762 774 1808 uno
788 1741 852 1808 Cn.
867 1738 1038 1834 Pompeio
1052 1763 1193 1809 summa
1210 1760 1290 1810 esse

218 1847 375 1918 omnini.
394 1845 493 1937 Quid
511 1847 621 1944 igitur
638 1850 687 1918 ait
704 1849 940 1919 Hortensius?
954 1850 990 1918 Si
1008 1851 1071 1920 uni
1089 1851 1209 1920 omnia
1228 1849 1290 1919 tri·

218 1951 364 2028 buenda
393 1951 505 2044 sintss,
537 1982 651 2028 unum
677 1957 927 2055 dignissimum
953 1981 1029 2029 esse
1054 1961 1289 2056 Pompeium,

134 2069 136 2073 ’
219 2065 282 2138 sed
307 2066 353 2138 ad
378 2091 493 2139 unum
520 2082 640 2154 tamen
670 2073 791 2139 omnia
820 2066 951 2140 deferri
975 2093 1051 2140 non
1080 2081 1287 2167 oporteret.

220 2175 412 2250 Obsolerit
424 2179 498 2274 jam
515 2181 583 2250 ista
601 2180 736 2264 oratio,
751 2203 789 2250 re
808 2179 924 2248 molto
943 2181 1072 2275 magis,
1086 2199 1196 2276 qnam
1210 2201 1290 2250 ver·

215 2285 272 2358 bis
286 2285 449 2359 refutata.
465 2292 554 2358 Nam
572 2304 611 2358 tu
625 2287 720 2361 idem
731 2281 798 2377 ‚'Q.
813 2292 998 2375 Hortensi,
1016 2290 1128 2376 multa
1142 2311 1210 2386 pro
1225 2302 1291 2360 tua

216 2421 357 2468 summa
378 2400 482 2498 copia
500 2423 543 2470 ae
565 2398 737 2495 singulari
754 2396 923 2470 facultate
943 2399 1108 2486 dicendi,
1127 2414 1163 2469 et
1179 2400 1216 2468 in
1234 2421 1290 2470 se-

181 2592 186 2599 ·
216 2523 306 2578 natu
325 2522 451 2578 contra
470 2513 588 2579 virum
609 2507 741 2579 fortem
759 2513 800 2579 A.
823 2508 1038 2596 Gabinium,
1059 2511 1214 2606 graviter
1229 2533 1289 2582 or-

217 2633 375 2717 nateque
401 2619 544 2700 dixisti,
564 2644 678 2717 quum
705 2620 734 2690 is
754 2619 800 2690 de
823 2643 898 2690 uno
919 2621 1136 2717 imperatore
1159 2635 1289 2692 contra

215 2727 403 2828 predones
430 2728 685 2804 constituendo
718 2731 835 2828 legem
866 2730 1152 2828 promulgasset3
1180 2747 1218 2802 et
1242 2754 1289 2802 ess

215 2838 284 2910 hoc
301 2840 382 2937 ipso
401 2838 484 2910 loco
503 2839 683 2938 permulta
701 2841 787 2910 item
804 2855 932 2911 eontra
949 2840 1065 2937 legem
1080 2861 1158 2912 eam
1173 2840 1288 2914 verba

214 2948 383 3022 iecisti¹⁰.
406 2950 531 3040 Quid?
560 2967 659 3039 urm,
687 2975 754 3048 per
778 2949 866 3022 deos
891 2948 1129 3022 immortales!
1152 2953 1183 3022 si
1203 2951 1288 3050 plus

248 3193 272 3241 3.
291 3195 325 3258 Q.
345 3190 456 3241 unciae.
478 3191 570 3240 (iuueni
592 3191 723 3240 duodecim
804 3192 829 3238 8.
842 3189 991 3256 Vulpem.
1003 3191 1078 3241 Beck.
1091 3193 1287 3258 rspusuitsinte

210 3270 444 3329 mhiocsuuisffl.
468 3271 559 3320 Emilii
573 3270 658 3337 Lepidi
672 3271 723 3320 col·
771 3271 1060 3320 robustissimi..

179 3363 182 3370 ’
209 3352 271 3417 legs.
615 3345 617 3349 ’
802 3365 828 3414 9.
842 3347 887 3396 Ad
895 3361 1191 3414 unum....norroportere.
1206 3353 1286 3402 Recte

246 3439 270 3488 4.
293 3429 417 3478 Fortunae.
436 3429 540 3495 Propter
560 3427 721 3478 nobilitatem.
768 3445 866 3493 prorsus
885 3429 1000 3478 censebat
1019 3429 1170 3512 Hortensius.
1194 3430 1287 3478 Cicero

210 3535 246 3549 ·-
263 3508 373 3558 Virtutes.
388 3512 492 3576 Propter
505 3505 674 3574 iutegritatem.
689 3534 722 3546 -
767 3510 792 3556 in
807 3525 878 3556 censs
894 3510 941 3558 init
960 3525 1004 3558 cus·
1020 3509 1111 3575 periret
1128 3505 1286 3572 respublica,

209 3589 314 3656 Ingenii.
325 3591 428 3655 Propter
435 3590 608 3654 eloquentiam.
767 3587 826 3636 dum
831 3588 938 3652 primurn
944 3585 1170 3653 Pompeio,deinde
1176 3587 1286 3637 Octavio

244 3669 269 3719 5.
283 3669 311 3733 Q.
323 3668 469 3718 Hortensius.
479 3668 573 3720 Consul
579 3677 636 3716 ante
644 3682 722 3715 runos
766 3666 868 3715 nimium
886 3667 955 3718 iavit.
972 3693 1008 3704 -
1025 3663 1144 3715 Oisolevit
1157 3663 1216 3730 jam
1235 3666 1287 3714 ieta

208 3761 273 3810 uss,
287 3749 379 3814 collega
396 3751 426 3800 C.
440 3748 533 3800 Catilii
549 3735 653 3804 usulis,
671 3746 723 3795 elo-
766 3745 854 3794 cretio.
869 3747 1008 3796 Tiauslstio
1027 3754 1125 3811 sumpts
1139 3744 1171 3792 de
1184 3743 1216 3792 iis
1229 3761 1287 3809 quse

208 3831 388 3898 quentissimus.
763 3841 794 3874 ex
806 3842 852 3874 usu
866 3837 956 3875 remota
975 3825 1133 3886 rejiciuntur.
1148 3850 1182 3861 -
1197 3825 1239 3871 ile.
1255 3825 1286 3872 id

242 3909 268 3956 o.
289 3908 475 3956 Arsctoritatem.
493 3907 590 3952 Famam
610 3898 719 3953 illorum.
764 3915 811 3962 est,
826 3905 915 3954 effectu
929 3905 994 3971 ipso.

205 4015 240 4025 -
251 3987 331 4036 Locis.
342 3987 516 4052 Temporibus,
529 3982 707 4032 occasionibus.
803 4001 842 4033 ro.
859 3984 937 4032 Vetto
943 3982 1037 4048 fecisti.
1052 3981 1156 4043 iamiam
1169 3981 1284 4031 Horten-

177 4117 184 4130 ,
241 4081 267 4127 7.
294 4067 392 4114 Summa
414 4083 464 4115 erse
486 4062 578 4113 omnia.
605 4063 719 4111 Hernicis
763 4061 814 4111 sius
835 4061 924 4126 aliique
948 4059 1012 4110 idem
1035 4060 1192 4122 objecerant,
1217 4075 1284 4110 anno

204 4144 418 4202 rimutibusunum
432 4145 573 4210 Pompeium
585 4141 688 4207 pollere.
764 4143 936 4200 antecedente,
950 4157 1025 4205 quum
1047 4141 1123 4204 legem
1148 4142 1282 4204 proposuit
