<?xml version="1.0" encoding="UTF-8"?>
<!DOCTYPE html PUBLIC "-//W3C//DTD XHTML 1.0 Transitional//EN"
    "http://www.w3.org/TR/xhtml1/DTD/xhtml1-transitional.dtd">
<html xmlns="http://www.w3.org/1999/xhtml" xml:lang="en" lang="en">
 <head>
  <title>
</title>
<meta http-equiv="Content-Type" content="text/html;charset=utf-8" />
  <meta name='ocr-system' content='tesseract 3.04.00' />
  <meta name='ocr-capabilities' content='ocr_page ocr_carea ocr_par ocr_line ocrx_word'/>
</head>
<body>
  <div class='ocr_page' id='page_1' title='image "./mtciceronisquae00lemagoog_0540.png"; bbox 0 0 2958 4670; ppageno 0'>
   <div class='ocr_carea' id='block_1_1' title="bbox 365 357 1209 442">
    <p class='ocr_par' dir='ltr' id='par_1_1' title="bbox 365 357 1209 442">
     <span class='ocr_line' id='line_1_1' title="bbox 365 357 1209 442; baseline 0.017 -13"><span class='ocrx_word' id='word_1_1' title='bbox 365 357 689 430; x_wconf 83' lang='lat' dir='ltr'>ORATIO&#39;PRO</span> <span class='ocrx_word' id='word_1_2' title='bbox 713 360 751 428; x_wconf 89' lang='lat' dir='ltr'>L.</span> <span class='ocrx_word' id='word_1_3' title='bbox 777 359 1007 432; x_wconf 87' lang='lat' dir='ltr'>MURENA.</span> <span class='ocrx_word' id='word_1_4' title='bbox 1145 367 1209 442; x_wconf 82' lang='lat'>531</span> 
     </span>
    </p>
   </div>
   <div class='ocr_carea' id='block_1_2' title="bbox 151 485 1239 3432">
    <p class='ocr_par' dir='ltr' id='par_1_2' title="bbox 151 485 1239 3326">
     <span class='ocr_line' id='line_1_2' title="bbox 152 485 1215 582; baseline 0.011 -30"><span class='ocrx_word' id='word_1_5' title='bbox 152 485 360 580; x_wconf 84' lang='lat' dir='ltr'>tissimeque</span> <span class='ocrx_word' id='word_1_6' title='bbox 375 495 564 568; x_wconf 83' lang='lat' dir='ltr'>vexatum,</span> <span class='ocrx_word' id='word_1_7' title='bbox 586 501 789 578; x_wconf 86' lang='lat' dir='ltr'>repressum</span> <span class='ocrx_word' id='word_1_8' title='bbox 806 501 933 576; x_wconf 72' lang='lat' dir='ltr'>magua</span> <span class='ocrx_word' id='word_1_9' title='bbox 947 507 992 554; x_wconf 83' lang='lat' dir='ltr'>ex</span> <span class='ocrx_word' id='word_1_10' title='bbox 1009 501 1125 582; x_wconf 86' lang='lat' dir='ltr'>parte,</span> <span class='ocrx_word' id='word_1_11' title='bbox 1142 517 1215 572; x_wconf 87' lang='lat' dir='ltr'>non</span> 
     </span>
     <span class='ocr_line' id='line_1_3' title="bbox 152 587 1216 690; baseline 0.01 -28"><span class='ocrx_word' id='word_1_12' title='bbox 152 615 366 690; x_wconf 88' lang='lat' dir='ltr'>oppressum</span> <span class='ocrx_word' id='word_1_13' title='bbox 388 591 553 688; x_wconf 86' lang='lat' dir='ltr'>reliquit;</span> <span class='ocrx_word' id='word_1_14' title='bbox 576 592 639 687; x_wconf 92' lang='lat' dir='ltr'>qui</span> <span class='ocrx_word' id='word_1_15' title='bbox 662 615 745 676; x_wconf 81' lang='lat' dir='ltr'>rex,</span> <span class='ocrx_word' id='word_1_16' title='bbox 766 587 833 664; x_wconf 92' lang='lat' dir='ltr'>sibi</span> <span class='ocrx_word' id='word_1_17' title='bbox 852 591 989 688; x_wconf 81' lang='lat' dir='ltr'><strong>aliquot</strong></span> <span class='ocrx_word' id='word_1_18' title='bbox 1003 598 1105 670; x_wconf 86' lang='lat' dir='ltr'>annis</span> <span class='ocrx_word' id='word_1_19' title='bbox 1119 623 1216 678; x_wconf 85' lang='lat' dir='ltr'>sum-</span> 
     </span>
     <span class='ocr_line' id='line_1_4' title="bbox 153 699 1215 799; baseline 0.009 -25"><span class='ocrx_word' id='word_1_20' title='bbox 153 706 223 799; x_wconf 89' lang='lat' dir='ltr'>ptis</span> <span class='ocrx_word' id='word_1_21' title='bbox 242 703 285 775; x_wconf 89' lang='lat' dir='ltr'>ad</span> <span class='ocrx_word' id='word_1_22' title='bbox 304 699 570 776; x_wconf 82' lang='lat' dir='ltr'>confirmandas</span> <span class='ocrx_word' id='word_1_23' title='bbox 586 702 745 773; x_wconf 87' lang='lat' dir='ltr'>rationes</span> <span class='ocrx_word' id='word_1_24' title='bbox 761 713 797 770; x_wconf 86' lang='lat' dir='ltr'>et</span> <span class='ocrx_word' id='word_1_25' title='bbox 815 701 938 798; x_wconf 85' lang='lat' dir='ltr'>copias</span> <span class='ocrx_word' id='word_1_26' title='bbox 955 701 1057 792; x_wconf 85' lang='lat' dir='ltr'>belii,</span> <span class='ocrx_word' id='word_1_27' title='bbox 1077 719 1215 784; x_wconf 88' lang='lat' dir='ltr'>tautum</span> 
     </span>
     <span class='ocr_line' id='line_1_5' title="bbox 151 808 1216 913; baseline 0.013 -33"><span class='ocrx_word' id='word_1_28' title='bbox 151 814 229 909; x_wconf 91' lang='lat' dir='ltr'>ipse</span> <span class='ocrx_word' id='word_1_29' title='bbox 250 811 382 910; x_wconf 88' lang='lat' dir='ltr'>opibus</span> <span class='ocrx_word' id='word_1_30' title='bbox 404 826 610 908; x_wconf 88' lang='lat' dir='ltr'>conatuque</span> <span class='ocrx_word' id='word_1_31' title='bbox 630 808 798 897; x_wconf 82' lang='lat' dir='ltr'>invaluit,</span> <span class='ocrx_word' id='word_1_32' title='bbox 817 825 858 880; x_wconf 92' lang='lat' dir='ltr'>ut</span> <span class='ocrx_word' id='word_1_33' title='bbox 868 835 911 913; x_wconf 82' lang='lat' dir='ltr'>se</span> <span class='ocrx_word' id='word_1_34' title='bbox 929 816 1115 888; x_wconf 83' lang='lat' dir='ltr'>Oceanum</span> <span class='ocrx_word' id='word_1_35' title='bbox 1134 844 1216 894; x_wconf 89' lang='lat' dir='ltr'>cum</span> 
     </span>
     <span class='ocr_line' id='line_1_6' title="bbox 152 921 1217 1028; baseline 0.009 -36"><span class='ocrx_word' id='word_1_36' title='bbox 152 921 304 1011; x_wconf 68' lang='lat' dir='ltr'>Pontot</span> <span class='ocrx_word' id='word_1_37' title='bbox 326 925 472 996; x_wconf 88' lang='lat' dir='ltr'>Sertorii</span> <span class='ocrx_word' id='word_1_38' title='bbox 497 925 619 1020; x_wconf 83' lang='lat' dir='ltr'>copies</span> <span class='ocrx_word' id='word_1_39' title='bbox 645 945 728 992; x_wconf 90' lang='lat' dir='ltr'>cum</span> <span class='ocrx_word' id='word_1_40' title='bbox 749 922 822 994; x_wconf 89' lang='lat' dir='ltr'>suis</span> <span class='ocrx_word' id='word_1_41' title='bbox 847 922 1126 1018; x_wconf 87' lang='lat' dir='ltr'>conjuncturum</span> <span class='ocrx_word' id='word_1_42' title='bbox 1149 955 1217 1028; x_wconf 90' lang='lat' dir='ltr'>pu·</span> 
     </span>
     <span class='ocr_line' id='line_1_7' title="bbox 151 1029 1218 1128; baseline 0.007 -24"><span class='ocrx_word' id='word_1_43' title='bbox 151 1048 254 1106; x_wconf 87' lang='lat' dir='ltr'>taret.</span> <span class='ocrx_word' id='word_1_44' title='bbox 274 1032 330 1106; x_wconf 78' lang='lat' dir='ltr'>Ad</span> <span class='ocrx_word' id='word_1_45' title='bbox 347 1031 449 1128; x_wconf 87' lang='lat' dir='ltr'>quod</span> <span class='ocrx_word' id='word_1_46' title='bbox 467 1030 605 1104; x_wconf 86' lang='lat' dir='ltr'>bellum</span> <span class='ocrx_word' id='word_1_47' title='bbox 624 1029 769 1102; x_wconf 91' lang='lat' dir='ltr'>duobus</span> <span class='ocrx_word' id='word_1_48' title='bbox 788 1031 998 1104; x_wconf 85' lang='lat' dir='ltr'>consulibus</span> <span class='ocrx_word' id='word_1_49' title='bbox 1014 1037 1063 1105; x_wconf 87' lang='lat' dir='ltr'>ita</span> <span class='ocrx_word' id='word_1_50' title='bbox 1081 1040 1218 1126; x_wconf 84' lang='lat' dir='ltr'>missis,</span> 
     </span>
     <span class='ocr_line' id='line_1_8' title="bbox 153 1136 1219 1243; baseline 0.008 -31"><span class='ocrx_word' id='word_1_51' title='bbox 153 1156 193 1213; x_wconf 89' lang='lat' dir='ltr'>ut</span> <span class='ocrx_word' id='word_1_52' title='bbox 218 1142 307 1216; x_wconf 86' lang='lat' dir='ltr'>alter</span> <span class='ocrx_word' id='word_1_53' title='bbox 330 1139 573 1216; x_wconf 72' lang='lat' dir='ltr'>Mithridatem</span> <span class='ocrx_word' id='word_1_54' title='bbox 594 1155 884 1239; x_wconf 82' lang='lat' dir='ltr'>persequeretur,</span> <span class='ocrx_word' id='word_1_55' title='bbox 904 1139 993 1214; x_wconf 90' lang='lat' dir='ltr'>alter</span> <span class='ocrx_word' id='word_1_56' title='bbox 1017 1136 1219 1243; x_wconf 80' lang='lat' dir='ltr'>Bithyniam</span> 
     </span>
     <span class='ocr_line' id='line_1_9' title="bbox 152 1247 1220 1346; baseline 0.005 -20"><span class='ocrx_word' id='word_1_57' title='bbox 152 1267 335 1328; x_wconf 86' lang='lat' dir='ltr'>tueretur:</span> <span class='ocrx_word' id='word_1_58' title='bbox 356 1247 524 1324; x_wconf 85' lang='lat' dir='ltr'>alterius⁵</span> <span class='ocrx_word' id='word_1_59' title='bbox 547 1274 605 1325; x_wconf 91' lang='lat' dir='ltr'>res</span> <span class='ocrx_word' id='word_1_60' title='bbox 631 1263 667 1323; x_wconf 88' lang='lat' dir='ltr'>et</span> <span class='ocrx_word' id='word_1_61' title='bbox 694 1264 787 1325; x_wconf 82' lang='lat' dir='ltr'>terra</span> <span class='ocrx_word' id='word_1_62' title='bbox 812 1265 849 1320; x_wconf 86' lang='lat' dir='ltr'>et</span> <span class='ocrx_word' id='word_1_63' title='bbox 873 1254 962 1322; x_wconf 91' lang='lat' dir='ltr'>mari</span> <span class='ocrx_word' id='word_1_64' title='bbox 986 1253 1220 1346; x_wconf 74' lang='lat' dir='ltr'>calamitosa,</span> 
     </span>
     <span class='ocr_line' id='line_1_10' title="bbox 152 1361 1221 1458; baseline 0.004 -26"><span class='ocrx_word' id='word_1_65' title='bbox 152 1361 385 1434; x_wconf 87' lang='lat' dir='ltr'>vehementer</span> <span class='ocrx_word' id='word_1_66' title='bbox 399 1376 434 1436; x_wconf 85' lang='lat' dir='ltr'>et</span> <span class='ocrx_word' id='word_1_67' title='bbox 450 1385 538 1458; x_wconf 87' lang='lat' dir='ltr'>opes</span> <span class='ocrx_word' id='word_1_68' title='bbox 552 1361 664 1458; x_wconf 82' lang='lat' dir='ltr'>regis,</span> <span class='ocrx_word' id='word_1_69' title='bbox 677 1374 714 1433; x_wconf 87' lang='lat' dir='ltr'>et</span> <span class='ocrx_word' id='word_1_70' title='bbox 731 1385 866 1432; x_wconf 89' lang='lat' dir='ltr'>nomen</span> <span class='ocrx_word' id='word_1_71' title='bbox 878 1379 1076 1453; x_wconf 76' lang='lat' dir='ltr'>auxeruut3</span> <span class='ocrx_word' id='word_1_72' title='bbox 1094 1369 1133 1437; x_wconf 92' lang='lat' dir='ltr'>L.</span> <span class='ocrx_word' id='word_1_73' title='bbox 1151 1373 1221 1443; x_wconf 89' lang='lat' dir='ltr'>Lu-</span> 
     </span>
     <span class='ocr_line' id='line_1_11' title="bbox 152 1469 1222 1569; baseline -0.009 -27"><span class='ocrx_word' id='word_1_74' title='bbox 152 1469 237 1542; x_wconf 83' lang='lat' dir='ltr'>culti</span> <span class='ocrx_word' id='word_1_75' title='bbox 255 1495 343 1543; x_wconf 81' lang='lat' dir='ltr'>vero</span> <span class='ocrx_word' id='word_1_76' title='bbox 360 1495 417 1546; x_wconf 88' lang='lat' dir='ltr'>res</span> <span class='ocrx_word' id='word_1_77' title='bbox 436 1484 541 1542; x_wconf 83' lang='lat' dir='ltr'>tantae</span> <span class='ocrx_word' id='word_1_78' title='bbox 558 1471 794 1553; x_wconf 84' lang='lat' dir='ltr'>exstiterunt,</span> <span class='ocrx_word' id='word_1_79' title='bbox 815 1485 856 1540; x_wconf 88' lang='lat' dir='ltr'>nt</span> <span class='ocrx_word' id='word_1_80' title='bbox 875 1495 995 1568; x_wconf 86' lang='lat' dir='ltr'>neque</span> <span class='ocrx_word' id='word_1_81' title='bbox 1017 1475 1130 1569; x_wconf 84' lang='lat' dir='ltr'>majus</span> <span class='ocrx_word' id='word_1_82' title='bbox 1147 1475 1222 1555; x_wconf 88' lang='lat' dir='ltr'>bel.</span> 
     </span>
     <span class='ocr_line' id='line_1_12' title="bbox 154 1579 1222 1678; baseline 0.002 -22"><span class='ocrx_word' id='word_1_83' title='bbox 154 1583 228 1656; x_wconf 87' lang='lat' dir='ltr'>lum</span> <span class='ocrx_word' id='word_1_84' title='bbox 255 1581 529 1656; x_wconf 88' lang='lat' dir='ltr'>commemorari</span> <span class='ocrx_word' id='word_1_85' title='bbox 551 1579 684 1678; x_wconf 80' lang='lat' dir='ltr'>possit,</span> <span class='ocrx_word' id='word_1_86' title='bbox 705 1604 826 1678; x_wconf 89' lang='lat' dir='ltr'>neque</span> <span class='ocrx_word' id='word_1_87' title='bbox 851 1579 986 1675; x_wconf 85' lang='lat' dir='ltr'>majore</span> <span class='ocrx_word' id='word_1_88' title='bbox 1014 1585 1164 1659; x_wconf 88' lang='lat' dir='ltr'>consilio</span> <span class='ocrx_word' id='word_1_89' title='bbox 1185 1602 1222 1664; x_wconf 90' lang='lat' dir='ltr'>et</span> 
     </span>
     <span class='ocr_line' id='line_1_13' title="bbox 153 1691 1221 1788; baseline 0.012 -30"><span class='ocrx_word' id='word_1_90' title='bbox 153 1694 285 1764; x_wconf 89' lang='lat' dir='ltr'>virtute</span> <span class='ocrx_word' id='word_1_91' title='bbox 302 1707 456 1788; x_wconf 80' lang='lat' dir='ltr'>gestum.</span> <span class='ocrx_word' id='word_1_92' title='bbox 475 1693 588 1776; x_wconf 87' lang='lat' dir='ltr'>Nam,</span> <span class='ocrx_word' id='word_1_93' title='bbox 610 1714 724 1786; x_wconf 90' lang='lat' dir='ltr'>quum</span> <span class='ocrx_word' id='word_1_94' title='bbox 752 1691 862 1766; x_wconf 85' lang='lat' dir='ltr'>totius</span> <span class='ocrx_word' id='word_1_95' title='bbox 881 1693 1038 1788; x_wconf 85' lang='lat' dir='ltr'>impetus</span> <span class='ocrx_word' id='word_1_96' title='bbox 1062 1692 1151 1768; x_wconf 84' lang='lat' dir='ltr'>belii</span> <span class='ocrx_word' id='word_1_97' title='bbox 1175 1697 1221 1771; x_wconf 88' lang='lat' dir='ltr'>ad</span> 
     </span>
     <span class='ocr_line' id='line_1_14' title="bbox 152 1801 1221 1899; baseline 0.005 -25"><span class='ocrx_word' id='word_1_98' title='bbox 152 1804 414 1899; x_wconf 81' lang='lat' dir='ltr'>Cyzicenorum</span> <span class='ocrx_word' id='word_1_99' title='bbox 431 1801 565 1870; x_wconf 87' lang='lat' dir='ltr'>moenia</span> <span class='ocrx_word' id='word_1_100' title='bbox 582 1801 817 1886; x_wconf 89' lang='lat' dir='ltr'>constitisset,</span> <span class='ocrx_word' id='word_1_101' title='bbox 831 1825 984 1898; x_wconf 83' lang='lat' dir='ltr'>eamque</span> <span class='ocrx_word' id='word_1_102' title='bbox 1001 1803 1130 1880; x_wconf 88' lang='lat' dir='ltr'>urbem</span> <span class='ocrx_word' id='word_1_103' title='bbox 1152 1807 1221 1882; x_wconf 83' lang='lat' dir='ltr'>sibi</span> 
     </span>
     <span class='ocr_line' id='line_1_15' title="bbox 152 1906 1222 2010; baseline 0.007 -28"><span class='ocrx_word' id='word_1_104' title='bbox 152 1908 377 1984; x_wconf 76' lang='lat' dir='ltr'>Mithridates</span> <span class='ocrx_word' id='word_1_105' title='bbox 395 1910 482 1986; x_wconf 78' lang='lat' dir='ltr'>Asiae</span> <span class='ocrx_word' id='word_1_106' title='bbox 497 1909 644 2003; x_wconf 84' lang='lat' dir='ltr'>januam</span> <span class='ocrx_word' id='word_1_107' title='bbox 661 1906 739 1982; x_wconf 86' lang='lat' dir='ltr'>sore</span> <span class='ocrx_word' id='word_1_108' title='bbox 759 1912 971 2007; x_wconf 79' lang='lat' dir='ltr'>putavisset,</span> <span class='ocrx_word' id='word_1_109' title='bbox 988 1938 1061 2010; x_wconf 87' lang='lat' dir='ltr'>qua</span> <span class='ocrx_word' id='word_1_110' title='bbox 1075 1914 1222 1997; x_wconf 87' lang='lat' dir='ltr'>effracta</span> 
     </span>
     <span class='ocr_line' id='line_1_16' title="bbox 153 2019 1220 2117; baseline 0.006 -23"><span class='ocrx_word' id='word_1_111' title='bbox 153 2037 189 2094; x_wconf 87' lang='lat' dir='ltr'>et</span> <span class='ocrx_word' id='word_1_112' title='bbox 207 2020 368 2104; x_wconf 80' lang='lat' dir='ltr'>revulsa,</span> <span class='ocrx_word' id='word_1_113' title='bbox 389 2033 465 2093; x_wconf 84' lang='lat' dir='ltr'>tota</span> <span class='ocrx_word' id='word_1_114' title='bbox 486 2033 629 2116; x_wconf 85' lang='lat' dir='ltr'>pateret</span> <span class='ocrx_word' id='word_1_115' title='bbox 658 2020 867 2116; x_wconf 82' lang='lat' dir='ltr'>provincia:</span> <span class='ocrx_word' id='word_1_116' title='bbox 894 2019 1051 2117; x_wconf 79' lang='lat' dir='ltr'>perfecta</span> <span class='ocrx_word' id='word_1_117' title='bbox 1077 2023 1123 2098; x_wconf 89' lang='lat' dir='ltr'>ab</span> <span class='ocrx_word' id='word_1_118' title='bbox 1147 2031 1220 2100; x_wconf 93' lang='lat' dir='ltr'>Lu·</span> 
     </span>
     <span class='ocr_line' id='line_1_17' title="bbox 153 2127 1223 2216; baseline 0.009 -14"><span class='ocrx_word' id='word_1_119' title='bbox 153 2130 250 2202; x_wconf 89' lang='lat' dir='ltr'>cullo</span> <span class='ocrx_word' id='word_1_120' title='bbox 265 2129 341 2202; x_wconf 86' lang='lat' dir='ltr'>haec</span> <span class='ocrx_word' id='word_1_121' title='bbox 362 2143 448 2200; x_wconf 90' lang='lat' dir='ltr'>sunt</span> <span class='ocrx_word' id='word_1_122' title='bbox 468 2130 611 2216; x_wconf 88' lang='lat' dir='ltr'>omnia,</span> <span class='ocrx_word' id='word_1_123' title='bbox 633 2143 674 2198; x_wconf 91' lang='lat' dir='ltr'>ut</span> <span class='ocrx_word' id='word_1_124' title='bbox 694 2127 780 2199; x_wconf 91' lang='lat' dir='ltr'>urbs</span> <span class='ocrx_word' id='word_1_125' title='bbox 798 2127 1090 2206; x_wconf 84' lang='lat' dir='ltr'>fidelissimorum</span> <span class='ocrx_word' id='word_1_126' title='bbox 1108 2139 1223 2212; x_wconf 84' lang='lat' dir='ltr'>socio·</span> 
     </span>
     <span class='ocr_line' id='line_1_18' title="bbox 153 2237 1221 2338; baseline 0.013 -30"><span class='ocrx_word' id='word_1_127' title='bbox 153 2265 234 2312; x_wconf 90' lang='lat' dir='ltr'>rum</span> <span class='ocrx_word' id='word_1_128' title='bbox 256 2237 524 2324; x_wconf 83' lang='lat' dir='ltr'>defenderetur,</span> <span class='ocrx_word' id='word_1_129' title='bbox 541 2253 578 2312; x_wconf 86' lang='lat' dir='ltr'>et</span> <span class='ocrx_word' id='word_1_130' title='bbox 596 2263 722 2312; x_wconf 88' lang='lat' dir='ltr'>omnes</span> <span class='ocrx_word' id='word_1_131' title='bbox 742 2240 855 2336; x_wconf 83' lang='lat' dir='ltr'>copiae</span> <span class='ocrx_word' id='word_1_132' title='bbox 873 2244 967 2338; x_wconf 82' lang='lat' dir='ltr'>regis</span> <span class='ocrx_word' id='word_1_133' title='bbox 986 2241 1221 2322; x_wconf 71' lang='lat' dir='ltr'>diuturnitate</span> 
     </span>
     <span class='ocr_line' id='line_1_19' title="bbox 153 2345 1219 2447; baseline 0.006 -27"><span class='ocrx_word' id='word_1_134' title='bbox 153 2345 376 2422; x_wconf 79' lang='lat' dir='ltr'>obsidionis⁶</span> <span class='ocrx_word' id='word_1_135' title='bbox 398 2363 706 2435; x_wconf 83' lang='lat' dir='ltr'>consumerentur.</span> <span class='ocrx_word' id='word_1_136' title='bbox 724 2348 843 2439; x_wconf 79' lang='lat' dir='ltr'>Quid?</span> <span class='ocrx_word' id='word_1_137' title='bbox 865 2347 959 2426; x_wconf 81' lang='lat' dir='ltr'>illam</span> <span class='ocrx_word' id='word_1_138' title='bbox 981 2375 1139 2447; x_wconf 86' lang='lat' dir='ltr'>pugnam</span> <span class='ocrx_word' id='word_1_139' title='bbox 1158 2381 1219 2432; x_wconf 90' lang='lat' dir='ltr'>na·</span> 
     </span>
     <span class='ocr_line' id='line_1_20' title="bbox 152 2455 1221 2553; baseline 0.009 -27"><span class='ocrx_word' id='word_1_140' title='bbox 152 2459 266 2532; x_wconf 87' lang='lat' dir='ltr'>vaiem</span> <span class='ocrx_word' id='word_1_141' title='bbox 287 2457 333 2530; x_wconf 87' lang='lat' dir='ltr'>ad</span> <span class='ocrx_word' id='word_1_142' title='bbox 349 2455 553 2543; x_wconf 85' lang='lat' dir='ltr'>Tenedum,</span> <span class='ocrx_word' id='word_1_143' title='bbox 573 2481 688 2553; x_wconf 91' lang='lat' dir='ltr'>quum</span> <span class='ocrx_word' id='word_1_144' title='bbox 706 2471 882 2532; x_wconf 84' lang='lat' dir='ltr'>contento</span> <span class='ocrx_word' id='word_1_145' title='bbox 897 2483 1023 2546; x_wconf 87' lang='lat' dir='ltr'>cursu,</span> <span class='ocrx_word' id='word_1_146' title='bbox 1040 2465 1221 2536; x_wconf 83' lang='lat' dir='ltr'>acerrimis</span> 
     </span>
     <span class='ocr_line' id='line_1_21' title="bbox 153 2566 1239 2667; baseline 0.006 -28"><span class='ocrx_word' id='word_1_147' title='bbox 153 2566 345 2654; x_wconf 84' lang='lat' dir='ltr'>ducibus⁷‚</span> <span class='ocrx_word' id='word_1_148' title='bbox 367 2567 527 2638; x_wconf 87' lang='lat' dir='ltr'>hostium</span> <span class='ocrx_word' id='word_1_149' title='bbox 551 2566 671 2640; x_wconf 86' lang='lat' dir='ltr'>classis</span> <span class='ocrx_word' id='word_1_150' title='bbox 699 2568 837 2640; x_wconf 87' lang='lat' dir='ltr'>ltaliam</span> <span class='ocrx_word' id='word_1_151' title='bbox 866 2592 930 2666; x_wconf 84' lang='lat' dir='ltr'>spe</span> <span class='ocrx_word' id='word_1_152' title='bbox 956 2585 1065 2667; x_wconf 84' lang='lat' dir='ltr'>atque</span> <span class='ocrx_word' id='word_1_153' title='bbox 1092 2578 1239 2662; x_wconf 18' lang='lat' dir='ltr'>animis,</span> 
     </span>
     <span class='ocr_line' id='line_1_22' title="bbox 152 2675 1220 2777; baseline 0.005 -29"><span class='ocrx_word' id='word_1_154' title='bbox 152 2677 275 2750; x_wconf 86' lang='lat' dir='ltr'>inflata</span> <span class='ocrx_word' id='word_1_155' title='bbox 298 2691 455 2777; x_wconf 87' lang='lat' dir='ltr'>peteret;</span> <span class='ocrx_word' id='word_1_156' title='bbox 481 2675 650 2747; x_wconf 88' lang='lat' dir='ltr'>mediocri</span> <span class='ocrx_word' id='word_1_157' title='bbox 671 2679 865 2747; x_wconf 79' lang='lat' dir='ltr'>certamine</span> <span class='ocrx_word' id='word_1_158' title='bbox 887 2692 922 2748; x_wconf 89' lang='lat' dir='ltr'>et</span> <span class='ocrx_word' id='word_1_159' title='bbox 943 2704 1053 2777; x_wconf 86' lang='lat' dir='ltr'>parva</span> <span class='ocrx_word' id='word_1_160' title='bbox 1075 2682 1220 2762; x_wconf 78' lang='lat' dir='ltr'>dnnica-</span> 
     </span>
     <span class='ocr_line' id='line_1_23' title="bbox 152 2784 1220 2887; baseline 0.005 -28"><span class='ocrx_word' id='word_1_161' title='bbox 152 2788 251 2860; x_wconf 89' lang='lat' dir='ltr'>tione</span> <span class='ocrx_word' id='word_1_162' title='bbox 277 2789 503 2862; x_wconf 82' lang='lat' dir='ltr'>commissam</span> <span class='ocrx_word' id='word_1_163' title='bbox 532 2784 739 2856; x_wconf 79' lang='lat' dir='ltr'>arbitraris?</span> <span class='ocrx_word' id='word_1_164' title='bbox 757 2787 863 2858; x_wconf 87' lang='lat' dir='ltr'>Mitto</span> <span class='ocrx_word' id='word_1_165' title='bbox 886 2787 1027 2882; x_wconf 84' lang='lat' dir='ltr'>praelia;</span> <span class='ocrx_word' id='word_1_166' title='bbox 1047 2807 1220 2887; x_wconf 84' lang='lat' dir='ltr'>praetereo</span> 
     </span>
     <span class='ocr_line' id='line_1_24' title="bbox 152 2892 1218 2995; baseline 0.005 -27"><span class='ocrx_word' id='word_1_167' title='bbox 152 2899 443 2995; x_wconf 82' lang='lat' dir='ltr'>oppugnationes</span> <span class='ocrx_word' id='word_1_168' title='bbox 474 2892 717 2992; x_wconf 75' lang='lat' dir='ltr'>oppidorumx</span> <span class='ocrx_word' id='word_1_169' title='bbox 742 2893 913 2992; x_wconf 80' lang='lat' dir='ltr'>expulsus</span> <span class='ocrx_word' id='word_1_170' title='bbox 936 2920 1048 2993; x_wconf 77' lang='lat' dir='ltr'>regno</span> <span class='ocrx_word' id='word_1_171' title='bbox 1072 2901 1218 2972; x_wconf 83' lang='lat' dir='ltr'>tandem</span> 
     </span>
     <span class='ocr_line' id='line_1_25' title="bbox 153 3002 1220 3102; baseline 0.007 -26"><span class='ocrx_word' id='word_1_172' title='bbox 153 3003 365 3102; x_wconf 87' lang='lat' dir='ltr'>aliquando,</span> <span class='ocrx_word' id='word_1_173' title='bbox 389 3015 527 3072; x_wconf 91' lang='lat' dir='ltr'>tantum</span> <span class='ocrx_word' id='word_1_174' title='bbox 551 3015 671 3076; x_wconf 88' lang='lat' dir='ltr'>tamen</span> <span class='ocrx_word' id='word_1_175' title='bbox 698 3002 848 3078; x_wconf 87' lang='lat' dir='ltr'>consilio</span> <span class='ocrx_word' id='word_1_176' title='bbox 875 3019 984 3102; x_wconf 87' lang='lat' dir='ltr'>atque</span> <span class='ocrx_word' id='word_1_177' title='bbox 1008 3013 1220 3084; x_wconf 86' lang='lat' dir='ltr'>auctoritate</span> 
     </span>
     <span class='ocr_line' id='line_1_26' title="bbox 152 3109 1220 3209; baseline 0.015 -29"><span class='ocrx_word' id='word_1_178' title='bbox 152 3113 287 3200; x_wconf 84' lang='lat' dir='ltr'>valuit,</span> <span class='ocrx_word' id='word_1_179' title='bbox 315 3127 359 3184; x_wconf 81' lang='lat' dir='ltr'>ut</span> <span class='ocrx_word' id='word_1_180' title='bbox 385 3136 445 3198; x_wconf 87' lang='lat' dir='ltr'>se,</span> <span class='ocrx_word' id='word_1_181' title='bbox 475 3135 560 3208; x_wconf 83' lang='lat' dir='ltr'>rege</span> <span class='ocrx_word' id='word_1_182' title='bbox 588 3109 871 3188; x_wconf 67' lang='lat' dir='ltr'>Armeniorumss</span> <span class='ocrx_word' id='word_1_183' title='bbox 896 3113 1090 3209; x_wconf 85' lang='lat' dir='ltr'>adjuncto,</span> <span class='ocrx_word' id='word_1_184' title='bbox 1117 3124 1220 3197; x_wconf 83' lang='lat' dir='ltr'>novis</span> 
     </span>
     <span class='ocr_line' id='line_1_27' title="bbox 153 3222 810 3326; baseline -0.003 -32"><span class='ocrx_word' id='word_1_185' title='bbox 153 3222 286 3322; x_wconf 89' lang='lat' dir='ltr'>opibus</span> <span class='ocrx_word' id='word_1_186' title='bbox 304 3223 490 3321; x_wconf 87' lang='lat' dir='ltr'>copiisque</span> <span class='ocrx_word' id='word_1_187' title='bbox 509 3225 700 3292; x_wconf 89' lang='lat' dir='ltr'>renovarit.</span> <span class='ocrx_word' id='word_1_188' title='bbox 743 3239 746 3246; x_wconf 84' lang='lat'>&#39;</span> <span class='ocrx_word' id='word_1_189' title='bbox 772 3238 775 3244; x_wconf 87' lang='grc'><strong>’</strong></span> <span class='ocrx_word' id='word_1_190' title='bbox 807 3319 810 3326; x_wconf 26' lang='grc' dir='ltr'>Ι</span> 
     </span>
    </p>

    <p class='ocr_par' dir='ltr' id='par_1_3' title="bbox 200 3329 1219 3432">
     <span class='ocr_line' id='line_1_28' title="bbox 200 3329 1219 3432; baseline 0.006 -26"><span class='ocrx_word' id='word_1_191' title='bbox 200 3337 294 3406; x_wconf 85' lang='lat' dir='ltr'><strong>XVI.</strong></span> <span class='ocrx_word' id='word_1_192' title='bbox 318 3337 388 3422; x_wconf 79' lang='lat' dir='ltr'>hc,</span> <span class='ocrx_word' id='word_1_193' title='bbox 409 3331 438 3404; x_wconf 88' lang='lat' dir='ltr'>si</span> <span class='ocrx_word' id='word_1_194' title='bbox 457 3329 545 3406; x_wconf 88' lang='lat' dir='ltr'>mihi</span> <span class='ocrx_word' id='word_1_195' title='bbox 561 3356 660 3402; x_wconf 93' lang='lat' dir='ltr'>nunc</span> <span class='ocrx_word' id='word_1_196' title='bbox 678 3330 723 3403; x_wconf 89' lang='lat' dir='ltr'>de</span> <span class='ocrx_word' id='word_1_197' title='bbox 743 3329 853 3413; x_wconf 87' lang='lat' dir='ltr'>rebus</span> <span class='ocrx_word' id='word_1_198' title='bbox 870 3335 978 3432; x_wconf 74' lang='lat' dir='ltr'>gestis</span> <span class='ocrx_word' id='word_1_199' title='bbox 994 3344 1219 3418; x_wconf 79' lang='lat' dir='ltr'>esset-nostri</span> 
     </span>
    </p>
   </div>
   <div class='ocr_carea' id='block_1_3' title="bbox 151 3531 1244 4139">
    <p class='ocr_par' dir='ltr' id='par_1_4' title="bbox 151 3531 1244 3846">
     <span class='ocr_line' id='line_1_29' title="bbox 188 3531 1216 3601; baseline 0.006 -18"><span class='ocrx_word' id='word_1_200' title='bbox 188 3548 212 3594; x_wconf 65' lang='lat' dir='ltr'>a.</span> <span class='ocrx_word' id='word_1_201' title='bbox 232 3537 355 3584; x_wconf 74' lang='lat' dir='ltr'>Oceanum</span> <span class='ocrx_word' id='word_1_202' title='bbox 366 3551 420 3582; x_wconf 77' lang='lat' dir='ltr'>oum</span> <span class='ocrx_word' id='word_1_203' title='bbox 432 3534 519 3580; x_wconf 79' lang='lat' dir='ltr'>Ponto.</span> <span class='ocrx_word' id='word_1_204' title='bbox 536 3533 663 3582; x_wconf 71' lang='lat' dir='ltr'>Ocu-mn</span> <span class='ocrx_word' id='word_1_205' title='bbox 742 3533 767 3582; x_wconf 79' lang='lat'>6.</span> <span class='ocrx_word' id='word_1_206' title='bbox 782 3531 952 3584; x_wconf 64' lang='lat' dir='ltr'>utcontra«</span> <span class='ocrx_word' id='word_1_207' title='bbox 976 3536 1125 3589; x_wconf 65' lang='lat' dir='ltr'>mansionis.</span> <span class='ocrx_word' id='word_1_208' title='bbox 1148 3538 1216 3601; x_wconf 77' lang='lat' dir='ltr'>Atti,</span> 
     </span>
     <span class='ocr_line' id='line_1_30' title="bbox 153 3609 1244 3671; baseline 0 -7"><span class='ocrx_word' id='word_1_209' title='bbox 153 3615 248 3666; x_wconf 71' lang='lat' dir='ltr'>tenebat</span> <span class='ocrx_word' id='word_1_210' title='bbox 261 3615 394 3671; x_wconf 65' lang='lat' dir='ltr'>Sertorius,</span> <span class='ocrx_word' id='word_1_211' title='bbox 413 3614 520 3660; x_wconf 78' lang='lat' dir='ltr'>Pontum</span> <span class='ocrx_word' id='word_1_212' title='bbox 532 3609 662 3661; x_wconf 76' lang='lat' dir='ltr'>Mithrtdn·</span> <span class='ocrx_word' id='word_1_213' title='bbox 704 3632 718 3656; x_wconf 72' lang='grc' dir='ltr'>ιι</span> <span class='ocrx_word' id='word_1_214' title='bbox 727 3611 876 3664; x_wconf 68' lang='lat' dir='ltr'>obfflionit</span> <span class='ocrx_word' id='word_1_215' title='bbox 885 3635 906 3662; x_wconf 65' lang='grc' dir='ltr'>υ.</span> <span class='ocrx_word' id='word_1_216' title='bbox 922 3615 947 3664; x_wconf 84' lang='lat' dir='ltr'>J.</span> <span class='ocrx_word' id='word_1_217' title='bbox 957 3617 989 3663; x_wconf 78' lang='lat' dir='ltr'>V.</span> <span class='ocrx_word' id='word_1_218' title='bbox 1003 3618 1030 3664; x_wconf 75' lang='lat' dir='ltr'>la.</span> <span class='ocrx_word' id='word_1_219' title='bbox 1241 3615 1244 3621; x_wconf 52' lang='lat'>¹</span> 
     </span>
     <span class='ocr_line' id='line_1_31' title="bbox 152 3689 1216 3757; baseline 0.004 -15"><span class='ocrx_word' id='word_1_220' title='bbox 152 3707 208 3742; x_wconf 89' lang='lat' dir='ltr'>tem.</span> <span class='ocrx_word' id='word_1_221' title='bbox 222 3697 259 3742; x_wconf 83' lang='lat' dir='ltr'>De</span> <span class='ocrx_word' id='word_1_222' title='bbox 270 3705 322 3743; x_wconf 85' lang='lat' dir='ltr'>tota</span> <span class='ocrx_word' id='word_1_223' title='bbox 336 3695 381 3742; x_wconf 75' lang='lat' dir='ltr'>hac</span> <span class='ocrx_word' id='word_1_224' title='bbox 394 3692 495 3741; x_wconf 73' lang='lat' dir='ltr'>historia</span> <span class='ocrx_word' id='word_1_225' title='bbox 510 3691 580 3756; x_wconf 75' lang='lat' dir='ltr'>plura</span> <span class='ocrx_word' id='word_1_226' title='bbox 593 3689 661 3738; x_wconf 74' lang='lat' dir='ltr'>dabit</span> <span class='ocrx_word' id='word_1_227' title='bbox 742 3707 766 3752; x_wconf 79' lang='lat'>7.</span> <span class='ocrx_word' id='word_1_228' title='bbox 778 3690 917 3742; x_wconf 43' lang='lat' dir='ltr'>*Acarnan</span> <span class='ocrx_word' id='word_1_229' title='bbox 931 3691 1039 3744; x_wconf 63' lang='grc' dir='ltr'>ΜΝ.</span> <span class='ocrx_word' id='word_1_230' title='bbox 1055 3696 1216 3757; x_wconf 72' lang='lat' dir='ltr'>Sertorianis,</span> 
     </span>
     <span class='ocr_line' id='line_1_32' title="bbox 151 3769 1021 3846; baseline -0.005 -24"><span class='ocrx_word' id='word_1_231' title='bbox 151 3773 231 3822; x_wconf 77' lang='lat' dir='ltr'>oratio</span> <span class='ocrx_word' id='word_1_232' title='bbox 244 3773 354 3837; x_wconf 73' lang='lat' dir='ltr'>prolege</span> <span class='ocrx_word' id='word_1_233' title='bbox 362 3771 470 3822; x_wconf 74' lang='lat' dir='ltr'>umttn.</span> <span class='ocrx_word' id='word_1_234' title='bbox 703 3779 732 3816; x_wconf 81' lang='lat' dir='ltr'>ut</span> <span class='ocrx_word' id='word_1_235' title='bbox 745 3769 772 3816; x_wconf 82' lang='lat' dir='ltr'>in</span> <span class='ocrx_word' id='word_1_236' title='bbox 784 3769 916 3820; x_wconf 73' lang='lat' dir='ltr'>Manilius</span> <span class='ocrx_word' id='word_1_237' title='bbox 929 3769 1021 3846; x_wconf 64' lang='lat' dir='ltr'>cathir.</span> 
     </span>
    </p>

    <p class='ocr_par' dir='ltr' id='par_1_5' title="bbox 152 3848 1216 4139">
     <span class='ocr_line' id='line_1_33' title="bbox 189 3848 1215 3918; baseline -0.003 -17"><span class='ocrx_word' id='word_1_238' title='bbox 189 3853 213 3901; x_wconf 79' lang='lat'>5.</span> <span class='ocrx_word' id='word_1_239' title='bbox 222 3851 336 3900; x_wconf 74' lang='lat' dir='ltr'>Alterius.</span> <span class='ocrx_word' id='word_1_240' title='bbox 346 3849 580 3908; x_wconf 50' lang='lat' dir='ltr'>mmet-titane,</span> <span class='ocrx_word' id='word_1_241' title='bbox 587 3865 659 3913; x_wconf 76' lang='lat' dir='ltr'>quen</span> <span class='ocrx_word' id='word_1_242' title='bbox 741 3849 766 3896; x_wconf 81' lang='lat'>8.</span> <span class='ocrx_word' id='word_1_243' title='bbox 794 3849 857 3912; x_wconf 67' lang='lat' dir='ltr'>Rege</span> <span class='ocrx_word' id='word_1_244' title='bbox 884 3848 1057 3898; x_wconf 65' lang='lat' dir='ltr'>Amanium</span> <span class='ocrx_word' id='word_1_245' title='bbox 1086 3850 1215 3918; x_wconf 63' lang='lat' dir='ltr'>odjum</span> 
     </span>
     <span class='ocr_line' id='line_1_34' title="bbox 152 3925 1216 3993; baseline -0.002 -13"><span class='ocrx_word' id='word_1_246' title='bbox 152 3930 305 3980; x_wconf 66' lang='lat' dir='ltr'>M&#39;nhridrtes</span> <span class='ocrx_word' id='word_1_247' title='bbox 321 3929 457 3993; x_wconf 75' lang='lat' dir='ltr'>irruptione</span> <span class='ocrx_word' id='word_1_248' title='bbox 471 3928 498 3976; x_wconf 81' lang='lat' dir='ltr'>in</span> <span class='ocrx_word' id='word_1_249' title='bbox 521 3928 659 3992; x_wconf 68' lang='lat' dir='ltr'>bithyniam</span> <span class='ocrx_word' id='word_1_250' title='bbox 704 3927 808 3991; x_wconf 67' lang='lat' dir='ltr'>Tigrane</span> <span class='ocrx_word' id='word_1_251' title='bbox 819 3925 968 3977; x_wconf 67' lang='lat' dir='ltr'>niundon·</span> <span class='ocrx_word' id='word_1_252' title='bbox 980 3941 1083 3990; x_wconf 62' lang='lat' dir='ltr'>genem,</span> <span class='ocrx_word' id='word_1_253' title='bbox 1095 3933 1164 3992; x_wconf 68' lang='lat' dir='ltr'>onius</span> <span class='ocrx_word' id='word_1_254' title='bbox 1174 3932 1216 3984; x_wconf 72' lang='lat' dir='ltr'>iile</span> 
     </span>
     <span class='ocr_line' id='line_1_35' title="bbox 152 4003 1216 4074; baseline -0.007 -14"><span class='ocrx_word' id='word_1_255' title='bbox 152 4015 229 4072; x_wconf 72' lang='lat' dir='ltr'>sam,</span> <span class='ocrx_word' id='word_1_256' title='bbox 245 4021 307 4058; x_wconf 82' lang='lat' dir='ltr'>tem</span> <span class='ocrx_word' id='word_1_257' title='bbox 326 4008 403 4066; x_wconf 72' lang='lat' dir='ltr'>todia,</span> <span class='ocrx_word' id='word_1_258' title='bbox 421 4007 479 4058; x_wconf 74' lang='lat' dir='ltr'>mari</span> <span class='ocrx_word' id='word_1_259' title='bbox 500 4007 659 4070; x_wconf 74' lang='lat' dir='ltr'>pulcherrim</span> <span class='ocrx_word' id='word_1_260' title='bbox 703 4007 730 4056; x_wconf 68' lang='lat' dir='ltr'>iu</span> <span class='ocrx_word' id='word_1_261' title='bbox 746 4004 902 4056; x_wconf 63' lang='lat' dir='ltr'>naimo</span> <span class='ocrx_word' id='word_1_262' title='bbox 913 4003 987 4054; x_wconf 74' lang='lat' dir='ltr'>titiam</span> <span class='ocrx_word' id='word_1_263' title='bbox 999 4008 1152 4074; x_wconf 68' lang='lat' dir='ltr'>Cleopam</span> <span class='ocrx_word' id='word_1_264' title='bbox 1172 4011 1216 4062; x_wconf 67' lang='lat' dir='ltr'>h..</span> 
     </span>
     <span class='ocr_line' id='line_1_36' title="bbox 152 4083 786 4139; baseline -0.008 -2"><span class='ocrx_word' id='word_1_265' title='bbox 152 4091 227 4139; x_wconf 71' lang='lat' dir='ltr'>elnae</span> <span class='ocrx_word' id='word_1_266' title='bbox 237 4089 312 4137; x_wconf 80' lang='lat' dir='ltr'>eruit.</span> <span class='ocrx_word' id='word_1_267' title='bbox 704 4083 786 4134; x_wconf 73' lang='lat' dir='ltr'>habat.</span> 
     </span>
    </p>
   </div>
   <div class='ocr_carea' id='block_1_4' title="bbox 1017 4173 1171 4257">
    <p class='ocr_par' dir='ltr' id='par_1_6' title="bbox 1017 4173 1171 4257">
     <span class='ocr_line' id='line_1_37' title="bbox 1017 4173 1171 4257; baseline 0.006 -13"><span class='ocrx_word' id='word_1_268' title='bbox 1017 4173 1073 4257; x_wconf 71' lang='grc'>34.</span> <span class='ocrx_word' id='word_1_269' title='bbox 1167 4213 1171 4220; x_wconf 86' lang='grc'><em>·</em></span> 
     </span>
    </p>
   </div>
   <div class='ocr_carea' id='block_1_5' title="bbox 0 0 1487 4670">
    <p class='ocr_par' dir='ltr' id='par_1_7' title="bbox 0 0 1487 4670">
     <span class='ocr_line' id='line_1_38' title="bbox 0 0 1487 4670; baseline 0 0"><span class='ocrx_word' id='word_1_270' title='bbox 0 0 1487 4670; x_wconf 95' lang='lat' dir='ltr'> </span> 
     </span>
    </p>
   </div>
  </div>
 </body>
</html>
