3020 4668
251 353 319 451 372
570 353 617 422 u.
644 320 683 420 Τ.
709 353 1000 426 crcuaonrs

251 479 330 548 vitae
357 471 577 546 curriculum
606 485 735 544 natura
760 475 1065 574 circumscripsit,
1096 477 1318 552 immensum

253 586 384 683 gloriae.

299 699 360 766 XI.
388 696 530 784 Quare,
555 692 585 762 si
608 714 685 779 eos,
709 693 773 787 qui
798 692 872 786 jam
899 691 945 764 de
969 696 1041 766 vita
1065 694 1319 788 decesserunt,

251 804 484 891 ornabimus,
502 803 692 899 justiorem
714 801 821 873 nobis
846 805 974 876 mortis
992 806 1238 879 conditionem
1259 835 1318 882 re·

252 917 461 1013 linquemus
474 925 498 985 ¹.
522 911 610 999 Sed,
632 914 664 982 si
682 911 779 999 illos,
798 913 976 1000 Labiene,
994 939 1089 1012 quos
1106 916 1180 1012 jam
1196 918 1317 991 ridere

251 1053 326 1098 non
340 1047 553 1124 possumus,
571 1020 737 1120 negligis3
757 1047 803 1094 nc
817 1023 874 1096 his
889 1024 1038 1122 quidem
1052 1080 1062 1112 ,
1076 1038 1193 1123 quos²
1207 1028 1316 1117 vides,

251 1136 393 1210 consuli
411 1150 514 1233 putas
528 1134 718 1231 oportere?
736 1137 924 1206 Neminem
939 1159 1017 1208 esse
1031 1134 1114 1208 dico
1127 1161 1173 1208 ex
1185 1139 1228 1208 iis
1241 1162 1318 1209 om-

251 1247 381 1334 nibus,
401 1246 466 1344 qui
488 1243 551 1314 illo
574 1243 632 1314 die
654 1247 777 1314 Romae
803 1243 956 1331 luerint,
974 1269 1086 1343 quern
1104 1261 1145 1318 tu
1165 1248 1260 1322 diem
1279 1251 1317 1322 in

248 1357 426 1457 judicium
449 1379 575 1442 vocas,
603 1350 821 1452 pubesque³
849 1367 927 1425 tum
955 1352 1084 1445 fuerit,
1108 1360 1201 1456 quin
1221 1383 1317 1433 arma

253 1469 406 1565 ceperit,
431 1467 520 1562 quin
542 1462 709 1536 eonsules
733 1480 908 1562 sequutus
927 1466 982 1538 sit.
1006 1471 1144 1540 Omnes
1161 1473 1204 1559 ii,
1226 1497 1317 1569 quo·

251 1604 334 1650 rum
363 1593 404 1648 tu
431 1603 473 1649 ex
504 1579 634 1646 aetate‘*
661 1575 909 1670 conjecturam
933 1575 1050 1648 facere
1077 1595 1200 1677 potes,
1231 1581 1318 1680 quid

250 1705 329 1760 turn
352 1687 525 1775 fecerint,
550 1685 614 1758 abs
638 1701 672 1756 te
696 1688 748 1756 rei
767 1688 910 1785 capitis,
930 1691 971 1759 C.
995 1687 1131 1760 Rabirii
1154 1693 1318 1780 nomine,

252 1804 421 1871 citantur.

298 1914 344 1978 At
366 1906 498 1978 occidit
519 1909 754 1978 Saturninum
779 1905 958 1980 Rabirius.
983 1909 1316 1985 Utinamlecisset!

250 2043 328 2090 non
355 2018 576 2115 supplicium
603 2017 840 2113 deprecarer,
861 2017 924 2090 sed
952 2021 1139 2117 praemium
1160 2021 1331 2118 postulae·
1420 2097 1426 2110 ,
1489 2053 1490 2060 .

161 2173 168 2186 .
251 2153 339 2202 rem.
367 2130 528 2212 Etenim,
549 2127 577 2198 si
598 2131 723 2199 Scaevae
738 2125 764 2212 ⁵,
782 2153 888 2200 servo
911 2134 955 2221 Q.
971 2132 1155 2218 Crotonis,
1177 2137 1241 2229 qui
1259 2157 1320 2204 oc·

254 2237 340 2310 cidit
359 2243 400 2308 L.
425 2237 678 2325 Saturninum,
704 2235 848 2308 libertas
871 2237 951 2310 data
977 2255 1061 2312 est:
1087 2240 1188 2338 quod
1209 2243 1320 2340 equiti

253 2371 404 2420 romano
427 2347 615 2445 praemium
636 2345 712 2416 dari
732 2371 797 2444 par
816 2346 963 2420 fuisset?
986 2364 1039 2436 et,
1059 2353 1088 2422 si
1106 2356 1146 2422 C.
1168 2355 1318 2439 Marius,

254 2456 354 2554 quod
389 2453 563 2542 fistulas⁶,
596 2455 743 2552 quibus·
760 2481 853 2553 aqua
880 2457 1182 2556 suppeditabatur
1226 2463 1320 2535 iovis

255 2566 393 2663 Optimi
407 2566 554 2636 Maximi
566 2563 710 2662 templis
725 2591 765 2638 ac
780 2566 937 2655 sedibus,
954 2569 1097 2667 praecidi
1112 2575 1320 2671 imperarat,

256 2673 358 2772 quod
372 2679 408 2744 in
423 2674 517 2746 clivo
534 2675 738 2786 Capitolino
757 2676 1009 2775 improborum
1027 2683 1162 2753 civium
1176 2695 1249 2755 ⁷.....

292 2908 340 2955 xl.
359 2922 381 2954 r.
400 2905 576 2972 delinquemus.
590 2903 694 2953 Meliore
707 2921 768 2954 con·
813 2919 885 2954 vente
895 2907 1010 2969 Rabirio,
1020 2913 1176 2962 Saturninum
1186 2915 1322 2976 interiecit,

258 2987 351 3035 ditione
361 2995 469 3043 utemur3
478 2985 620 3033 necmortui
631 2985 770 3048 ignominie
813 2986 870 3034 vide
880 2988 949 3052 Pigh.
962 2989 992 3038 ed
1007 3006 1066 3042 enu.
1080 2995 1141 3043 653.

259 3065 365 3115 obnoxii
383 3066 479 3113 erimus.
501 3066 642 3128 Utcumque
659 3065 726 3112 enim
743 3063 770 3111 iu
849 3069 875 3115 6.
892 3067 1003 3120 Ft'stular.
1020 3071 1129 3130 Marius,
1143 3087 1173 3124 ut
1188 3076 1229 3125 siti
1243 3077 1324 3126 Satur-

260 3146 363 3194 eliorum
373 3159 454 3192 manee
466 3143 671 3203 consuluerimus,
688 3159 770 3192 exem·
814 3139 898 3186 ninum
906 3156 935 3188 ec
945 3143 1058 3190 conscios
1067 3158 1233 3210 oppugnaret,
1243 3149 1324 3211 tuboe,

258 3223 429 3290 plumpoeteri
437 3234 576 3287 sequentur.
814 3216 1011 3284 qulbunquein
1022 3223 1170 3288 Capitolium
1182 3225 1324 3287 ducebatur,

297 3319 323 3350 a.
340 3303 378 3350 Ne
390 3301 427 3350 tis
438 3301 547 3366 quidem,
560 3317 621 3365 quoe
631 3301 708 3350 vider.
722 3301 773 3364 Qui
815 3297 917 3359 placidi
926 3298 1039 3359 irrueret.
1054 3301 1113 3352 vid.
1124 3305 1188 3352 Flor.
1201 3309 1251 3368 m,
1262 3308 1305 3356 1⁶.

260 3381 341 3430 adbuc
355 3381 455 3439 vivunt,
470 3381 597 3444 eidemque
609 3379 705 3430 crimini
721 3378 773 3428 effi·
853 3392 878 3436 ⁷·
891 3377 1012 3438 Niebuhr,
1025 3397 1057 3430 ex
1070 3393 1132 3432 oret.
1144 3385 1238 3449 spur-ie,
1251 3407 1265 3428 ι
1273 3389 1324 3436 Aa.

261 3477 304 3510 nee
318 3471 384 3508 eunt.
816 3466 912 3519 tequam
936 3458 982 3506 iret
1004 3459 1031 3507 in
1052 3462 1203 3525 miliana,
1220 3465 1325 3514 muenia

297 3543 323 3590 3.
338 3541 423 3590 rubes.
439 3539 479 3588 Ad
494 3538 644 3604 pubertatem
656 3555 772 3603 pervene-
818 3555 830 3580 ε
842 3536 933 3586 caedem
943 3539 1033 3588 lecerat
1041 3561 1061 3588 υ.
1072 3543 1251 3592 &umentem
1258 3561 1326 3594 nen·

264 3623 311 3679 rit,
325 3635 437 3683 crureque
450 3619 512 3666 ferre
523 3618 640 3682 potuerit.
817 3629 852 3662 cac
861 3614 927 3664 illiue
939 3617 1035 3682 periodi
1047 3622 1197 3682 ‹senile-itur:
1212 3623 1239 3672 Si
1254 3641 1326 3674 m

300 3709 325 3756 t.
339 3700 381 3746 Ec
394 3709 474 3746 ctare.
489 3699 558 3759 Quor
569 3696 690 3757 conjicere
702 3707 774 3760 potes
817 3693 864 3743 luit
872 3696 1108 3763 quinariumimpie
1117 3702 1201 3752 Meu
1209 3713 1326 3769 argum,

264 3791 317 3830 tum
332 3778 405 3826 luisse
420 3776 541 3840 puberes,
561 3785 586 3823 et
604 3775 647 3839 qui
662 3775 774 3824 consules
816 3773 885 3836 quod
903 3790 982 3840 prope
1000 3777 1071 3826 devie
1086 3779 1146 3846 Opt.
1159 3783 1229 3832 Mu.
1245 3783 1325 3832 redu

262 3868 320 3908 eunt
333 3855 438 3919 sequuti.
480 3859 486 3865 ‘
817 3861 988 3913 imment,
997 3867 1023 3904 et
1032 3857 1181 3923 Capitolium
1192 3861 1259 3910 cede
1267 3863 1327 3910 tete

302 3939 326 3986 5.
338 3937 434 3984 comm
449 3935 486 3982 De
497 3947 568 3982 servo
578 3932 626 3982 hcc
639 3933 696 3996 qui,
707 3919 774 3993 edjrr‘·
818 3941 895 3990 cerat,
907 3943 955 3982 etc.
