2956 4676
263 357 329 455 176
576 355 623 424 M.
649 355 688 422 T.
716 355 1002 426 CICERONIS

257 477 476 556 matrimonii
491 488 628 546 castum
643 487 753 569 atque
771 473 992 570 legitimum,
1010 473 1244 550 damnatione
1257 481 1324 550 viri

257 592 438 668 sublatum
464 584 700 657 arbitraretur
727 585 981 656 :Nicostratus
1008 586 1176 681 quidam,
1208 587 1325 661 fidelis

258 698 448 801 Oppianici
468 692 651 777 servulus,
673 694 905 791 percuriosus
924 708 961 764 et
979 697 1128 767 minime
1146 700 1324 784 mendax,

259 812 371 887 multa
388 807 521 882 dicitur
541 804 748 876 renuntiare
765 802 915 874 domino
931 804 1056 876 solitus
1074 831 1162 880 esse.
1183 813 1324 882 Interea

260 921 482 1022 Oppianicus
506 938 621 1014 quum
641 913 715 1009 jam
742 914 1027 1004 convalesceret,
1049 941 1170 1016 neque
1197 920 1235 990 iu
1264 927 1325 991 Fa·

260 1034 363 1108 lemo
388 1026 658 1126 improbitatem
685 1024 806 1096 coloni
832 1023 968 1097 diutius
994 1027 1088 1098 ferre
1118 1044 1260 1125 posset,
1289 1044 1324 1101 et

257 1145 332 1216 buc
353 1138 398 1212 ad
414 1137 552 1209 Urbem
572 1132 758 1234 profectus
781 1129 897 1206 esset⁸
922 1135 1086 1233 (solebat
1106 1141 1203 1210 euim
1227 1155 1324 1212 extra

257 1266 401 1355 portam
418 1239 554 1346 aliquid
573 1245 708 1318 habere
729 1243 944 1341 conducti),
969 1245 1139 1320 cecidisse
1164 1272 1209 1320 ex
1227 1273 1323 1346 equo

258 1365 410 1449 dicitur,
434 1373 470 1430 et
488 1357 599 1430 homo
614 1355 758 1427 infirma
777 1355 974 1428 valitudine
988 1357 1110 1430 latus⁹
1129 1356 1324 1434 offendisse

258 1475 509 1557 vehementer,
542 1481 598 1553 et,
628 1480 865 1565 posteaquam
894 1465 938 1538 ad
968 1465 1097 1549 urbem
1122 1493 1207 1540 cum
1231 1469 1324 1542 febri

259 1584 418 1671 venerit,
450 1580 573 1678 paucis
601 1575 730 1649 diebus
755 1602 832 1650 esse
858 1591 1035 1650 mortuus.
1060 1582 1189 1652 Mortis
1211 1585 1323 1670 ratio,

256 1692 415 1790 judices,
438 1685 616 1784 ejusmodi
641 1702 712 1775 est,
730 1701 772 1758 ut
795 1701 858 1758 aut
883 1686 974 1758 nihil
997 1686 1128 1762 habeat
1146 1693 1323 1789 suspicio·

260 1805 336 1890 uis,
359 1815 436 1887 aut,
458 1799 487 1870 si
513 1795 602 1895 quid
621 1796 751 1884 habet,
779 1796 816 1868 id
836 1800 932 1870 intra
961 1800 1115 1897 parietes
1132 1800 1171 1872 in
1198 1801 1325 1875 dome·

256 1913 348 1984 stico
366 1909 500 1984 scelere
518 1921 692 1980 versetur.
794 1959 799 1968 .

305 2026 428 2095 LXIII.
446 2026 533 2093 Post
545 2034 698 2091 mortem
722 2019 798 2115 ejus
816 2021 930 2090 Sassia
947 2019 1066 2090 statim
1085 2019 1202 2090 moliri
1224 2018 1323 2092 nefa·

253 2138 311 2208 ¹ria
323 2132 455 2205 mulier
470 2131 581 2228 coepit
596 2128 741 2202 insidias
759 2127 858 2200 filio:
879 2129 1116 2225 quaestiouem
1130 2127 1266 2201 habere
1279 2130 1324 2201 de

258 2245 325 2316 viri
346 2255 463 2314 morte
483 2242 681 2311 constituit.
708 2239 804 2310 Emi't
821 2236 867 2310 de
892 2243 931 2308 A.
956 2238 1123 2336 Rupilio,
1151 2263 1228 2336 quo
1249 2253 1324 2313 erat

259 2351 345 2428 usus
359 2351 578 2450 Oppianicus
592 2349 751 2435 medico,
766 2353 971 2420 Stratonem
987 2348 1204 2446 quemdam,
1220 2351 1325 2447 quasi

258 2477 300 2534 ut
319 2463 414 2534 idem
436 2457 588 2549 taceret,
606 2458 707 2558 quod
722 2463 845 2530 Avitus
863 2459 901 2530 in
921 2459 1078 2531 emendo
1090 2461 1256 2558 Diogene
1271 2460 1323 2534 se·

257 2587 354 2648 cerat
367 2582 393 2643 ¹.
412 2575 466 2644 De
485 2571 556 2642 hoc
574 2573 742 2643 Stratone
766 2569 866 2640 etde
884 2570 1017 2642 assecla
1037 2571 1199 2668 quodam
1219 2595 1325 2644 serto

256 2707 325 2754 suo
349 2682 580 2778 quaesituram
605 2704 683 2752 esse
712 2679 812 2750 dixit.
843 2682 1017 2762 Praeterea
1043 2703 1188 2754 servum
1219 2683 1322 2754 illum

255 2793 516 2879 Nicostratum,
536 2813 646 2888 quem
663 2790 815 2861 nimium
831 2789 1047 2887 loquacem²
1063 2789 1194 2878 fuisse,
1212 2817 1254 2864 ac
1272 2793 1325 2862 ni·

257 2910 369 2976 mium
395 2905 545 2978 domino
570 2902 716 2976 fidelem
743 2901 1005 2988 arbitrabatur,
1032 2903 1176 3000 abhoc
1201 2906 1321 2978 adole·

256 3029 379 3088 scente
391 3016 591 3112 Oppianico
605 3016 642 3084 in
654 3015 891 3111 questionem
905 3013 1112 3112 postulavit.
1127 3018 1194 3086 Hic
1207 3039 1322 3114 quum

256 3138 350 3196 esset
367 3121 432 3194 illo
453 3137 618 3222 tempore
636 3149 749 3223 puer,
769 3137 805 3196 et
822 3122 880 3195 illa
899 3125 1051 3221 quaestio
1073 3123 1118 3197 de
1134 3128 1248 3225 patris
1268 3129 1322 3199 sui

163 3313 165 3318 .
255 3235 565 3304 morte·constitui
586 3232 788 3305 diceretur:
810 3233 876 3305 etsi
893 3232 996 3303 illum
1011 3257 1174 3322 servum,
1198 3248 1236 3305 et
1253 3234 1322 3308 sibi

256 3378 407 3444 Oppianicus
418 3389 442 3428 et
454 3379 543 3430 afflicta
554 3381 652 3430 forrum
663 3392 768 3447 etoeger,
811 3397 865 3430 rum
880 3395 1008 3445 poeuarum
1018 3397 1075 3445 pars
1087 3381 1189 3432 omniuo
1203 3393 1241 3432 est
1254 3394 1321 3432 uota.

249 3457 404 3526 ,atqomdtu
412 3460 475 3508 serra
488 3471 588 3510 coaetus
603 3471 648 3509 eet.
846 3477 872 3523 9.
892 3463 968 3508 Larru
980 3459 1121 3524 ‹ffendr'sre
1141 3462 1181 3511 ad
1196 3461 1260 3511 latur
1272 3464 1323 3510 ictu

291 3541 316 3590 8.
330 3542 365 3588 Et
378 3551 406 3588 ut
422 3538 459 3588 ud
473 3541 560 3588 Urbem
568 3538 692 3605 prosecute
701 3552 767 3590 esset
812 3539 926 3588 affectum
940 3539 1022 3588 fuisse.

254 3616 315 3666 Inde
333 3628 401 3682 patet
417 3618 525 3668 bominb
535 3619 636 3680 hujusce
656 3619 766 3668 exsilium
846 3621 939 3668 mn.
955 3635 978 3669 r.
988 3622 1100 3670 neaerae.
1110 3619 1174 3667 Vide
1186 3635 1245 3684 cap.
1265 3623 1305 3669 ro.

255 3711 305 3745 uon
318 3697 421 3746 omnino
434 3713 505 3760 grave
516 3698 604 3756 fuisse,
613 3713 687 3761 quum
699 3699 767 3748 Urbe
846 3713 871 3746 a.
885 3697 996 3746 Nimium
1005 3698 1143 3762 loquacem.
1154 3699 1229 3761 Quod
1242 3700 1322 3764 stupri

255 3786 351 3824 tautum
368 3775 520 3840 prohibitus,
537 3777 569 3824 ad
582 3779 667 3825 Romu
681 3790 766 3843 portas
810 3775 1008 3826 cousuetudIuem
1017 3778 1103 3826 Suasio
1117 3791 1174 3826 otuu
1186 3779 1321 3826 StatIoisto

254 3864 338 3918 posset
346 3854 468 3904 babitare:
482 3853 543 3902 dicit
551 3855 623 3904 etiam
635 3856 763 3921 Polybius,
808 3853 899 3904 colono
909 3856 1144 3906 denuntiarat—Ia
1153 3857 1320 3921 quatrionem

253 3929 348 3994 ltuvt,
357 3933 481 4002 emulIbua
488 3935 766 3996 Prasuuteslihuruou·
808 3935 842 3983 tn
866 3933 924 3983 fidei
949 3951 1035 3999 poeuu
1056 3934 1137 3994 daret,
1157 3951 1236 4000 neque
1258 3936 1320 4008 ultre

253 4009 367 4074 nullaque
383 4012 429 4060 aliu
449 4011 572 4061 sociorum
586 4013 678 4079 oppida
690 4013 765 4061 fuisse
806 4024 891 4078 postet
902 4029 1005 4070 nocere,
1016 4013 1096 4074 bunc,
1109 4013 1193 4064 hibita
1205 4015 1319 4079 quastio-

254 4102 375 4138 concersa.
396 4089 456 4138 Nou
477 4101 556 4142 autem
581 4092 634 4142 bec
653 4107 764 4141 romana·
808 4109 851 4151 ne,
870 4092 1067 4158 interrogandum
1079 4091 1188 4156 postulat
1198 4094 1285 4144 Suada.
