3020 4668
498 377 552 448 sn
577 379 616 448 n.
652 373 957 462 olumnam,
981 377 1011 444 1.
1216 362 1291 473 409

221 499 394 574 dicerent.
425 501 532 571 Nunc
558 497 746 596 intelligo,
774 501 804 569 si
834 500 922 585 iste,
951 521 1028 596 qno
1052 494 1228 586 intendit,
1252 500 1290 569 in

220 611 388 684 Malliana
421 625 534 682 castra
565 611 792 709 pervenerit,
824 610 1009 680 neminem
1037 621 1112 679 tam
1139 609 1290 680 stultum

220 719 319 809 fore,
339 719 498 820 quinon
518 718 635 790 videat
656 719 944 814 conjurationem
966 742 1044 790 esse
1060 717 1210 804 factam;
1227 743 1291 790 ue·

220 831 356 900 minem
376 843 449 900 tam
464 829 693 927 improbum,
713 830 871 928 quinon
891 828 1055 901 fateatur.
1074 834 1153 901 Hoc
1169 843 1290 902 autem

219 963 296 1010 uno
327 937 544 1030 interfecto,
579 940 742 1037 intelligo
777 939 872 1011 hanc
905 937 1115 1038 reipublicae
1150 954 1290 1038 pestem

218 1048 418 1149 paullisper
446 1053 621 1150 reprimi,
655 1075 732 1122 non
768 1054 806 1121 in
844 1065 1064 1150 perpetuum
1098 1051 1289 1148 'comprimi

218 1183 336 1257 posse.
358 1158 469 1252 Quod
487 1161 517 1232 si
536 1185 574 1232 se
595 1160 760 1257 ejecerit,
784 1185 982 1259 senumque
1005 1185 1090 1232 suos
1108 1159 1290 1251 eduxerit,

219 1287 257 1345 et
281 1273 409 1345 eodem
442 1288 583 1346 ceteros
609 1272 774 1372 undique
801 1273 972 1347 collectos
996 1271 1210 1372 naufragos⁷
1228 1299 1288 1373 ag-

218 1388 444 1482 gregaverit:
463 1387 715 1482 exstinguetur
741 1400 852 1484 atque
880 1383 1063 1457 delebitur
1083 1409 1159 1456 non
1179 1384 1289 1458 modo

218 1493 296 1565 haec
310 1509 384 1566 tam
400 1495 521 1568 adulta
541 1495 750 1595 reipublicae
765 1496 895 1594 pestis,
912 1519 1040 1567 verum
1059 1498 1166 1567 etiam
1183 1497 1291 1595 stirps

219 1628 262 1676 ac
283 1629 406 1677 semen
427 1606 607 1678 malorum
629 1608 807 1678 omnium.

267 1719 364 1788 XllI.
396 1718 541 1788 Etenim
573 1716 713 1813 jamdiu
728 1729 755 1804 ²,
784 1731 905 1814 patres
934 1717 1147 1816 conscripti,
1172 1720 1211 1787 in
1232 1715 1289 1788 bis

218 1824 389 1924 periculis
423 1827 684 1924 conjurationis
716 1825 927 1924 insidiisque
959 1850 1173 1898 versamur:
1206 1826 1290 1916 sed,

217 1937 341 2008 nescio
367 1961 444 2034 quo
467 1953 597 2036 pactu,
625 1938 789 2010 omnium
815 1936 992 2008 scelerum
1017 1961 1058 2008 ac
1080 1927 1210 2008 ueteris
1231 1935 1289 2007 fn·

215 2048 310 2117 roris
332 2060 370 2118 et
391 2046 547 2120 audaciae
569 2049 756 2120 maturitas
774 2048 813 2118 in
831 2047 947 2118 nostri
964 2045 1174 2118 consulatus
1198 2061 1289 2118 tem·

217 2181 286 2255 pus
310 2160 441 2257 erupit.
472 2159 583 2252 Quod
612 2159 642 2232 si
667 2185 713 2231 ex
739 2173 841 2230 tanto
867 2157 1081 2229 latrocinio²
1108 2159 1175 2228 iste
1193 2180 1290 2228 unus

217 2266 383 2356 tolletur3
403 2267 609 2342 videbimur
628 2269 779 2342 fortasse
801 2268 845 2340 ad
863 2266 974 2340 breve
997 2266 1184 2366 quoddam
1202 2283 1290 2339 tern-

217 2398 287 2475 pus
304 2403 391 2449 cura
410 2395 446 2450 et
464 2397 566 2453 metu
584 2407 661 2454 esse
681 2380 852 2452 relevati:
870 2379 1073 2478 pericnlum
1093 2394 1214 2451 autem
1232 2401 1289 2448 re-

217 2485 373 2576 sidebit,
394 2503 430 2561 et
453 2495 522 2562 erit
546 2492 728 2563 inclusum
753 2491 899 2589 penitus
927 2491 967 2561 in
992 2495 1093 2562 venis
1119 2505 1229 2588 atque
1250 2489 1289 2559 in

215 2595 414 2671 visceribus
435 2602 651 2700 reipublicae.
675 2605 726 2672 Ut
752 2624 845 2699 soepe
866 2599 1034 2672 homin'es
1054 2606 1138 2698 aegri
1157 2598 1289 2672 morbo

216 2709 334 2806 gravi,
353 2735 468 2808 quum
488 2728 577 2784 testu
595 2711 763 2809 febrique
782 2712 985 2806 jactantur,
1004 2714 1033 2780 si
1050 2734 1181 2807 aquam
1201 2708 1288 2806 geli·

215 2816 299 2888 darn
318 2816 500 2911 biberint,
514 2825 633 2922 primo
647 2822 800 2895 relevari
816 2820 1005 2906 videntum
1025 2818 1156 2891 deinde
1171 2820 1288 2890 multo

216 2931 363 3026 gravius
380 2931 706 3031 vehementiusque
725 2929 966 3003 afflictantur:
981 2929 1032 3001 sic
1046 2928 1106 3000 bie
1121 2927 1288 3016 morbus,

215 3043 285 3135 qui
306 3053 359 3109 est
379 3041 416 3109 in
431 3041 637 3139 republica,
647 3041 826 3113 relevatus
840 3039 944 3109 istius
959 3034 1289 3136 poena,‚vehemen·

217 3147 310 3234 tius,
327 3148 416 3219 vivis
438 3147 620 3247 reliquis³‚
643 3153 876 3247 ingravescet.
899 3148 1040 3238 Quare,
1063 3161 1183 3245 patres
1201 3169 1287 3216 con-

215 3257 358 3356 scripti,
374 3259 544 3332 secedant
555 3261 733 3361 improbi;
750 3274 938 3332 secernant
952 3283 990 3331 se
1002 3283 1022 3331 a
1035 3257 1157 3346 bonis;
1170 3282 1287 3329 unum

214 3409 355 3473 republica,
366 3410 516 3460 infestissimi
525 3414 622 3478 tyranni
638 3429 727 3462 nomen
808 3411 833 3460 3.
846 3409 910 3459 Vivs's
923 3409 1030 3476 reliquis.
1043 3411 1137 3460 Ceteris
1152 3409 1287 3471 oonjuran·

213 3487 276 3536 illud
297 3505 414 3555 usurpare
427 3492 568 3557 refugerint.
772 3491 885 3541 Catilina
897 3491 1075 3556 superstitibus.
1084 3491 1176 3539 Mirum
1190 3491 1288 3539 Ernest.

251 3585 275 3627 ¹7.
305 3569 455 3635 Nausmgos.
476 3573 551 3620 Bonis
569 3589 666 3622 eversos
683 3573 727 3639 qui
771 3569 855 3618 iubae
868 3570 974 3619 lectione
991 3571 1142 3630 hausissent
1162 3569 1287 3633 preferret

213 3643 334 3710 flagitiosa
343 3665 386 3698 sna
394 3651 444 3698 vita
454 3652 606 3701 fortunarum
617 3654 727 3702 fecerunt
771 3647 885 3698 mitibus
899 3649 1036 3714 reliquis»;
1049 3648 1118 3713 quod
1131 3647 1223 3696 habent
1237 3648 1285 3695 sll-
1347 3689 1351 3700 .

213 3725 373 3788 naufragium.
770 3739 832 3792 quot
854 3731 915 3778 MSS
936 3721 962 3776 'et
983 3727 1040 3776 edd.
1062 3737 1120 3776 vett
1138 3729 1201 3775 Tota
1221 3727 1286 3774 enim

248 3806 319 3853 xm.
332 3821 354 3853 1.
364 3807 571 3859 landimTotum
580 3811 725 3872 triennium,
768 3808 843 3869 huius
856 3808 974 3855 untionis
993 3805 1067 3854 series
1090 3805 1160 3854 adid
1176 3815 1287 3869 spectat,

212 3899 226 3930 s
240 3883 368 3932 consulatu
378 3887 465 3951 Lepidi
478 3898 502 3936 et
511 3889 585 3937 Tulli.
769 3897 798 3934 ut
811 3886 963 3935 demonstret
979 3894 1062 3932 orator
1075 3883 1189 3933 morbum
1200 3883 1284 3947 reipu-

248 3977 273 4011 a.
288 3963 329 4010 Ex
338 3973 407 4011 muto
418 3966 556 4017 laerocmio.
569 3969 728 4018 Tantalstro-
770 3965 856 4024 blicis,
865 3965 919 4012 solo
929 3963 1032 4014 Catilius
1043 3962 1155 4022 sublato,
1166 3961 1220 4010 tolli
1231 3961 1285 4009 fun·

211 4057 270 4088 unm
282 4041 391 4092 cohorte.
406 4045 447 4091 Sic
461 4061 532 4108 supra
543 4050 633 4111 eapti,
644 4047 727 4112 eonju·
771 4044 836 4092 ditns
854 4059 904 4091 uon
918 4059 1002 4108 posse,
1022 4041 1159 4091 viventibus
1176 4043 1202 4089 in
1223 4039 1285 4089 urba

212 4121 278 4169 ratio
291 4139 337 4187 pro
356 4123 488 4188 conjurati.
771 4122 911 4183 ejussooiis.
