2988 4668
272 381 342 478 590
440 376 815 458 oretuvnrmuus
840 373 1171 446 nrococunce

271 520 357 584 notis
373 529 481 582 essent
496 515 701 603 conscriptae,
721 514 787 578 sive
806 497 1005 578 obscuritate
1019 526 1149 578 tantum
1167 535 1227 578 sua
1240 509 1339 580 intet-

270 627 357 690 lectu
373 620 520 686 difficiles
533 619 657 701 iurent,
673 617 852 682 cavendum
870 617 971 682 modo
986 634 1070 700 erat,
1085 639 1130 682 ne
1141 619 1174 684 iu
1193 619 1336 684 hominis

269 731 381 796 Fluvio
405 727 516 792 simiiis
542 739 733 815 potestatem
760 741 792 788 et
819 725 966 790 notitiam
994 725 1217 813 peruenirent,
1245 725 1335 814 quod

269 850 376 902 tumen
393 849 505 923 postea
521 829 674 896 accidisse
692 832 830 895 oratoria
850 831 1020 896 calliditate
1036 831 1230 919 persuadere
1242 833 1335 920 cupit

266 943 404 1006 Cicero:
421 939 527 1020 «Quae
541 936 621 1001 dum
644 951 736 1000 eruut
752 937 882 1000 occulta
898 939 1077 1000 necessario
1096 935 1136 1000 ab
1155 937 1206 1020 iis,
1223 938 1279 1024 qui
1296 959 1333 1002 ee

267 1047 439 1126 tenebant,
456 1043 668 1133 petebantur3
684 1057 794 1131 postea
811 1063 888 1107 vero
903 1044 1088 1134 pervulgata
1105 1059 1203 1132 atque
1219 1045 1252 1107 in
1270 1065 1334 1108 ma·

268 1154 366 1218 nibus
379 1149 494 1230 jactata
511 1165 544 1212 et
558 1167 691 1214 excussa
705 1148 889 1212 inanissima
908 1148 1089 1236 prudentie
1100 1165 1226 1238 reperta
1238 1167 1332 1232 sunt,

267 1255 390 1324 fraudis
413 1271 522 1322 autem
544 1271 577 1318 et
597 1254 740 1320 stultitioe
758 1255 973 1346 plenissimam
994 1255 1059 1339 Qui
1077 1277 1155 1320 veru
1173 1257 1332 1320 maximus

267 1367 313 1430 rei
333 1363 440 1428 nodus
457 1375 519 1445 est,
534 1363 647 1428 veliem
668 1361 782 1449 aliquis
800 1375 947 1426 veterum
960 1361 1052 1426 iocus
1067 1363 1255 1442 afferretur,
1274 1361 1330 1426 ubi

267 1491 331 1534 tux
348 1477 426 1533 noto
444 1467 484 1530 de
493 1463 647 1554 formula
664 1466 799 1529 solemni
821 1465 924 1554 positu
942 1465 1096 1530 fuerit....
1115 1465 1216 1549 Quod
1233 1487 1331 1554 porro

267 1577 395 1642 adrem
419 1575 520 1662 ipsum
543 1573 672 1652 attinet,
693 1589 768 1636 cum
787 1573 855 1636 VV.
880 1573 965 1638 CGll.
986 1573 1135 1637 Ernestio
1154 1589 1187 1638 et
1207 1573 1331 1638 Rittero

266 1701 334 1746 non
349 1681 489 1746 multum
506 1677 581 1742 fidei
596 1677 713 1742 mereri
723 1677 875 1759 arbitrer,
890 1694 992 1743 totam
1006 1677 1143 1742 bunede
1159 1680 1250 1744 novis
1262 1679 1330 1744 for·

267 1789 363 1850 muiis
381 1801 415 1849 et
433 1787 518 1848 uotis
531 1801 709 1871 earumque
723 1804 807 1848 nora
820 1783 1004 1872 proditione
1017 1784 1185 1849 historiam
1200 1805 1257 1849 seu
1269 1807 1330 1872 po·

265 1897 330 1958 tius
342 1892 499 1972 irbuiam,
512 1911 529 1954 r
540 1892 672 1955 nemine
684 1903 829 1956 veterum
841 1906 957 1982 preter
969 1893 1157 1956 Ciceronem
1170 1891 1328 1956 traditam.

265 2001 372 2089 Vulgo
391 1997 458 2061 huc
475 1997 638 2076 referunt,
655 1996 745 2084 quod
758 1996 800 2060 de
817 1998 849 2062 S.
866 1995 952 2060 AEiio
967 1999 1047 2061 Cato
1066 2013 1175 2061 ramat
1191 1998 1329 2086 Pompo·

265 2107 349 2170 nius.
369 2099 494 2167 Dubito
509 2123 590 2165 num
609 2111 706 2167 recte.
720 2104 753 2167 Is
772 2119 898 2167 tautum
916 2101 995 2167 dicit
1009 2103 1058 2192 (1)
1074 2127 1082 2168 :
1102 2107 1331 2194 «Augescente

264 2207 409 2288 civitate,
433 2205 509 2292 quia
532 2203 667 2268 deerant
689 2203 835 2291 quedam
861 2222 976 2294 genem
1004 2203 1138 2294 egendi,
1166 2227 1233 2268 non
1257 2221 1331 2294 post

264 2313 405 2378 muitum
435 2310 591 2399 temporis
625 2291 766 2398 spatium
795 2311 910 2374 Sextus
940 2309 1045 2374 AEiius
1078 2309 1154 2374 elius
1190 2311 1330 2376 actiones

263 2416 463 2505 composuit,
497 2429 529 2480 et
555 2415 676 2480 librum
704 2415 828 2504 populo
858 2414 965 2496 dedit,
992 2412 1049 2504 qui
1076 2418 1254 2505 appelletur
1278 2417 1330 2497 jus

265 2523 469 2603 AEiienum13
493 2539 532 2584 ex
549 2519 668 2608 quibus
690 2516 792 2609 ipsius
816 2521 988 2609 Pomponii
1003 2521 1109 2586 verbis
1125 2537 1229 2611 petet,
1249 2522 1330 2588 iliud

264 2626 356 2718 quod
369 2625 410 2690 de
421 2625 556 2716 vulgatis
570 2626 686 2690 iterum
699 2627 740 2690 ab
754 2619 841 2690 AElio
852 2627 1000 2691 fonnulis
1015 2627 1217 2716 occuitisque
1228 2627 1329 2710 notis,

264 2754 305 2799 ex
320 2749 432 2797 nostro
445 2732 545 2796 Gicer.
560 2731 650 2814 ioco,
667 2733 708 2797 ab
721 2729 952 2820 interpretibus
965 2733 1160 2821 Pomponii,
1172 2749 1205 2797 et
1219 2730 1330 2798 Histo-

265 2844 321 2905 riae
348 2839 433 2905 Juris
458 2838 654 2927 quibusdam
682 2839 909 2928 scriptoribus,
934 2839 1089 2922 traditur,
1113 2863 1152 2905 ex
1174 2841 1329 2905 tmiatitiis

265 2947 332 3012 istis
358 2963 444 3026 esse,
470 2961 542 3032 quet
561 2945 643 3009 alter
663 2964 746 3033 serpe
771 2944 813 3008 ab
827 2944 929 3009 altero
952 2947 1021 3009 siue
1046 2945 1113 3010 ullo
1135 2947 1281 3012 examine
1298 2960 1331 3010 et

264 3055 350 3118 bone
372 3049 436 3115 fide
454 3051 634 3139 accipiunt,
651 3051 787 3138 aliisque
803 3051 921 3114 iterum
945 3052 1042 3116 nimis
1060 3051 1198 3116 credulis
1215 3052 1328 3116 obtru-

140 3195 143 3205 -
265 3159 366 3240 dunt3
384 3170 459 3220 nem
489 3171 522 3220 1⁰
547 3155 627 3222 nihii
649 3171 700 3222 est
720 3157 752 3220 in
774 3157 824 3220 his
845 3158 1018 3246 Pomponii
1039 3157 1150 3240 dictis,
1174 3159 1262 3247 quod
1280 3159 1330 3224 vel

263 3265 375 3332 ieviter
388 3257 473 3327 sctis
489 3263 622 3344 officiat3
641 3265 762 3327 etenim
777 3266 850 3352 quis
870 3265 1007 3329 miretur
1022 3265 1115 3329 noris
1130 3265 1327 3346 actionibus,

263 3371 422 3457 novisque
444 3369 526 3433 adeo
550 3369 719 3446 formulis,
745 3389 829 3460 opus
854 3370 955 3435 frtirse
975 3372 1008 3434 in
1034 3393 1072 3435 ea
1094 3373 1235 3454 civitate,
1258 3391 1329 3459 que

221 3545 237 3562 ,
260 3465 390 3566 imperii
410 3476 459 3539 sui
486 3473 566 3538 fines
583 3475 729 3562 quotidie
751 3475 952 3558 extenderet,
979 3478 1139 3564 cuiusque
1159 3477 1327 3566 navigandi

263 3583 376 3674 peritia
398 3597 432 3644 et
449 3595 629 3644 mercatum
649 3581 770 3660 majore
787 3583 820 3644 in
846 3581 913 3648 dies
935 3583 1136 3646 incrementa
1161 3599 1328 3672 ceperunt3

265 3689 303 3755 2⁰
320 3689 454 3754 Nullum
477 3703 525 3750 est
548 3687 714 3750 vinculum
748 3689 834 3752 inter
857 3683 948 3752 hunc
971 3689 1135 3754 Ciceronis
1162 3691 1269 3753 iocum
1297 3705 1328 3752 et

265 3793 505 3882 Pomponium,
530 3814 637 3880 neque
666 3790 702 3856 3⁰
728 3792 832 3856 ullum
857 3816 927 3857 esse
953 3809 1069 3882 potest.
1097 3795 1252 3876 Nullum,
1281 3795 1327 3856 in-

299 4073 338 4140 (r)
355 4075 381 4122 L.
396 4070 488 4135 t,§7,
506 4072 533 4117 in
547 4070 602 4119 irs.
618 4071 648 4119 dc
662 4071 818 4134 (impiatis.
