2976 4670
399 384 589 458 ORATIO
614 386 715 454 PRO
742 386 784 452 L.
808 381 1039 456 MURENA.
1180 374 1249 449 555

184 505 343 603 dispares
380 527 527 601 poenes;
562 527 638 576 esse
669 503 767 602 apud
801 503 988 576 hominem
1024 515 1250 576 constantem

183 614 391 712 ignoscendi
423 616 568 702 locum3
598 617 717 711 ipsum
752 619 952 712 sapientem
987 635 1081 710 saepe
1115 609 1252 708 aliquid

185 727 378 823 opinari¹⁰‚
396 724 497 821 quod
512 729 662 810 nesciat3
680 725 784 798 irasci
798 745 1095 819 nonnumquam
1110 723 1251 794 exorari

186 835 353 910 eumdem
382 849 418 908 et
443 835 596 933 placari3
626 836 725 936 quod
751 833 901 922 dixerit,
926 831 1131 918 interdum,
1156 833 1185 902 si
1205 831 1254 908 ite
1302 853 1307 867 '

186 949 319 1021 rectius
337 947 397 1032 sit,
414 959 575 1032 mutare3
590 944 635 1016 de
651 947 830 1019 sententia
845 944 1020 1020 decedere
1036 939 1253 1040 aliquand0;

185 1079 312 1134 omnes
346 1059 497 1129 virtutes
534 1053 780 1130 mediocritate
817 1054 974 1152 quadam
1010 1077 1088 1126 esse
1127 1049 1255 1126 mode„

186 1175 335 1238 ratden.
643 1225 647 1236 ,

233 1280 361 1350 XXXI.
385 1279 469 1364 Hos*
482 1271 527 1346 ad
549 1276 738 1370 magistros
758 1275 788 1350 si
808 1299 881 1370 qus
903 1289 938 1348 te
957 1271 1123 1360 fortuna,
1144 1274 1255 1358 Orto,

189 1409 274 1458 cum
293 1389 360 1456 ista
378 1398 508 1458 natura
525 1383 722 1472 detulisset,
737 1409 811 1458 nou
837 1397 878 1454 tu
894 1381 1042 1481 quidem
1058 1383 1112 1456 vir
1128 1381 1258 1454 melior

187 1519 307 1582 esses,
337 1519 405 1568 nec
441 1493 590 1582 fortior,
621 1519 690 1566 nec
720 1496 998 1592 temperantior,
1032 1516 1100 1566 nee
1125 1491 1258 1586 justior

188 1607 334 1702 (neque
362 1599 459 1677 enim
488 1629 566 1678 esee
592 1605 741 1703 potes),
771 1603 833 1676 sed
858 1603 980 1701 paullo
998 1599 1049 1708 ud
1072 1601 1258 1674 lenitatem

189 1717 424 1812 propensior3
450 1740 527 1787 uon
559 1739 745 1788 accusares
774 1714 882 1786 nuliis
909 1711 1088 1786 adductus
1105 1712 1258 1786 iniunt,

190 1825 265 1910 tiis,
296 1824 396 1896 uuila
425 1824 606 1898 lacessitus
634 1825 787 1920 injuria,
816 1823 1117 1922 pudentissimum
1139 1821 1257 1894 homi-

189 1958 293 2019 nem,
326 1959 466 2007 summa
492 1935 667 2032 dignitate
693 1949 803 2032 atque
832 1934 1022 2004 honestate
1047 1931 1258 2030 praediturus

189 2059 357 2142 putares,
382 2069 497 2142 quum
518 2048 554 2116 in
583 2045 742 2142 ejusdem
768 2047 855 2118 anni
878 2041 1062 2116 custodia¹
1089 2058 1124 2114 te
1148 2055 1259 2138 atque

188 2159 228 2229 L.
256 2159 447 2228 Murenam
473 2153 620 2226 fortuna
646 2157 844 2253 posuisset,
869 2154 992 2251 aliquo
1017 2167 1053 2224 te
1079 2175 1161 2222 cnm
1188 2149 1260 2221 boo

188 2264 397 2361 reipublieae
415 2266 563 2336 vinonio
591 2289 668 2336 esse
687 2267 943 2358 conjunctum
968 2261 1068 2360 qnod
1089 2263 1260 2334 atrociter

190 2379 227 2444 in
250 2389 377 2446 senatu
398 2375 534 2462 dixisti,
553 2390 616 2447 aut
634 2401 709 2446 non
728 2375 897 2460 dixisses,
916 2387 977 2444 aut
997 2375 1259 2469 seposuisses²,

190 2500 253 2555 aut
280 2485 456 2555 mitiorem
481 2488 518 2556 in
538 2501 677 2584 partem
700 2487 988 2586 interpretarere.
1010 2487 1060 2564 Ac
1081 2497 1117 2552 te
1140 2482 1259 2580 ipsum

189 2595 395 2692 (quantum
429 2620 495 2693 ego
528 2599 702 2694 opinione
734 2594 917 2691 auguror)
951 2617 1050 2666 nunc
1082 2607 1119 2664 et
1149 2591 1259 2664 ammi

191 2705 349 2810 quodam
373 2708 514 2804 impetu
536 2708 780 2790 concitatum,
802 2721 837 2774 et
859 2705 893 2772 vi
913 2718 1050 2773 naturae
1073 2717 1182 2797 atque
1204 2703 1260 2769 in·

189 2819 286 2917 genii
307 2815 460 2901 elatum,
485 2832 521 2888 et
543 2813 750 2891 recentibus
771 2829 1033 2910 praeceptorum
1052 2810 1180 2892 studiis
1197 2808 1260 2888 fla-¹

189 2943 372 3026 grantem,
384 2928 458 3019 jam
476 2951 565 2996 usus
577 2925 716 3010 flectet,
737 2924 813 2994 dies
833 2922 962 3010 leniet,
977 2937 1060 2992 aetas
1074 2919 1262 3016 mitigabit

189 3040 330 3108 Etenim
354 3038 414 3108 isti
436 3036 504 3136 ipsi
525 3035 614 3105 mihi
642 3035 812 3109 videntur
838 3034 945 3103 vestri
970 3044 1209 3138 praeceptores
1227 3043 1264 3099 et

190 3150 333 3220 virtutis
358 3148 539 3246 magistri,
567 3145 659 3220 fines
687 3139 918 3218 officiorum³
949 3141 1072 3239 paullo
1096 3141 1261 3239 longine,

190 3283 300 3358 qnam
327 3275 455 3330 natura
482 3258 611 3348 veiiet,
640 3247 859 3356 protulisse:
889 3267 950 3338 nt,
976 3275 1088 3353 quum
1116 3251 1160 3326 ad
1181 3251 1264 3334 utri-

227 3435 267 3468 so.
280 3420 390 3485 Opissas-i.
404 3423 439 3468 De
449 3421 487 3470 his
497 3422 568 3470 rebus
578 3421 701 3480 dubitare,
749 3420 829 3468 bunos
841 3419 934 3486 plebis,
948 3421 1049 3472 Murena
1064 3421 1150 3472 consui
1165 3422 1260 3474 futurae

190 3513 251 3561 qus
266 3499 365 3548 neseist.
748 3511 811 3560 erat,
820 3511 844 3550 et
853 3513 954 3567 uterque
964 3519 1053 3551 annum
1065 3504 1132 3550 iiinm
1145 3503 1176 3551 sb
1192 3506 1260 3552 omni

228 3593 267 3623 ss.
284 3579 345 3626 Esse
354 3580 501 3627 moderatas.
516 3580 702 3628 iianeornuium
720 3579 724 3586 '
748 3582 812 3629 ursio
822 3582 944 3630 custodire
954 3601 983 3631 se
994 3599 1089 3631 servare
1103 3583 1233 3631 debebunt.

190 3665 297 3703 veterum
313 3657 459 3721 sapientium
475 3669 629 3706 eommunem
648 3675 702 3705 ses·
783 3677 808 3708 o.
825 3662 979 3725 depressisset.
999 3663 1126 3719 Teximee,
1144 3671 1169 3710 et
1187 3678 1262 3710 oeen-

191 3737 307 3794 tentism,
331 3751 386 3799 quse
403 3753 450 3800 pso
473 3738 567 3786 foribus
589 3737 702 3802 Deiphiei
746 3738 837 3786 luisses.
856 3742 951 3788 Frustra
965 3741 1074 3788 ‘cumeis
1093 3741 1259 3801 eeonjeeture

194 3813 278 3876 templi
302 3824 352 3862 erat
376 3827 530 3874 oonseesstn,
551 3817 706 3881 Peripatetici
750 3819 927 3876 Hortomsoni,
942 3829 1020 3876 «aut,
1036 3823 1055 3866 si
1069 3820 1204 3882 potuisses,
1219 3820 1264 3868 mi-

191 3904 346 3956 snmpsemnt
366 3895 533 3958 explicandam
556 3898 581 3944 in
602 3895 652 3943 suis
674 3896 704 3944 de
749 3899 867 3946 dorem».

192 3971 283 4018 uirtute
293 3968 379 4019 monii
392 3967 604 4036 disputationibus.
784 3977 810 4022 3.
824 3975 895 4022 Fines
908 3975 1041 4042 officiorum
1051 3975 1139 4039 perede
1158 3976 1261 4042 longine.

227 4046 326 4096 xxxt.
344 4067 365 4098 1.
381 4051 499 4115 Ejusdem
511 4053 571 4100 asni
583 4051 701 4101 mesta.
747 4053 836 4102 Offieis
856 4054 984 4104 bominum
1007 4054 1069 4103 uitro
1091 4066 1184 4104 usturoe
1197 4055 1264 4106 ‘flues

191 4129 284 4191 Nempe
297 4129 364 4190 quod
378 4145 443 4178 anuo
454 4131 567 4194 proximo
581 4133 642 4181 Ceto
657 4134 701 4180 oss
746 4134 885 4198 protulisse.
