2962 4682
234 300 280 374 86
547 301 597 370 Μ.
624 299 663 368 Τ.
690 295 975 369 CICERONIS

233 421 414 520 ejusmodi
439 420 667 495 commodius
693 423 732 492 in
754 418 863 496 turba
889 441 996 516 posse
1020 417 1183 496 arbitrati
1203 437 1298 498 suut.

231 536 376 610 Asinius
393 556 477 604 cum
497 532 611 604 Avilio
632 536 784 605 Romam
806 543 860 603 cst
879 527 1075 626 profectus.
1099 536 1173 602 Hos
1196 537 1299 604 vesti·

233 646 299 742 giis
319 644 543 742 Oppianicus
559 655 805 738 consequutus
825 654 888 710 est.
907 645 985 714 lam
1005 655 1047 715 ut
1062 645 1185 714 Romae
1204 643 1300 714 vixe-

231 757 325 842 rint,
353 753 488 852 quibus
518 754 711 842 conviviiS,
737 750 871 849 quibus
899 753 1065 849 flagitiis,
1094 754 1240 849 quantis
1266 767 1301 826 et

235 890 344 962 quam
369 863 526 964 profusis
556 861 780 961 sumptibus,
807 889 883 937 non
907 861 1018 941 modo
1045 863 1212 948 conscio,
1238 860 1300 936 sed

235 978 343 1056 etiam
376 980 528 1048 conviva
556 988 593 1050 et
623 974 788 1068 adjutore
821 974 1046 1073 Oppianico,
1075 971 1226 1070 longum
1249 987 1303 1044 est

236 1084 325 1156 mihi
348 1084 484 1174 dicere,
506 1085 705 1182 praesertim
730 1082 863 1154 adalia
889 1078 1133 1182 properauit.
1156 1083 1302 1156 Exitum

236 1195 346 1290 hujus
358 1194 569 1274 assimulata
581 1192 828 1268 familiaritatis
843 1197 1060 1291 cognoscite.
1074 1196 1197 1284 Quum
1212 1207 1303 1266 esset

236 1303 445 1380 adolescens
470 1303 569 1402 apud
598 1303 848 1378 mulierculam
875 1302 1089 1401 quamdam,
1118 1318 1226 1400 atquc
1253 1301 1304 1374 ibi

236 1428 487 1515 pernoctaret,
509 1427 546 1487 et
567 1411 619 1484 ibi
642 1411 737 1482 diem
760 1426 973 1510 posterum⁷
998 1429 1303 1497 commoraretur:

237 1523 390 1610 Avilius,
409 1536 451 1593 ut
469 1536 544 1593 crat
567 1521 826 1611 constitutum,
844 1524 988 1596 simulat
1005 1548 1043 1594 se
1061 1537 1255 1619 aegrotare,
1269 1539 1306 1594 ct

236 1645 495 1708 testamentum
518 1628 636 1702 facere
662 1621 763 1702 vblle.
791 1635 1013 1730 Oppianicus
1032 1627 1304 1728 obsignatores⁸

239 1741 286 1822 ad
310 1765 417 1829 cum,
447 1743 511 1838 qui
534 1764 655 1837 neque
683 1735 866 1830 Asinium,
894 1767 1014 1839 neque
1040 1741 1196 1816 Avilium
1220 1768 1305 1818 uos·

238 1870 334 1944 sent,
353 1852 520 1938 adducit,
536 1868 573 1924 et
585 1851 688 1924 illum
704 1853 868 1932 Asinium
885 1852 1062 1951 appellat:
1080 1855 1178 1950 ipse,
1197 1866 1305 1926 testa-

237 1981 364 2039 mento
399 1965 512 2038 Asinii
544 1964 693 2034 nomine
727 1962 939 2060 obsignat0‚
974 1961 1135 2042 discedit.
1170 1963 1306 2037 Avilius

240 2075 336 2148 illico
354 2074 606 2166 convalescit9.
629 2075 773 2146 Asinius
791 2090 912 2147 autern
929 2073 1032 2147 brevi
1044 2072 1108 2147 illo
1124 2087 1306 2172 tempore,

241 2190 344 2286 quasi
363 2190 399 2258 in
419 2183 586 2262 hortulos
605 2185 690 2270 iret,
712 2187 751 2254 in
773 2187 951 2259 arcuarias
970 2183 1187 2281 quasdam¹⁰
1207 2198 1307 2256 extra

240 2313 386 2400 portam
405 2296 627 2394 Esquilinam
648 2295 864 2393 perductus,
882 2294 1071 2371 occiditur.
1099 2297 1172 2386 Qui
1190 2321 1306 2392 quum

178 2427 179 2430 ’
239 2433 357 2482 unum
376 2408 450 2506 jam
476 2421 511 2478 ct
536 2407 689 2480 alterum
713 2407 809 2481 diem
835 2407 1109 2494 desideraretur,
1130 2431 1251 2504 nequo
1270 2408 1307 2478 iu

240 2520 283 2590 iis
301 2519 407 2606 locis,
429 2515 493 2588 ubi
514 2541 558 2587 ex
580 2517 843 2588 consuetudine
866 2515 1107 2613 quaerebatur,
1128 2518 1305 2588 invenire·

240 2644 318 2714 tur,
347 2641 383 2698 et
405 2626 627 2724 Oppianicus
660 2629 698 2696 in
729 2624 808 2698 foro
825 2628 1087 2698 Larinatium¹¹
1112 2626 1307 2712 dictitaret,

276 2841 302 2890 6.
318 2840 362 2888 Ad
372 2841 424 2888 alia
433 2839 585 2906 properanti.
603 2839 643 2887 Ad
655 2855 681 2886 ea
696 2853 750 2902 quae
794 2837 917 2902 Regnard,
927 2838 984 2888 edit.
994 2838 1071 2899 Paris,
1082 2835 1162 2900 1820,
1172 2839 1218 2897 IV,
1227 2855 1253 2904 p.
1266 2839 1308 2888 15.

239 2919 271 2969 ud
280 2919 388 2976 Cluentii
399 2935 496 2968 causam
505 2918 608 2982 propius
619 2918 752 2984 pertinent.
833 2935 872 2966 ro.
890 2920 1026 2969 Areum-ias
1039 2923 1168 2988 quasdam.
1183 2922 1309 2972 Annene

189 3002 193 3011 '
219 3059 223 3076 Ι
278 3017 301 3062 7.
317 2999 441 3049 Ernestius
454 3000 518 3060 conj.
532 3009 575 3046 «et
585 2999 677 3047 ibidem
687 2996 751 3044 diem
795 3010 852 3048 suut
870 2999 911 3047 ills
929 3001 1083 3050 subterranea
1099 3003 1154 3051 luce
1174 3018 1206 3052 ex
1219 3001 1309 3068 quibus

243 3091 394 3146 posterum».
403 3079 427 3126 J.
437 3079 508 3127 m.
795 3095 880 3127 arenas
891 3079 923 3128 ed
937 3079 1128 3130 substructiones
1142 3081 1232 3132 aedium
1246 3083 1309 3130 effo-

277 3163 302 3209 8.
318 3159 499 3224 Obsignatores.
510 3159 610 3220 Testes,
625 3156 668 3222 qui
680 3167 752 3210 testa·
797 3157 886 3208 derunt
898 3159 1020 3220 Romani,
1039 3177 1099 3224 quus
1114 3176 1193 3209 arenre
1213 3161 1310 3210 fodinas

136 3266 139 3272 ‚
242 3249 350 3288 mentum
366 3237 530 3300 obsignarent.
545 3234 610 3286 Nam
630 3246 658 3282 ut
673 3245 710 3282 est
727 3237 754 3282 iu
797 3249 881 3301 postea
894 3239 1023 3290 Christiani
1037 3238 1168 3288 inealoca
1181 3251 1310 3288 couverte-

242 3323 302 3367 Inst.
311 3319 402 3366 Justiu.
411 3315 455 3366 lib.
464 3317 501 3376 11,
515 3333 555 3378 io,
569 3317 595 3363 iu
608 3325 753 3364 testamento
797 3329 870 3375 runt,
884 3319 910 3364 iu
924 3318 1013 3381 quibus
1024 3334 1110 3384 aspero
1121 3330 1231 3384 tempore¹
1243 3336 1309 3376 mora

239 3397 352 3446 faciendo
364 3395 542 3443 adhibebantur
551 3395 632 3448 edicto
641 3393 753 3458 praetoris
798 3396 913 3446 facerent.
926 3398 997 3446 Couf.
1005 3399 1108 3446 Varrou.
1119 3397 1149 3446 de
1158 3399 1195 3444 Re
1206 3399 1310 3458 rustico,

240 3487 332 3542 septem
343 3487 414 3524 testes
423 3475 538 3540 puberes,
554 3477 618 3523 cives
633 3489 694 3521 rom.
710 3472 753 3535 qui
797 3477 833 3534 11,
844 3476 890 3536 o3;
905 3474 973 3522 Pauli
982 3475 1087 3538 Aringh.
1098 3478 1202 3532 Romam
1217 3475 1309 3528 subter·

241 3567 411 3607 testamentum
424 3555 586 3618 obsignarent.
797 3569 906 3613 raucam,
915 3555 939 3622 1,
956 3572 979 3600 ι.
1176 3546 1181 3555 ’

277 3653 302 3702 9.
318 3634 475 3685 Convalescit.
492 3633 608 3685 Frondem
621 3631 687 3680 illam
698 3631 754 3678 sub·
837 3649 876 3680 11.
890 3632 987 3692 lusoro
999 3629 1160 3678 Luriuatr'um.
1172 3633 1244 3682 Putat
1256 3635 1311 3700 Syl-

239 3717 313 3766 dititii
341 3717 475 3764 testamenti
507 3713 563 3761 iude
595 3711 755 3773 desumpsisse
799 3710 854 3759 vius
871 3723 895 3759 et
908 3712 990 3776 Anger
1003 3711 1116 3760 Iarinuur
1136 3711 1235 3761 rediisse
1256 3716 1310 3780 Op-

238 3795 363 3844 videretur
378 3794 485 3844 comicus
501 3801 584 3840 noster
602 3791 717 3856 Regnord
725 3791 751 3836 iu
795 3790 934 3855 pinninum,
943 3789 1053 3854 quamvis
1064 3793 1121 3839 satis
1134 3807 1222 3859 magno
1234 3793 1309 3840 intur-

238 3873 319 3922 frbula
338 3873 402 3922 dicta
422 3874 444 3920 le
471 3869 597 3938 Ldgotaire
616 3868 749 3927 universal,
794 3871 859 3918 vello
875 3869 1035 3936 municipium
1049 3869 1110 3917 illud
1122 3872 1207 3918 Romae
1224 3871 1310 3930 distet,

236 3953 285 4001 nisi
299 3955 389 4002 factum
403 3952 467 4000 idem
481 3967 511 4000 ex
525 3950 603 3998 multo
618 3948 747 3999 recentiori
793 3963 818 3999 et
830 3951 892 4000 iutra
907 3951 969 3999 duos
980 3951 1031 4000 dies
1045 3959 1125 4000 totum
1137 3951 1177 4016 egi
1187 3950 1309 4000 videatur.

235 4033 335 4082 historia
362 4033 475 4081 haustum
505 4040 635 4081 constaret.
658 4029 749 4081 Confer
794 4029 925 4077 Verissime
938 4042 1019 4078 autem
1034 4028 1137 4088 conjicit
1156 4028 1311 4084 doctissimus

1442 566 1446 619 l
