3020 4666
281 366 347 438 ¹9⁰
412 382 415 387 -
588 339 1020 420 uucrcunonrs
1105 343 1106 351 ¹

276 463 405 534 cundia
415 461 444 550 ⁴,
472 461 517 532 de
544 476 597 547 tc,
622 466 659 532 P.
686 461 880 550 Volumni,
905 459 1075 557 quoniam
1095 458 1208 554 judea
1234 487 1273 535 es
1300 467 1347 536 in

277 581 317 644 A.
339 573 565 659 Cluentium,
584 570 746 642 dicimus.
770 575 833 659 Et,
855 595 901 642 uc
920 571 1069 667 longum
1087 575 1148 658 sit,
1171 576 1345 644 omnium

275 672 502 752 vicinorum⁵
528 703 703 751 summam
733 703 809 752 esse
840 684 878 752 in
907 679 1007 752 huuc
1030 678 1343 773 benivolentiam,

275 791 545 864 confirmamus.

322 907 460 972 Horum
495 901 659 970 omnium
695 898 877 985 studium,
913 923 1061 987 curam,
1091 897 1340 996 diligentiam,

274 1035 469 1108 meumque
481 1035 551 1080 uua
569 1009 748 1096 laborem,
765 1011 829 1106 qui
851 1024 964 1081 totam
983 1009 1077 1080 hanc
1095 1030 1254 1096 causam,
1272 1035 1342 1084 vu·

275 1135 352 1192 tere
384 1115 586 1207 instituto⁶,
615 1118 713 1190 solus
739 1121 929 1217 peroravi,
957 1133 1184 1216 vestramque
1207 1120 1339 1208 simul,

270 1231 430 1326 judices,
447 1231 652 1327 aequitatem
668 1214 705 1301 e't
718 1229 1030 1303 mansuetudinem
1046 1253 1119 1300 uua
1138 1243 1254 1300 muter
1269 1252 1339 1328 op-

272 1355 420 1438 pugnat.
446 1343 493 1410 At
513 1364 593 1437 quae
615 1342 753 1411 mater?
778 1365 886 1438 quam
913 1361 1040 1411 caecam
1064 1337 1274 1410 crudelitate
1295 1353 1337 1410 et

197 1541 199 1552 Ι
273 1451 406 1522 scelere
434 1448 519 1520 ferri
550 1450 699 1538 vidctis;
725 1451 828 1546 cujus
859 1448 1092 1548 cupiditatem
1123 1449 1223 1520 nulla
1250 1473 1334 1520 um-

195 1559 198 1568 ’
272 1583 380 1655 quam
407 1557 595 1655 turpitudo
615 1559 827 1649 retardavit3
853 1585 933 1658 quac
957 1561 1051 1631 titiis
1075 1561 1185 1630 animi
1210 1561 1248 1629 in
1269 1557 1335 1631 de-

273 1673 435 1739 terrimas
448 1681 566 1765 partes
577 1669 660 1764 jura
674 1669 863 1740 bominum
877 1669 1055 1741 convertit
1071 1669 1212 1756 omnia,
1227 1668 1335 1764 cujus

272 1803 314 1849 ea
336 1779 509 1850 stultitia⁷
533 1791 605 1865 est,
628 1793 670 1849 ut
692 1798 770 1850 eam
792 1800 900 1851 nemo
920 1779 1123 1864 bominem3
1141 1801 1183 1848 ea
1202 1777 1275 1864 vie,
1289 1791 1335 1848 ut

271 1911 380 1960 nemo
399 1885 586 1975 feminam3
609 1907 649 1958 ea
672 1887 884 1975 erudelitas,
905 1901 947 1958 ut
968 1908 1076 1958 uerno
1097 1900 1249 1956 matrem
1271 1909 1334 1983 ap·

271 1997 405 2094 pellare
427 1997 553 2092 possit.
575 2001 694 2092 Atque
711 2005 817 2068 etiam
839 1999 987 2068 uomina
1005 1995 1334 2083 necessitudinum,

268 2131 345 2178 non
362 2107 481 2179 solum
500 2119 636 2176 naturae
659 2129 795 2178 nomeu
813 2121 849 2178 et
864 2109 946 2202 jura
967 2108 1139 2176 mutavit:
1156 2129 1250 2175 uxor
1267 2127 1332 2202 ge-

268 2217 367 2304 neri,
389 2203 543 2290 noverca
560 2213 642 2303 filii,
660 2214 741 2288 filiae
762 2213 983 2314 pellcx⁸31eo
998 2217 1072 2312 jam
1089 2213 1248 2312 denique
1266 2211 1331 2286 atl-

268 2327 377 2399 duota
397 2342 469 2416 est,
486 2341 526 2398 ut
543 2326 635 2416 sibi,
658 2319 787 2425 praeter
804 2326 977 2415 formam,
999 2324 1088 2396 nibil
1107 2324 1153 2395 ad
1166 2325 1333 2397 similitu-

302 2501 327 2547 t.
359 2492 454 2556 Major-e
480 2489 639 2540 verecundia.
667 2491 776 2540 Auctore
820 2507 874 2556 quta
886 2489 917 2540 ab
930 2489 1006 2538 altero
1018 2500 1136 2554 ageretur.
1149 2489 1221 2538 Plura
1237 2487 1329 2538 videiu

268 2567 480 2632 Quintilianum
494 2585 522 2617 ra
534 2567 776 2634 :nSijndexamicua
819 2571 910 2630 Bruto,
931 2569 974 2618 ubl
994 2571 1082 2620 Cicero
1098 2569 1125 2617 in
1144 2569 1246 2618 atnlturn
1263 2569 1330 2618 huuc

268 2661 352 2698 nosue
366 2651 413 2709 att,
429 2649 556 2713 diligenter
572 2647 711 2696 ineundus
731 2660 776 2698 esa.
820 2663 911 2698 morem
925 2649 1056 2700 invehitur.

266 2731 310 2777 Eat
333 2731 397 2776 euim
419 2744 602 2791 nonnumquam
622 2743 710 2791 prarua
734 2728 775 2776 bic
856 2745 879 2792 7.
893 2728 965 2793 er'us
977 2745 1007 2775 ea
1017 2727 1126 2775 stultitia.
1137 2727 1198 2788 Quae
1210 2743 1253 2773 aua
1264 2727 1329 2773 iuaa-

266 2807 370 2857 ambitua
389 2806 529 2868 judicibus,
548 2805 661 2853 adveraua
682 2807 774 2853 amicoa
817 2808 871 2865 uia,
887 2807 994 2854 humano
1009 2805 1106 2871 generit
1120 2820 1164 2853 auo
1178 2805 1261 2852 furore
1275 2819 1331 2851 ruu-

266 2885 439 2950 prouuutiandi
448 2901 494 2950 pro
504 2883 684 2948 iisquibuaeuru
693 2882 775 2931 aimul-
817 2884 887 2934 liebri
897 2887 980 2943 eexui;
993 2900 1035 2933 aua
1046 2884 1200 2943 erudelitate,
1214 2893 1328 2931 materna

183 2959 187 2970 '
265 2973 325 3012 tatea
340 2975 440 3030 gerunt,
459 2975 484 3012 et
499 2961 604 3020 faciendi
619 2961 722 3022 injuste,
741 2975 772 3009 rra
816 2963 952 3012 conditioni
963 2964 1117 3012 renuntiarit.

263 3043 353 3091 luricae
364 3043 520 3092 videantur».
851 3043 875 3090 8.
889 3041 958 3091 Filite
965 3043 1058 3106 pellex.
1073 3041 1160 3091 Cicero
1169 3041 1194 3088 iu
1205 3043 1324 3098 Oratore,

301 3122 327 3170 5.
343 3121 492 3170 Viciuorttm.
512 3119 549 3167 Ex
564 3117 676 3176 omnlbqa
691 3119 773 3166 mrml·
815 3135 838 3171 e,
857 3123 904 3182 30,
921 3131 1048 3185 postqum
1065 3121 1192 3168 Roeeianae
1206 3119 1325 3166 orationia

264 3199 343 3264 elplia.
811 3199 945 3262 iuvenilem
961 3199 1144 3248 redundantum
1163 3197 1321 3262 vituperavit,

299 3281 324 3328 6.
335 3281 420 3327 Vetere
428 3277 544 3326 instincto.
556 3277 693 3324 Institutnm
703 3285 772 3324 retua
814 3279 845 3328 ab
853 3279 898 3328 hae
907 3279 1001 3338 indole,
1009 3281 1099 3342 inquit,
1108 3279 1158 3339 jam
1166 3277 1207 3324 illa
1217 3287 1323 3325 matura:

263 3373 314 3422 quo
323 3367 428 3421 patrono
438 3359 482 3404 uui
492 3355 599 3404 defensio
609 3354 771 3403 committeba·
814 3373 879 3407 uxor
887 3359 980 3422 gemel,
989 3370 1094 3407 novero!
1102 3355 1160 3416 flttt,
1168 3353 1226 3404 filie
1234 3355 1326 3420 pellex.

264 3451 312 3493 tur,
323 3447 390 3484 aetate
401 3435 525 3486 ticerouia
534 3435 622 3500 saepius
630 3443 679 3482 erat
687 3433 772 3482 immu·
814 3439 873 3486 Hae
885 3436 981 3486 videtur
991 3435 1098 3486 ἅντίθιτα
1110 3435 1270 3498 desumpeiaae
1282 3433 1325 3482 et·

262 3527 347 3564 tatum.
361 3519 389 3563 lu
401 3515 485 3567 eadem
499 3529 569 3561 causa
581 3513 669 3562 licebat
682 3512 771 3560 multoe
814 3529 871 3564 cero
895 3533 908 3564 a
931 3515 1118 3580 preclarissimia
1144 3513 1237 3577 OEdipi
1260 3510 1325 3576 apud

262 3611 313 3643 eaae
338 3601 503 3652 accusatorea,
527 3591 616 3640 ruultoa
640 3603 770 3656 pauunoa,
814 3595 1097 3659 Sophodemvereibus,
1111 3593 1325 3657 quoaabouginu

262 3675 351 3740 quibua
360 3673 459 3737 aiugulia
467 3688 517 3719 anae
526 3685 603 3720 cauca
612 3687 667 3736 para
677 3669 770 3734 agenda
814 3673 924 3722 laudator
934 3709 941 3734 ,
964 3674 1122 3738 pulcherrime
1144 3683 1228 3719 notter
1251 3671 1325 3718 vertit

262 3763 332 3801 esaet.
345 3753 429 3815 ltaque
440 3750 582 3815 plerumque
590 3750 633 3797 uui
642 3748 770 3798 exordium
813 3749 918 3801 Eulaeum
939 3751 1080 3802 Ciceronem
1098 3751 1207 3798 imitatua
1228 3747 1325 3798 ridetur

260 3843 285 3880 et
307 3831 430 3891 narratio,
453 3828 520 3876 alteri
542 3829 673 3887 refutatio,
696 3827 768 3876 tertio
812 3827 1322 3888 Oaidtueffleaam.v]:·0naniaturbaati;

259 3907 381 3974 peroratio
394 3905 575 3964 deferebantun
591 3906 706 3970 quodque
717 3921 767 3954 rna·
811 3909 891 3974 pellex
910 3925 956 3974 ego
975 3911 1037 3958 facta
1054 3911 1147 3965 cotom
1165 3909 1203 3955 Tu
1220 3907 1321 3971 geminis

260 3989 297 4050 gia
313 3987 412 4042 mirere,
432 3985 520 4050 eaepiua
537 4001 567 4032 ex
583 3987 691 4050 patronia
704 4001 767 4033 unua
811 3989 918 4048 conjux,
932 3999 977 4036 ete.
989 4008 1003 4030 a
1014 3988 1081 4036 Idem
1092 3987 1156 4035 enim
1165 3985 1225 4035 illud
1240 3987 1320 4034 oanni·

259 4065 325 4112 illam
341 4079 392 4110 nou
410 4063 523 4113 audiebat
540 4064 656 4112 orationis
675 4075 767 4128 partem
810 4081 844 4114 no
858 4077 894 4115 eat
906 4065 1070 4117 aoCicetouis
1080 4067 1158 4115 leena.
