2956 4676
257 398 322 470 16ss
576 399 624 466 Μ.
649 400 687 466 Τ.
715 390 998 468 CICERONIS

252 538 342 596 state
359 523 531 593 vivemus.
557 525 639 590 Haec
664 523 693 592 si
712 525 752 590 T.
775 521 892 592 Attius
912 533 975 592 aut
992 520 1238 618 cognovisset,
1258 538 1319 594 aut

253 633 458 728 cogitasset,
478 627 641 730 prolecto
658 655 705 700 ne
724 645 875 730 conatus
894 629 1043 728 quidem
1065 629 1159 702 esset
1179 629 1319 722 dicere,

251 741 288 811 id
303 742 403 838 quod
417 741 540 812 multis
550 739 670 812 verbis
683 743 773 837 egit,
783 740 962 837 judicem,
978 741 1077 838 quod
1092 744 1124 812 ei
1139 741 1318 834 videatur,

251 863 428 937 statuere,
456 863 493 920 et
520 875 596 920 non
625 850 833 922 devinctum
861 850 1002 950 legibus
1029 875 1105 923 esse
1133 867 1316 950 oportere.

252 959 396 1055 Quibus
423 960 468 1032 de
493 959 604 1033 rebus
634 960 725 1030 mihi
751 985 819 1059 pro
849 961 1004 1034 Cluentii
1031 961 1234 1049 voluntate,
1263 965 1318 1034 ni-

249 1071 362 1142 mium
378 1067 412 1159 8;
430 1095 498 1170 pro
511 1070 719 1170 reipublicae
737 1071 929 1168 dignitate,
945 1095 1095 1170 parum;
1117 1095 1185 1170 pro
1201 1087 1319 1144 vestra

251 1185 463 1284 prudentia,
483 1187 566 1258 satis
583 1186 743 1257 dixisses
763 1186 899 1258 videor.
918 1187 1069 1284 Reliqua
1085 1195 1117 1232 ¹⁰
1136 1211 1318 1286 perpauca

251 1309 355 1384 sunt,
378 1321 478 1393 quae,
497 1299 583 1394 qnia
601 1309 725 1368 vestra
744 1299 953 1395 quaestionis
969 1312 1089 1388 erant,
1111 1293 1248 1369 idcirco
1269 1299 1320 1370 illi

249 1419 455 1479 statuerunt
472 1407 541 1479 sibi
558 1407 729 1505 fingenda
746 1433 838 1496 esse,
856 1424 892 1480 et
910 1406 1148 1505 proferenda,
1171 1433 1220 1480 ne
1239 1434 1319 1480 orn·

250 1519 352 1588 nium
374 1519 571 1616 turpissimi
595 1521 861 1616 reperirentur,
889 1519 918 1588 si
943 1519 981 1587 in
1009 1518 1187 1614 judicium
1208 1518 1319 1607 nihil,

251 1627 625 1724 praterinvidiamu,
643 1629 857 1701 attulissent.
1366 1705 1380 1726 ‚

299 1741 388 1808 LIX.
416 1742 552 1834 Atque,
576 1753 616 1807 ut
639 1740 864 1827 existimetis,
890 1741 1092 1810 necessario
1116 1761 1177 1809 me
1198 1737 1245 1810 de
1265 1737 1321 1809 his

250 1845 375 1950 rebus,
392 1845 437 1919 de
453 1847 587 1952 quibus
597 1849 669 1943 jam
684 1847 834 1919 dixerim
847 1905 856 1938 ,
870 1847 1036 1947 pluribus
1052 1849 1165 1946 egisse
1178 1847 1319 1935 verbis,

251 1958 424 2029 attendite
438 1959 587 2055 reliqua.
603 1956 770 2030 Profecto
785 1958 991 2056 intelligetis
1007 1967 1034 2050 ¹,
1056 1983 1115 2044 ea,
1134 1983 1215 2055 quae
1229 1982 1320 2057 pau-

251 2069 301 2140 cis
323 2067 562 2140 demonstrari
582 2082 802 2165 potnerunt,
825 2067 1037 2140 brevissime
1060 2091 1137 2140 esse
1159 2065 1319 2139 defensa.

299 2183 363 2251 Cn.
387 2183 499 2250 Decio
519 2179 683 2267 Samniti,
709 2181 762 2268 ei,
789 2181 853 2277 qni
874 2181 1099 2277 proscriptus
1125 2191 1200 2265 est,
1225 2177 1321 2272 inju-

251 2315 341 2362 riam
365 2293 403 2359 in
426 2289 625 2361 calamitate
646 2289 723 2383 ejus
745 2287 791 2360 ab
812 2289 922 2385 hujus
944 2287 1075 2360 lamilia
1092 2285 1222 2358 factam
1243 2309 1321 2357 esse

252 2404 399 2475 dixistis.
430 2401 484 2474 Ab
508 2403 611 2475 nullo
637 2403 696 2474 ille
721 2401 929 2488 liberalius,
947 2427 1057 2500 quam
1084 2426 1105 2472 a
1129 2401 1320 2486 Cluentio,

253 2527 420 2585 tractatus
433 2529 496 2585 est.
509 2507 625 2609 Hujus
639 2514 741 2584 lllum
755 2537 844 2612 opes
856 2517 894 2584 in
908 2512 1018 2585 rebus
1033 2513 1110 2608 ejus
1122 2515 1320 2584 incommo-

248 2624 303 2694 dis
322 2621 566 2695 sublevarunt.
596 2628 714 2723 Atque
737 2625 809 2695 boc
831 2649 946 2722 quum
971 2627 1067 2723 ipse,
1091 2637 1169 2694 tum
1192 2645 1320 2694 omnes

168 2735 172 2741 '
248 2733 325 2828 ejus
345 2736 448 2805 amici
471 2736 736 2831 necessariique
758 2743 964 2831 cognorunt
977 2745 1004 2804 ².
1030 2737 1172 2805 Ancarii
1198 2747 1235 2805 et
1254 2731 1327 2804 Pal

249 2847 329 2913 ceni
343 2843 548 2942 pastoribus
564 2844 673 2938 hujus
681 2844 824 2916 villicos
838 2841 852 2888 ³
868 2849 942 2914 vim
958 2859 995 2916 et
1006 2869 1135 2915 manns
1149 2843 1319 2916 attulisse.

248 2956 372 3046 Quum
400 2951 566 3051 quaedam
588 2955 626 3023 in
656 2951 834 3041 collibus,
860 2969 902 3025 ut
932 2956 1044 3042 solet,
1073 2955 1320 3026 controversia

188 3075 196 3091 ·
248 3077 433 3160 pastorum
454 3077 547 3134 esset
560 3077 658 3151 orta3
676 3065 770 3134 Aviti
787 3063 893 3136 villici
917 3089 995 3135 rem
1016 3063 1171 3153 domini,
1189 3079 1227 3136 et
1244 3065 1318 3162 pri-

247 3187 366 3242 vatam
388 3173 654 3270 possessionem
673 3171 925 3245 defenderunt.
949 3175 1073 3263 Quum
1094 3189 1188 3277 esset
1204 3199 1318 3273 expo-

282 3403 309 3450 8.
329 3401 443 3451 Nimium.
467 3402 528 3450 Vult
548 3403 613 3451 euim
630 3403 757 3452 Cluentius
800 3403 866 3450 cium
874 3403 937 3452 illud
945 3403 1172 3456 Junimunnmtto
1180 3405 1319 3458 excitem.

247 3481 755 3546 mhoolsgtspmtdiouu-Parum.
836 3485 901 3532 ux.
924 3499 947 3532 ι.
970 3484 1122 3550 intelligatis
1148 3486 1187 3534 Er
1210 3485 1242 3534 lis
1263 3501 1317 3548 qua·

250 3559 356 3608 Postulat
372 3560 436 3607 enim
448 3559 509 3623 reip.
525 3559 629 3623 digitss
642 3560 757 3608 utnulla
782 3563 955 3625 'sequuntur,
977 3562 1117 3627 intelligetis
1140 3579 1179 3612 sne
1205 3564 1318 3627 pluribus

249 3640 274 3686 vi
282 3637 348 3703 lagos
356 3637 526 3686 defendantur.
658 3659 669 3672 ··
801 3640 937 3690 necessario
948 3641 1028 3690 verbis
1039 3643 1115 3706 egisse
1125 3658 1181 3706 quoe
1188 3643 1239 3704 jam
1252 3643 1320 3692 dixs-

282 3733 308 3780 9.
323 3716 387 3766 &tu
405 3716 503 3766 dixisse.
520 3718 580 3766 Nam
597 3717 618 3765 si
635 3717 704 3781 plura
719 3717 758 3766 di·
803 3718 862 3778 rim;
877 3735 946 3785 agam
963 3720 1029 3768 enim
1044 3739 1072 3770 ss
1092 3721 1250 3782 brevissime,
1267 3737 1320 3786 qun

247 3813 344 3856 omn,
358 3795 428 3844 rubis
441 3793 551 3844 diffidere
566 3795 669 3844 viderer.
804 3800 886 3860 paucis
900 3799 1060 3849 demonstrari
1073 3810 1199 3865 poterunt.

284 3871 571 3938 10.netiqua.v0nefictt
582 3875 759 3941 criminaque!
839 3894 864 3926 s.
873 3879 937 3938 Alii,
949 3891 1120 3945 cognoveram.
1133 3882 1150 3929 J
1153 3915 1161 3930 .
1171 3882 1205 3930 V.
1220 3881 1247 3928 l..

248 3953 330 4003 eadem
352 3955 487 4018 questions
506 3955 707 4014 continebantur,
731 3966 760 4004 nt
838 3958 865 4006 3.
879 3957 919 4006 sto
932 3975 979 4022 pro
996 3959 1173 4024 vnlgma'llr'cum
1189 3958 1319 4024 reperitis

247 4049 319 4098 supra
328 4049 382 4097 cap.
398 4035 431 4091 54
442 4033 524 4082 sidera
535 4035 591 4086 luit.
802 4037 848 4088 MS
861 4039 963 4103 antiqno
977 4039 1076 4102 Sylvius
1083 4055 1091 4098 5
1104 4049 1129 4088 et
1142 4055 1199 4088 cura
1216 4052 1318 4102 sequen·

287 4128 325 4160 ιι.
343 4115 432 4160 Proeter
447 4111 571 4163 invidiam.
586 4115 677 4164 Contn
688 4114 760 4176 indi·
803 4115 870 4166 tibus
882 4117 1007 4168 convenit.
1018 4118 1045 4166 J·
1055 4119 1086 4166 V.
1099 4118 1126 4165 Ι..
