3020 4666
474 291 543 360 ns
567 291 706 362 Lacu
730 255 990 382 nonanis,
1015 299 1043 366 1.
1224 295 1289 369 231
1349 309 1353 316 ¹

228 431 576 499 summouendum
586 435 762 505 conouos,
779 419 1052 507 Quosvsn1m⁴3
1065 441 1164 490 arus
1177 443 1294 496 sonos

227 538 588 607 autoramentum
612 545 650 594 ns
674 547 776 598 roms
794 549 946 596 venire:
969 541 1027 612 ut,
1048 551 1163 624 quum
1181 545 1293 604 totam

227 625 366 698 Italiam
388 629 564 704 militibus
593 637 666 704 suis
693 637 929 734 occuparint,
956 634 1061 707 vobis
1086 662 1161 713 non
1183 642 1295 715 modo

227 732 409 834 dignitatis
429 741 646 833 retinendae,
670 745 733 818 sed
757 770 805 816 ne
829 745 1004 822 libertatis
1022 748 1170 844 quidem
1193 776 1296 825 recu·

225 844 394 943 pemndae
412 872 493 947 spes
511 851 749 952 relinquatur.
766 861 886 954 Atque
899 854 998 930 haec⁵
1014 881 1036 928 a
1051 883 1107 930 me
1122 864 1295 959 suspicio·

226 954 335 1029 nibus
351 973 388 1030 et
404 960 610 1057 conjectura
625 981 882 1064 coarguuntur.
899 969 978 1038 Jam
996 970 1116 1040 omnis
1129 974 1295 1044 omnium
1345 977 1350 990 '

226 1065 375 1140 tolletur
405 1093 530 1161 error;
558 1074 634 1171 J'am
669 1091 792 1175 aperte
824 1075 1036 1168 ostendent,
1062 1079 1133 1151 sibi
1157 1105 1293 1156 nomen

226 1174 336 1273 hujus
353 1178 577 1277 reipublicae,
590 1183 715 1258 sedem
726 1185 828 1258 urbis
840 1200 950 1284 atque
961 1189 1102 1286 imperii
1114 1243 1124 1277 ,
1137 1189 1296 1290 denique

226 1290 298 1362 boc
315 1290 518 1390 templum⁶
539 1297 636 1368 iovis
653 1299 793 1396 Optimi
810 1297 976 1387 Maximi,
993 1310 1102 1394 atque
1125 1297 1220 1370 hanc
1237 1325 1295 1372 ar·

154 1474 158 1480 ,
226 1413 327 1472 ccm⁷
351 1407 517 1475 omnium
542 1406 705 1504 gentium
734 1404 934 1505 displicere.
956 1403 1142 1504 Capuam⁸
1164 1405 1295 1481 deduci

226 1512 374 1585 colonos
390 1514 540 1605 volunt3
559 1512 657 1587 illam
678 1515 809 1589 urbem
831 1516 917 1588 huic
936 1514 1021 1588 urbi
1037 1541 1162 1590 rursus
1176 1541 1294 1618 oppo-

225 1644 333 1712 nere,
346 1623 434 1696 illuc
446 1647 535 1723 opes
549 1649 631 1698 suas
644 1625 803 1718 deleme,
818 1643 854 1700 et
868 1629 1011 1726 imperii
1024 1651 1161 1700 nomeu
1176 1645 1294 1703 trans·

225 1729 318 1804 serre
334 1738 502 1832 cogitant.
519 1737 591 1827 Qui
601 1737 720 1825 locus,
736 1751 887 1837 propter
898 1737 1102 1810 ubertatem
1111 1763 1294 1836 agrorum,

225 1839 698 1946 abundantiamquererum
719 1849 902 1936 omnium,
925 1847 1131 1948 superbiam
1155 1863 1192 1922 et
1211 1873 1294 1922 cru-

224 1951 408 2026 delitatem
429 1958 596 2054 genuisse
617 1957 769 2048 dicitur3
794 1957 846 2030 ibi
868 1961 983 2030 nostri
1004 1957 1143 2047 coloni,
1166 1958 1295 2032 delecti

223 2062 269 2136 ad
298 2089 407 2138 omne
434 2068 591 2160 lacinus,
620 2094 641 2143 a
669 2068 881 2143 decemviris
912 2067 1197 2156 collocabuntur.
1226 2078 1292 2161 Et,

223 2173 355 2265 credo,
372 2200 445 2276 qua
469 2181 508 2250 in
525 2179 617 2252 urbe
638 2179 823 2269 homines,
841 2181 879 2250 in
894 2179 1006 2250 veteri
1024 2177 1196 2276 dignitate
1215 2179 1290 2253 for·

222 2301 386 2386 tuusque
418 2291 517 2381 nati,
546 2293 686 2389 copiam
712 2313 835 2364 rerum
864 2288 1048 2362 moderate
1074 2287 1193 2361 serre9
1213 2315 1289 2363 non

222 2451 294 2502 noris
315 2454 412 2504 colonis
436 2456 569 2520 ademare,
591 2474 620 2506 ac
644 2457 732 2516 deiude
777 2457 826 2506 lsoc
837 2456 891 2522 ipso
901 2457 929 2505 iu
937 2455 1029 2521 templo
1039 2453 1112 2505 verba
1122 2457 1206 2506 fecisse
1218 2457 1290 2508 Cice·

221 2532 339 2583 scelerum
351 2551 452 2584 suorum
465 2535 626 2604 participibus
638 2547 662 2587 et
673 2554 733 2587 cou-
775 2551 870 2584 mncm.

221 2613 278 2661 sciis
287 2615 433 2676 instructss,
442 2615 474 2664 ad
483 2607 670 2682 municipiorum
679 2617 732 2666 for·
813 2631 837 2677 7.
852 2615 924 2662 Hauc
936 2629 1026 2663 arcem.
1041 2613 1146 2662 Romam
1154 2615 1255 2676 wilicet,
1265 2627 1290 2665 θῑ

221 2709 285 2742 mam
298 2694 415 2760 sedigno.
775 2693 801 2741 in
813 2692 1009 2758 caCspitolium.

257 2781 283 2830 s.
309 2775 376 2840 Quos
392 2774 478 2824 uelint.
497 2777 581 2840 Quum
597 2773 680 2826 helluo
700 2776 733 2827 sit
812 2773 837 2821 8.
857 2763 978 2836 capisam.
994 2772 1168 2820 Gravissimum
1181 2771 1231 2820 boc
1247 2785 1289 2822 to·

220 2853 377 2917 pravissimus
392 2852 453 2918 legis
470 2866 569 2914 auctor,
588 2866 652 2904 certe
671 2855 733 2904 nibil
775 2851 823 2901 tius
836 2851 895 2915 legis
905 2861 980 2916 csput
988 2851 1165 2915 erat,quodet
1177 2851 1287 2900 locorum

221 2931 268 2980 uisi
281 2931 392 2997 perditos
403 2933 514 2982 homines
522 2935 549 2982 in
557 2936 667 2983 colonias
676 2935 732 2984 mir-
775 2931 851 2992 situs,
870 2941 895 2984 ct
909 2931 1089 2994 Campanorum
1107 2931 1232 2994 ingenium
1245 2931 1289 2996 qui

222 3023 271 3073 tes,
283 3024 366 3078 aspro
377 3029 403 3062 sc
416 3029 468 3062 uon
477 3029 523 3078 pro
534 3015 658 3079 republica
666 3031 732 3062 arma
775 3009 905 3077 saepissime
922 3009 1096 3058 mbellasersnt
1104 3047 1111 3070 ,
1120 3011 1287 3078 Capuamflrei-

222 3092 328 3156 capiant.
341 3079 392 3141 bos
404 3091 488 3157 paullo
499 3089 561 3139 infra
572 3100 657 3141 orator
665 3090 734 3141 Rulli
774 3087 878 3155 publicas
884 3087 1062 3138 formidandam
1070 3089 1210 3139 ellccersnt.
1219 3089 1286 3154 Quid

221 3171 310 3221 milites
326 3182 415 3230 vocat,
430 3181 553 3233 tamqnam
570 3169 659 3235 quibus
676 3188 735 3240 opes
773 3183 833 3216 vcro
849 3179 886 3217 eat
904 3169 1027 3227 laturum,
1044 3168 1065 3216 si
1082 3169 1145 3218 banc
1162 3171 1187 3216 in
1202 3169 1287 3218 urbem
1349 3209 1354 3214 .

221 3261 319 3299 etarrm
334 3249 446 3308 dederit,
461 3258 489 3296 ut
498 3247 635 3298 libertatem
648 3248 733 3300 ctior-
776 3245 865 3296 Rullus
879 3264 922 3296 eos
938 3247 1082 3306 deduxerit,
1103 3264 1165 3311 quoa
1181 3247 1227 3296 sibi
1243 3248 1288 3296 dc·

221 3341 291 3380 tunas
304 3329 397 3380 civium
409 3327 534 3377 aboleant.
547 3329 683 3378 Praesertim
696 3347 734 3379 se-
776 3326 872 3375 vinctos
893 3338 918 3376 et
934 3325 1068 3375 fidissimos
1085 3327 1172 3388 babet,
1187 3329 1213 3380 ‚si
1232 3327 1288 3376 illos

220 3422 305 3459 mmm
321 3411 368 3459 bac
381 3407 486 3474 imagine
498 3418 584 3470 terret,
598 3408 667 3474 quod
680 3409 733 3472 ejus
775 3403 848 3454 armis
864 3405 997 3455 insu-notos
1011 3405 1058 3454 bac
1073 3406 1099 3454 iu
1115 3405 1172 3454 sede
1186 3405 1289 3466 loceris,

220 3489 350 3538 sonoritas
364 3488 518 3554 digniusque
526 3489 659 3539 murum
667 3489 732 3555 peri-
775 3501 847 3550 quem
855 3495 957 3551 propter
963 3486 1114 3536 vicinitatem
1123 3497 1219 3534 meatus
1229 3485 1290 3533 oliui

221 3559 413 3619 culon'adeans.
776 3563 901 3614 delendam
916 3564 1071 3614 decreverat?
1084 3564 1189 3612 Animos
1201 3565 1227 3610 in
1244 3565 1288 3610 tri-

257 3645 283 3695 ⁵.
307 3648 389 3709 Atque
409 3646 471 3697 tac.
494 3649 553 3697 Hac
578 3647 675 3708 omnia,
696 3645 732 3694 ait
774 3642 868 3692 bunum
893 3645 983 3692 excitat
1007 3643 1071 3702 bac,
1096 3659 1168 3706 quam
1190 3657 1286 3706 semper
1374 3705 1382 3716 .

221 3735 312 3785 orator,
321 3725 431 3788 suspicor
439 3736 576 3787 tantum,et
585 3725 641 3774 ideo
652 3743 730 3776 errare
758 3718 762 3726 '
773 3725 860 3787 objicit
873 3725 991 3789 imagine,
1009 3739 1050 3771 eos
1066 3721 1159 3770 scilicet
1174 3725 1194 3770 si
1209 3721 1285 3768 Rullo

145 3827 154 3835 ·
221 3814 246 3852 et
256 3803 306 3851 falli
315 3817 430 3866 possum
442 3804 486 3851 scd
495 3804 563 3868 quod
571 3805 730 3854 certissimum
773 3805 895 3874 quidquid
908 3807 968 3870 petit
987 3799 1168 3860 concesserint,
1182 3800 1285 3848 circum-

221 3893 259 3930 est
275 3881 372 3939 audite,
384 3880 499 3946 quodque
515 3883 618 3932 maxime
634 3902 731 3951 rempu·
774 3897 860 3936 ventos
868 3884 937 3934 brevi
947 3894 971 3932 et
979 3897 1108 3947 oppressos
1118 3879 1178 3928 lore.

221 3961 311 4011 blicam
320 3960 455 4027 impugnat.
721 3957 726 3963 ’
810 3982 835 4030 9.
854 3963 981 4012 Moderato
988 3960 1066 4026 ferre.
1084 3959 1120 4008 Eo
1134 3959 1199 4008 enim
1216 3951 1283 4010 inso-

258 4043 283 4090 6.
296 4043 350 4092 Hoc
363 4039 484 4105 templum
498 4041 563 4092 ilinc
575 4043 730 4107 conjicimus,
774 4039 1286 4100 lentisedsrenere,utamajoribusnostris,
