2962 4682
238 330 284 402 aa
557 329 608 394 u.
634 274 673 394 r.
699 324 979 395 eroenours
1086 359 1089 368 ‚

236 449 441 537 constabat,
468 449 564 544 ejm,
590 471 701 545 quem
730 469 795 516 vos
808 441 838 490 ¹⁶
869 447 1040 516 miserum
1064 460 1174 544 atque
1197 451 1299 519 inno·

235 576 377 634 centem
395 556 485 630 falso
501 556 639 653 judicio
658 559 943 628 circumventum
962 579 1037 628 esse
1051 553 1179 627 dicitis.

282 674 375 742 XIV.
397 667 519 757 Quid?
539 669 654 738 aviam
676 683 794 754 tuam,
816 666 1034 764 Oppianice,
1053 667 1224 756 Dineam,
1244 672 1300 740 cui

233 797 275 852 tu
301 805 339 852 es
365 779 470 852 heres
484 789 509 866 ¹,
533 791 635 875 pater
659 792 744 849 tuus
768 802 844 850 non
866 775 1057 850 manifesto
1079 781 1239 851 necavit?
1256 779 1301 851 ad

233 915 344 990 quam
368 913 485 988 quum
511 887 716 961 adduxisset
741 886 923 960 medicum
949 888 1051 959 illum
1079 912 1207 979 suum,
1226 890 1300 986 jam

233 1003 438 1098 cognitum,
457 1012 493 1070 et
509 1023 604 1096 saepe
623 1001 819 1072 victorem²
842 996 929 1097 [per
948 1023 1057 1095 quem
1073 998 1301 1073 interfecerat

232 1106 449 1210 plurimos],
479 1108 611 1179 mulier
641 1109 836 1196 exclamat,
868 1131 906 1180 se
931 1108 976 1180 ab
1000 1134 1045 1182 eo
1066 1109 1169 1182 nullo
1189 1112 1300 1183 modo

231 1218 322 1291 velie
335 1218 470 1306 curari,
484 1242 560 1314 quo
573 1233 721 1289 curante
735 1241 820 1290 suos
833 1242 961 1291 omnes
970 1217 1198 1317 perdidisset.
1207 1226 1301 1292 Tum

232 1343 383 1429 repente
408 1330 677 1399 Anconitanum
696 1326 910 1426 quemdam,
925 1333 967 1400 L.
985 1328 1173 1418 Clodium,
1195 1332 1302 1429 phar-

231 1439 459 1537 macopolam
478 1435 828 1526 circumforaneum,
847 1443 911 1536 qui
929 1463 1014 1510 casu
1032 1453 1111 1510 tum
1127 1443 1301 1513 Larinum

232 1553 409 1635 venisset,
426 1546 645 1645 aggreditur,
670 1562 707 1619 et
730 1573 813 1620 curn
833 1573 877 1621 eo
901 1547 992 1622 H-s³
1012 1551 1300 1649 quadringentis,

231 1659 267 1730 id
283 1657 383 1756 quod
397 1659 508 1755 ipsius
523 1656 656 1730 tabulis
672 1662 774 1729 turni
792 1673 846 1730 est
862 1656 1172 1746 demonstratum,
1185 1677 1300 1736 trans·

231 1770 306 1864 igit.
324 1771 364 1839 L.
380 1766 546 1854 Clodius,
563 1769 636 1870 qui·
646 1784 880 1866 properaret,
899 1771 958 1840 cui
972 1768 1049 1841 fora
1061 1771 1176 1843 inuita
1189 1787 1300 1846 resta·

230 1893 331 1967 rent,
346 1877 452 1948 simul
463 1893 571 1975 atque
584 1877 814 1950 introductus
824 1894 877 1951 est
888 1933 898 1967 ,
908 1905 984 1951 rem
998 1882 1169 1971 confecit3
1183 1887 1300 1982 prima

232 1993 383 2087 potione
403 1989 592 2060 mulierem
610 1989 776 2060 sustulit:
795 2014 915 2088 neque
933 2006 1059 2090 postea
1076 1994 1197 2062 Larini
1215 2018 1301 2091 pun·

232 2113 332 2169 ctum
364 2112 417 2170 est
443 2100 619 2197 temporis
645 2115 897 2172 commoratus.
927 2099 1061 2172 Eadem
1089 2101 1157 2174 bac
1186 2107 1301 2176 Dinea

231 2221 489 2281 testamentum
520 2207 697 2297 faciente,
730 2235 845 2308 quum
880 2210 1019 2282 tabulas
1050 2211 1301 2311 prehendisset

233 2320 474 2416 Oppianicus,
492 2322 556 2416 qui
576 2343 687 2416 gener
706 2321 785 2416 ejus
803 2317 966 2410 fuisseti,
983 2321 1096 2418 digito
1114 2321 1229 2420 legata
1244 2323 1301 2395 de·

175 2509 180 2518 ¹
232 2425 359 2518 ievit⁶;
381 2442 435 2518 et,
457 2452 572 2526 quum
597 2428 635 2501 id
657 2429 780 2502 multis
803 2430 892 2502 locis
916 2430 1076 2521 iecisset,
1098 2446 1181 2529 post
1200 2457 1299 2505 mor-

231 2553 305 2610 tem
328 2539 425 2634 ejus,
448 2563 495 2609 ne
520 2538 637 2611 lituris
660 2541 806 2637 coargui
824 2555 966 2639 posset,
983 2554 1239 2613 testamentum
1260 2547 1298 2614 in

227 2649 311 2722 alias
341 2647 478 2720 tabulas
505 2649 762 2748 transcriptum
789 2651 899 2747 signis
929 2649 1168 2722 adulterinis⁷
1199 2650 1297 2724 obsi·

266 2885 308 2935 ιθ.
323 2885 381 2932 Vos.
397 2883 447 2946 Qui
460 2882 601 2932 Cluentium
610 2883 738 2932 accusatis.
783 2885 874 2946 relata,
894 2901 945 2935 nou
962 2887 1049 2952 ingene
1068 2886 1181 2952 quaedam
1199 2899 1224 2938 et
1244 2905 1298 2954 qun

263 2966 334 3012 xtv.
359 2980 383 3012 1.
406 2964 441 3010 ab
461 2977 486 3009 es
504 2961 579 3010 ieras.
602 2963 740 3027 Suspicioca
784 2963 953 3014 medicamenti
974 2965 1048 3014 unius
1065 2969 1174 3030 pretium
1195 2984 1299 3035 exsupe-

228 3043 317 3102 verba,
334 3058 390 3090 nem
410 3039 477 3105 quod
493 3041 563 3088 heres
580 3039 662 3103 filius,
682 3041 739 3090 ideo
783 3053 873 3106 resset,
894 3052 990 3108 poterat
1011 3046 1110 3105 referri,
1134 3062 1189 3110 quae
1210 3063 1298 3114 nempe

226 3136 296 3190 pater
305 3123 422 3172 occidisse
431 3121 540 3170 videtur.
553 3123 579 3170 J.
587 3124 619 3170 V.
631 3123 660 3171 L.
783 3121 950 3186 Oppianicum
964 3123 1122 3187 prodidisset.
1284 3182 1291 3188 .

262 3220 287 3252 a.
301 3202 429 3250 Victorem.
443 3200 643 3263 Qnimultisjam
652 3201 739 3265 palmis
819 3209 843 3258 t.
868 3203 935 3251 iiam.
950 3204 1033 3266 Quum
1046 3201 1177 3268 Oppianici
1198 3219 1296 3253 muna

227 3284 301 3332 uotbc
319 3291 385 3338 erat,
404 3291 428 3328 et
446 3294 497 3344 quo
517 3279 628 3341 adjutore
647 3281 738 3329 multos
782 3277 896 3327 Cluentio
909 3291 1029 3343 ageretur.

226 3357 738 3410 eliosiuterfecemt.Verbauncinicinclusa
819 3357 1205 3424 5.Geucrejusfi1isset.Eieuim
1215 3361 1297 3425 Megia
1353 3401 1355 3405 .

225 3439 336 3490 Lambin.
359 3441 453 3487 Ernen.
471 3453 502 3485 cx
523 3438 737 3501 interpretamento
781 3435 866 3484 Dineae
879 3433 945 3494 filia,
963 3446 1085 3500 nupserat.

224 3521 251 3568 in
277 3527 419 3568 contextum
440 3515 539 3564 fluxisse
561 3516 734 3566 contendunt:
816 3516 844 3564 6.
859 3512 941 3579 Dt'gt'to
961 3515 1045 3580 legata
1063 3514 1159 3565 delevit.
1180 3515 1297 3566 Solebent

226 3598 335 3648 defendit
348 3598 466 3645 Gravius.
782 3609 835 3642 cere
854 3593 929 3641 scribi
946 3604 1103 3654 testamente;
1119 3595 1187 3642 unde
1202 3595 1297 3644 locutio

260 3677 286 3727 3.
294 3679 343 3726 Hs
350 3674 541 3741 quadringentas.
550 3675 653 3723 Circiter
666 3675 698 3722 so
706 3675 736 3722 fr·
781 3673 823 3720 iila
833 3672 859 3720 iu
870 3674 919 3721 bna
930 3687 995 3724 cera.
1009 3675 1137 3722 Delevcrat
1147 3684 1227 3723 eutem
1241 3677 1296 3741 Op·

224 3757 350 3804 Manutius
360 3755 487 3804 dubitabat
496 3753 613 3803 Clodium
621 3769 677 3800 cum
687 3755 738 3817 Op-
782 3753 906 3816 pinnicus,
926 3767 976 3816 quo
995 3755 1073 3814 maior
1090 3753 1122 3801 ad
1136 3751 1215 3803 fliium
1227 3755 1295 3804 bere.

162 3873 164 3882 .
223 3832 736 3900 piauicotamexigusmercedetraneegisse,
783 3832 845 3880 ditm
855 3831 1002 3895 perveniret.

222 3909 373 3979 putabatque
385 3913 434 3976 legi
445 3927 519 3976 poree
531 3933 544 3954 α
552 3914 613 3960 tt-S.
630 3911 736 3976 quadra·
817 3929 840 3972 7.
852 3911 932 3975 Segnis
940 3909 1234 3975 adulterinuotsrgriaue.
1242 3912 1295 3960 Fat-

221 3995 287 4057 ginta
296 4015 306 4036 ι
315 4027 323 4054 ,
333 4004 363 4042 ut
373 3991 543 4041 subaudiretur
556 3991 672 4042 millibus.
687 3993 735 4038 Ve·
780 3992 812 4040 eie
824 4001 849 4039 et
861 3990 914 4038 eiii·
929 4007 1001 4056 quam
1014 3991 1112 4040 testium
1125 3989 1290 4040 adhibitorum

218 4089 272 4123 rum
296 4088 372 4138 quum
395 4087 488 4121 summa
510 4074 536 4122 in
558 4071 652 4123 tabulas
671 4083 735 4122 ercet
779 4070 965 4120 annulisfactie.
1004 4109 1011 4118 .
