2958 4670
422 362 541 430 utu.
567 359 970 447 unumunurn
1082 419 1087 422 .
1154 359 1225 456 489

167 509 250 558 casu
267 483 325 554 hic
339 481 448 554 dies¹¹
467 479 514 552 ad
529 481 694 552 aerarium
712 477 994 578 frequentasset,
1011 467 1118 551 video
1128 491 1158 526 ¹²
1181 480 1228 552 ab

167 593 433 692 exspectatione
447 594 553 664 sortis
566 590 612 662 ad
632 613 863 662 communem
881 588 1033 662 salutem
1051 612 1127 661 esse
1141 614 1228 662 con-

166 728 299 777 versos.
331 706 460 776 Omnis
481 704 724 799 ingenuorum
751 697 853 772 'adest
878 696 1094 788 multitudo,
1122 701 1233 772 etiam

167 815 473 886 tenuissimorum.
485 813 575 902 Quis
588 825 642 882 est
653 812 772 898 enim,
788 810 846 882 cui
859 833 935 880 non
946 809 1021 880 haec
1031 805 1063 852 ¹³
1077 808 1231 908 templa,

167 923 358 1023 adspectus
370 921 489 1011 urbis,
507 921 684 1020 possessio
701 917 891 1006 libertatis,
904 919 967 992 lux
981 919 1140 1017 denique
1153 919 1231 992 haec

167 1033 263 1130 ipsa,
278 1045 314 1102 et
324 1031 396 1102 hoc
410 1053 603 1102 commune
617 1030 739 1128 patriae
752 1029 888 1118 solum,
905 1054 1021 1128 quum
1035 1030 1081 1100 sit
1096 1053 1230 1119 carum,

169 1155 248 1212 tum
264 1165 352 1226 vero
367 1140 473 1212 dulce
489 1154 598 1237 atque
613 1138 839 1235 jucundum?

215 1255 310 1322 Vlll.
328 1254 456 1349 Operae
474 1251 630 1348 pretium
654 1263 726 1338 est,
749 1263 868 1347 patres
891 1248 1102 1345 conscripti,
1125 1245 1232 1318 liber·

173 1364 335 1433 tinorum
366 1359 557 1444 homiuum
589 1359 707 1432 studia
736 1383 970 1459 cognoscere3
992 1363 1058 1456 qui
1076 1360 1229 1430 virtute¹

171 1492 238 1542 sua
253 1469 437 1542 fortunam
457 1471 629 1542 civitatis²
659 1470 896 1568 consequuti,
917 1469 1010 1540 hanc
1035 1491 1120 1541 vere
1133 1491 1233 1540 suam

169 1581 322 1677 patriam
344 1603 421 1652 esse
440 1579 632 1677 judicant:
657 1603 768 1677 quam
793 1578 940 1677 quidam
966 1577 1054 1648 hinc
1075 1578 1172 1663 nati,
1197 1589 1236 1648 et

170 1695 314 1762 nummo
332 1693 414 1774 ,nati
445 1689 527 1762 loco
538 1687 566 1780 ³,
594 1715 669 1762 non
694 1690 846 1787 patriam
874 1711 994 1771 suam,
1023 1683 1086 1760 sed
1104 1684 1235 1758 urbem

169 1799 329 1872 hostium
360 1824 436 1873 esse
462 1798 725 1897 judicaverunt.
762 1797 831 1871 Sed
866 1796 955 1896 quid
985 1821 1054 1894 ego
1084 1796 1235 1892 huiusce

170 1905 307 1980 ordinis
334 1909 500 1982 homines
529 1913 846 1998 commemorent,
875 1931 968 2006 quos
995 1909 1145 2003 privatae.
1163 1905 1234 1986 lor,-

169 2032 288 2109 tunae,
311 2043 405 2117 quos
428 2021 632 2092 communis
653 2017 878 2118 respublica,
899 2041 993 2116 quos
1014 2016 1171 2113 denique
1191 2015 1234 2086 li·

4 2085 11 2220 ζ
119 2121 121 2126 ’
168 2125 290 2199 bertas
305 2152 365 2216 ea,
383 2153 464 2226 quae
482 2129 686 2202 dulcissima
706 2143 780 2219 est,
798 2126 843 2199 ad
862 2127 1012 2200 salutem
1027 2129 1149 2225 patriae
1169 2125 1233 2198 dc·

169 2234 388 2310 fendendam
417 2240 606 2312 excitavit?
632 2244 761 2312 Servus
788 2253 843 2310 est
869 2260 1002 2324 nemo,
1030 2237 1095 2333 qui
1123 2233 1233 2307 modo

170 2344 349 2418 tolerabili
361 2347 569 2421 conditione
583 2353 628 2420 sit
644 2349 823 2421 servitutis
833 2343 859 2436 ⁵,
877 2351 1031 2445 quinon
1046 2344 1231 2418 audaciam

170 2570 267 2622 editicii
275 2606 284 2634 ,
294 2573 422 2637 pretorii,
436 2583 461 2622 et
478 2574 513 2622 sio
527 2589 603 2640 porro
616 2574 680 2623 ‹liee-
761 2588 785 2622 s.
798 2573 933 2620 Fortunam
945 2571 1055 2630 civim.
1074 2571 1105 2620 Id
1122 2581 1172 2631 ert,
1193 2572 1234 2634 lus

170 2661 262 2710 rentur.
276 2651 414 2701 Scribarum
431 2668 521 2702 munus
538 2653 603 2718 spnd
615 2657 682 2704 Grn-
724 2653 837 2702 civitatis.
853 2653 903 2716 Qui
914 2653 978 2701 eninr
988 2652 1076 2712 iustam
1088 2651 1234 2717 plenamque

170 2730 301 2780 cosmnlto
316 2729 682 2798 honorifissatinslnisseqnssn
724 2729 861 2779 libertatem
883 2730 1093 2795 assequebantur,
1114 2731 1186 2778 simul
1209 2739 1234 2777 st

172 2809 239 2874 apud
251 2814 388 2871 Romanos,
399 2813 434 2860 ait
452 2811 581 2862 Cornelius
593 2813 620 2862 in
633 2814 681 2862 rita
725 2809 796 2858 liberi
805 2807 912 2868 flebant,
924 2820 948 2858 et
957 2806 1024 2858 cives
1035 2808 1143 2867 musei,
1156 2808 1237 2872 utqui

171 2891 304 2949 Eumenis,
316 2905 371 2954 esp.
384 2907 410 2940 r.
725 2904 799 2937 mann
805 2889 963 2940 mittebantur
969 2887 1110 2936 vindicta-
1115 2887 1236 2936 Vindicta.

209 2984 250 3015 rr.
266 2968 314 3016 Hie
328 2968 389 3016 dies.
402 2969 465 3025 Alii,
475 2969 535 3019 iao.
549 2970 628 3019 Nonse
638 2971 682 3018 sle-
726 2966 755 3014 ltl
769 2975 818 3024 est,
836 2968 902 3031 virga
915 2983 962 3031 qus
976 2983 1091 3015 soomsns
1102 2966 1188 3014 leviter
1196 2982 1237 3014 oa·

171 3043 683 3110 cmhr.-Frsquerstossst.1dest,irs·
726 3055 772 3111 ppt
791 3045 892 3094 facieba
913 3045 978 3095 illins
1003 3062 1076 3109 quesn
1095 3055 1185 3112 pretor
1209 3047 1236 3094 in

171 3133 273 3188 quantes
285 3135 457 3183 convocasset,
467 3126 588 3176 eilscisset
604 3137 633 3175 nt
641 3127 684 3176 sd·
726 3125 861 3173 liberantem
870 3123 1105 3174 vindicabas—Al.
1115 3127 1236 3174 «Fortuna

171 3212 252 3252 essem
264 3202 408 3267 frequentes.
418 3203 588 3254 Convenerunt
602 3217 683 3254 autem
727 3221 770 3254 sna
784 3205 888 3253 ciriutb
898 3206 940 3266 jns
950 3204 1094 3268 consequuti
1104 3227 1124 3252 ι.
1137 3204 1236 3254 tanen

171 3281 294 3341 decuria,
312 3282 345 3330 sd
357 3282 492 3332 sentiendas
505 3285 684 3349 procurationis
728 3285 790 3350 «qni
799 3295 842 3332 sna
851 3285 940 3333 virtute
952 3284 1074 3333 lortnnsm
1083 3283 1134 3345 huj.
1143 3285 1191 3332 civ.
1200 3279 1240 3331 ω’
1264 3323 1272 3344 ,

170 3377 221 3410 snse
230 3371 320 3426 partes.
331 3363 427 3410 Sortem
435 3378 488 3410 non
499 3374 683 3428 exspectarunt,
727 3365 753 3414 J.
761 3365 794 3410 V.
806 3365 835 3410 L.

170 3439 215 3488 sed
228 3440 333 3504 presidii
351 3457 422 3490 causa
439 3442 472 3490 sd
489 3443 608 3508 templum
620 3460 686 3493 con·
764 3443 790 3490 3.
804 3443 902 3489 Summo
916 3441 973 3490 nati
991 3441 1054 3490 loeo.
1075 3441 1110 3488 Ut
1123 3440 1238 3488 Ientnlns

172 3519 237 3566 versi
250 3529 317 3567 snnt.
729 3530 753 3568 et
767 3521 992 3584 Catr'lins,nterque
1008 3520 1103 3585 patricii
1118 3520 1219 3584 generis.

209 3613 251 3646 sa.
264 3599 344 3646 Graev.
356 3598 450 3648 addite
471 3599 521 3650 sois
539 3601 616 3660 MSS,
631 3623 644 3642 ι
653 3599 686 3648 sb
765 3606 791 3655 4.
808 3599 1004 3647 commemorem.
1014 3598 1055 3647 ΔΙ.
1069 3609 1239 3646 commeante.

172 3690 253 3722 amore
260 3675 347 3725 debitae
357 3679 686 3744 peenntmgnorsotregii.
730 3678 843 3727 Romula
855 3678 1038 3742 praeteritionis,
1047 3693 1102 3742 qna
1112 3688 1164 3725 turn
1173 3693 1242 3725 nsnr·

210 3753 250 3801 rt.
261 3755 318 3802 Hcec
326 3757 424 3819 templa.
437 3759 499 3822 Qnoe
508 3758 612 3822 plurima
619 3758 684 3806 circa
729 3767 811 3823 patnr,
817 3773 895 3822 qnnan
903 3755 998 3806 anirnns
1008 3767 1044 3804 est
1053 3758 1103 3818 ianr
1112 3757 1209 3820 cognita
1217 3765 1242 3804 et

173 3832 253 3880 losum
267 3843 343 3883 eraut.
729 3835 804 3886 relata
817 3837 950 3902 preterire.

208 3912 279 3960 vm.
311 3925 333 3960 r.
357 3912 462 3964 Virtute.
481 3915 529 3964 Sua
546 3916 685 3980 probitate,
766 3917 791 3964 5.
815 3913 948 3963 Tolerabili
956 3911 1096 3962 conditione
1104 3913 1138 3960 sit
1146 3911 1243 3962 servitu·¹

144 4035 146 4040 .
173 3991 271 4054 snisqne
287 3991 443 4056 meritisergs
459 3995 598 4059 eosqnilsns
614 3987 684 4046 antea
730 3996 770 4044 tis.
779 3997 907 4044 Servom
920 3992 988 4057 quasi
998 3991 1241 4056 gradnsersnssllo-

75 4107 82 4121 .
175 4069 320 4120 serviebant.
729 4089 782 4122 runs
791 4071 1113 4132 melior,aliorn1nrlsteaior
1122 4071 1243 4124 conditio.
