2962 4682
336 411 526 482 ortuo
549 411 650 480 rao
674 411 813 487 taen
836 413 1070 484 uiuum.
1193 435 1237 510 η

178 535 344 620 dimisit„
358 547 499 632 partem
525 529 714 604 Glabrioni
743 533 902 606 tradidit.
929 534 1043 606 Multa
1066 547 1239 630 pretereo

179 643 364 728 consult03
380 641 444 714 sed
459 665 503 712 ea
515 662 579 712 vos
601 640 807 736 conjectura
827 644 1046 740 perspicitis,
1061 659 1240 740 qnantum

180 755 268 826 illud
301 751 440 824 bellum
453 763 484 808 ¹⁷
521 749 659 822 lactum
691 754 845 849 putetis,
883 752 984 849 quod
1018 753 1242 851 conjungant

180 887 282 962 reges
301 864 561 962 potentissimi,
583 875 762 932 renovent
778 863 914 958 agitatae
931 862 1116 950 nationes,
1134 864 1243 934 susci·

180 981 281 1078 piant
297 979 444 1075 integrae
464 987 591 1072 gentes
601 969 643 1060 ¹⁸,
668 991 784 1048 novus¹
805 976 998 1076 imperator
1020 989 1138 1048 vester
1157 977 1244 1048 acci·

180 1091 270 1184 piat,
287 1101 411 1158 vetere
434 1085 543 1183 pulso
559 1087 734 1156 exercitu.
909 1093 912 1100 '

227 1203 271 1269 X.
287 1199 378 1269 Satis
391 1195 482 1266 mihi
498 1193 612 1266 multa
623 1193 734 1266 verba
748 1191 874 1267 fecisse
890 1193 1027 1282 videor,
1044 1217 1157 1291 quare
1170 1193 1242 1265 hoo

179 1306 316 1379 bellum
343 1319 438 1377 esset
460 1328 592 1402 genere
613 1305 694 1401 ipso
714 1306 978 1392 necessarium,
996 1301 1244 1402 magnitudine

180 1416 449 1517 periculosum:
466 1427 595 1501 restat,
613 1427 657 1484 ut
674 1412 720 1484 de
744 1416 963 1512 imperatore
981 1413 1028 1484 ad
1048 1413 1086 1484 id
1108 1405 1242 1484 bellum

179 1523 387 1625 deligendo,
400 1547 441 1596 ac
454 1525 564 1595 tantis
574 1522 686 1594 rebus
700 1521 946 1622 preficiendo,
961 1522 1155 1602 dicendum
1168 1545 1244 1594 esse

183 1635 359 1708 rideatur.

229 1747 396 1830 Utinam,
413 1743 591 1833 Quirites,
608 1743 773 1814 virorum
788 1741 939 1815 fortium
952 1759 1061 1842 atque
1077 1748 1247 1816 innocen·

180 1854 271 1926 tium
293 1857 435 1952 oopiam
458 1866 595 1924 tantam
615 1851 814 1941 haberetis,
834 1867 875 1925 ut
893 1853 969 1926 hac
985 1854 1088 1927 vobis
1108 1851 1245 1926 delibe-

181 1966 272 2036 ratio
289 1963 444 2035 diffieilis
462 1977 573 2053 esset,
596 1989 790 2061 quemnam
813 1965 1039 2064 potissimum
1061 1970 1170 2037 tautis
1187 1987 1245 2036 re·

180 2071 250 2145 bus
264 2098 307 2145 ae
322 2088 423 2145 tanto
437 2071 535 2144 bello
551 2073 818 2171 praeficiendum
836 2074 1024 2174 putaretis!
1039 2079 1145 2149 Nunc
1158 2098 1244 2147 vero
1304 2117 1307 2123 -

180 2207 297 2280 quum
313 2183 360 2253 sit
377 2207 472 2254 unus
494 2186 559 2254 Cn.
578 2175 791 2282 Pompeius,
813 2187 969 2282 quinon
990 2185 1100 2256 modo
1117 2187 1245 2257 eorum

180 2291 391 2379 homiuum,
413 2294 476 2390 qui
498 2316 597 2364 nunc
618 2308 722 2383 suut,
745 2295 914 2393 gloriam,
933 2293 995 2366 sed
1021 2295 1127 2365 etiam
1151 2297 1243 2365 anti-

180 2403 326 2501 quitatis
353 2403 564 2473 memoriam
591 2404 726 2475 virtute
756 2407 953 2502 superarit3
982 2427 1145 2501 quaeres
1170 2418 1244 2489 est,

180 2537 262 2610 quae
283 2513 496 2610 cujusquam
516 2513 678 2584 animum
695 2517 735 2584 in
752 2513 819 2586 hac
837 2509 944 2586 eausa
960 2512 1116 2585 dubium
1129 2511 1246 2585 lacere

179 2625 320 2724 possit?
337 2628 412 2722 Ego
431 2628 527 2694 enim
545 2627 595 2695 sic
613 2627 796 2712 existimo,
813 2625 851 2694 in
868 2648 1011 2696 summo
1027 2625 1245 2721 imperatore

180 2750 338 2832 quatuor
357 2733 421 2805 has
446 2758 508 2806 res·
525 2735 641 2806 inesse
666 2749 858 2832 oportere,
876 2735 1059 2806 scientiam
1079 2735 1130 2804 rei
1151 2731 1245 2802 mili·

180 2847 265 2914 taris
275 2855 301 2933 ¹,
315 2847 503 2930 virtutem,
518 2847 787 2933 anctoritatem,
801 2843 1018 2915 felicitatem.
1034 2845 1125 2932 Quis
1137 2844 1246 2938 igitur

178 3029 246 3065 eno
259 3015 385 3081 superiore
396 3016 475 3066 tuear
485 3017 577 3066 cunc.
589 3017 692 3082 Calpur·
732 3015 854 3064 industria
866 3015 892 3064 ln
905 3012 1016 3078 egendo,
1031 3012 1139 3064 eeterteu
1151 3014 1178 3060 in
1186 3028 1247 3062 eon-

181 3096 225 3143 nio
236 3095 337 3152 Pisone,
348 3095 692 3155 etinArienniunsiuent,
734 3092 860 3151 lioiendo,
883 3093 1013 3141 nomiliam
1034 3093 1061 3140 in
1077 3091 1243 3156 providendo.

179 3183 210 3224 ut
222 3173 327 3222 Imenllo
339 3173 486 3223 tnmderet.
735 3172 846 3220 Alterum
858 3187 933 3235 genae
943 3171 1114 3237 compleotitnr
1125 3172 1244 3220 tuoe-e-

219 3250 692 3316 17.Fetrrrru.Grt'ev.restitnitsaeteue,
736 3249 1246 3314 rtem,tupsnnrtam,fidem‚teutterem‚

180 3330 588 3381 mmumtinuruss.t.v.n
737 3319 1249 3391 firmamamentum-,tuemu-

219 3412 260 3459 18.
271 3413 379 3475 Integra
389 3421 481 3475 putes.
494 3410 612 3460 Nondum
624 3408 692 3461 laelio
735 3417 791 3458 um·
800 3408 897 3456 Virtute
910 3409 1134 3473 praemiandum
1141 3418 1246 3456 aarum.

179 3491 324 3540 altomeris
332 3490 456 3540 tumetra.
735 3486 896 3535 Vehementer
922 3489 986 3535 enim
1013 3489 1119 3552 pertinet
1135 3485 1167 3532 tel
1184 3485 1247 3535 belle

217 3572 251 3618 X.
268 3585 290 3617 ι.
305 3568 437 3618 &tenuem
450 3567 485 3618 m·
496 3569 609 3618 militerr'r
615 3601 624 3626 ,
637 3582 691 3632 qna
734 3563 922 3622 administranda
929 3567 1002 3631 ‚qnid
1011 3567 1102 3626 horter,
1111 3563 1248 3628 qnldeoeii,

181 3647 264 3696 eladio
284 3659 310 3696 et
327 3648 474 3712 experiente
493 3649 637 3712 aequiritur.
655 3672 692 3684 -
734 3645 796 3709 quid
807 3646 897 3696 milites
915 3647 947 3695 de
964 3645 1152 3712 imperatoribus
1163 3643 1247 3692 eristi·

187 3725 690 3791 trinumquetnduogeeemdtvttttur,
733 3735 810 3774 ment.
835 3727 972 3774 harentia
994 3727 1056 3774 leun
1081 3723 1154 3772 eninr
1177 3723 1247 3772 duee

182 3819 259 3852 rnen
269 3803 378 3868 qnodtul
391 3803 561 3870 belleproprie
573 3805 690 3868 pertinet,
735 3803 811 3868 pluris
830 3814 867 3853 eet
886 3821 959 3868 φιιιιι
978 3805 1039 3854 alter
1061 3802 1192 3852 exereitus.
1209 3827 1247 3840 ·-

181 3881 391 3947 altumquodin
400 3883 509 3932 moribus
517 3883 689 3934 consideretur.
733 3883 898 3944 Felicitatem,
909 3885 979 3945 errius
988 3885 1013 3931 in
1024 3882 1092 3930 omni
1102 3897 1140 3940 re,
1148 3897 1247 3946 preser-

181 3962 240 4010 Non
249 3962 315 4010 emm
325 3962 375 4010 illte
385 3973 443 4010 unt
455 3963 513 4012 eolre
531 3963 631 4012 virtutes
643 3962 691 4008 im·
735 3961 781 4010 tim
794 3963 820 4012 in
830 3963 896 4015 bello
908 3971 1015 4027 potestte
1026 3959 1139 4010 maxima.
1148 3961 1246 4009 Donum

182 4041 323 4106 peretot-iae,
343 4055 400 4103 qnae
417 4039 491 4105 vulgo
511 4042 691 4100 existimentur,
736 4050 772 4088 ert
792 4041 913 4097 divinum,
927 4055 977 4102 quo
999 4040 1077 4104 pluris
1094 4041 1166 4090 etiem
1180 4040 1245 4090 eert-

181 4115 692 4185 laltorinnegotihlortltndoinperienlir,
735 4119 832 4170 menda.
