3018 4664
263 329 333 399 306
585 335 633 401 Μ.
657 333 696 400 Τ.
723 333 1002 404 CICERONIS

262 453 364 550 gulos
383 453 547 524 homines
564 453 700 550 jugera.
724 455 835 543 Quasi
852 477 939 528 vero
958 443 1140 553 paullum¹
1147 465 1157 497 ¹
1181 453 1327 528 differat

260 587 345 662 ager
360 569 583 661 Campanus,
605 587 646 636 ac
664 565 827 637 Stellatis.

308 680 352 744 Et
378 673 593 760 multitudo,
619 675 799 767 Quirites,
822 677 1011 773 quaeritur,
1035 697 1107 772 qua
1124 673 1183 746 illa
1200 678 1325 747 omnia

234 864 240 872 ¹
260 784 394 882 oppida
414 784 679 881 compleantur.
705 789 794 876 Nam
817 784 891 855 dixi
911 799 1033 870 antea,
1052 784 1129 884 lege
1147 787 1325 884 permitti,

258 909 316 980 ut,
331 917 411 990 qnae
424 894 536 964 velint
548 895 742 993 municipia
756 947 764 981 ,
779 918 868 993 quas
879 895 991 966 velint
1002 909 1141 966 veteres
1152 895 1324 984 colonias,

260 1005 396 1074 colonis
415 1006 488 1075 suis
505 1023 693 1103 occupent.
713 1005 888 1076 Calenum
906 1005 1146 1103 municipium
1168 1003 1325 1102 comple·

259 1113 373 1206 bunt3
399 1119 601 1188 Teanum1²
623 1118 852 1215 opprimeut;
873 1114 1044 1203 Atellam,
1064 1119 1216 1204 Cumas,
1235 1117 1326 1188 Nea·

259 1225 378 1322 polin,
393 1229 602 1324 Pompeios‚
616 1228 810 1300 Nuceriam
825 1226 899 1296 suis
912 1225 1086 1325 praesidiis
1101 1225 1324 1312 devincieut;

258 1336 427 1418 Puteolos
441 1333 583 1422 vero¹³‚
599 1339 662 1434 qui
681 1339 833 1408 nuncin
852 1359 917 1408 sua
936 1349 1113 1434 potestate
1134 1349 1237 1423 sunt,
1255 1355 1324 1406 suo

255 1448 337 1542 jure
357 1445 594 1543 libertateque
616 1459 788 1534 utamur,
813 1460 911 1518 totos
932 1469 1032 1518 novo
1055 1445 1194 1543 populo
1213 1459 1324 1541 atque

258 1557 462 1628 adventitiis
482 1559 595 1655 copiis
616 1555 861 1655 occupabunt.

306 1671 452 1738 XXXII.
483 1671 584 1738 Tunc
613 1667 702 1738 illud
730 1671 920 1763 Campanae
945 1664 1134 1736 vexillum¹
1154 1663 1323 1750 coloniae,

257 1775 492 1847 vehementer
516 1775 601 1846 huic
623 1777 776 1874 imperio
795 1775 1019 1862 timendum,
1043 1778 1197 1870 Capuae²
1216 1795 1238 1842 a
1258 1767 1323 1841 de·

258 1887 421 1957 cemvirie
446 1884 641 1974 inferetur3
672 1901 761 1957 tunc
776 1881 901 1958 contra
918 1883 1012 1955 hanc
1032 1880 1201 1966 Romam,
1225 1903 1324 1952 oom-

233 2019 405 2096 'munem
431 2000 580 2093 patriam
600 2000 761 2066 omnium
784 2010 972 2080 nostrum,
998 1992 1058 2063 illa
1076 1991 1187 2082 altera
1206 1995 1324 2061 Roma

256 2122 448 2204 quaeretur.
471 2113 512 2176 ln
532 2106 567 2177 id
590 2107 766 2204 oppidum
786 2106 951 2178 homines
972 2100 1098 2174 nefarii
1123 2099 1322 2198 rempubli-

257 2241 334 2288 cam
363 2232 524 2287 nostram
556 2215 749 2288 transferre
779 2229 960 2287 conantur
970 2211 997 2299 ³,
1020 2237 1095 2311 quo
1120 2213 1159 2282 in
1183 2207 1323 2308 oppido

255 2329 408 2423 majores
429 2329 537 2397 vestri
556 2328 691 2398 nullam
715 2329 863 2398 omnino
881 2322 1142 2422 rempublicam
1161 2345 1239 2392 esse
1256 2343 1322 2390 vo·

256 2440 428 2509 luerunt:
450 2441 514 2534 qul
545 2429 618 2508 'tres
651 2438 768 2508 solum
795 2435 904 2506 urbes
934 2437 971 2504 in
1001 2435 1107 2503 terris
1128 2427 1322 2516 omnibus,

255 2548 529 2645 Carthaginem,
553 2547 788 2632 Corinthum,
810 2551 970 2644 Capuam
990 2555 1194 2616 statuerunt
1214 2561 1322 2638 posse

255 2659 398 2756 imperii
419 2662 627 2756 gravitatem
655 2683 696 2728 ac
721 2681 854 2728 nomen
877 2657 1064 2726 sustinere.
1086 2652 1214 2726 Deleta
1237 2655 1322 2723 Car·

293 2895 332 2934 rt.
348 2880 463 2932 Paullum
476 2879 586 2946 differat.
603 2882 686 2942 Quum
701 2877 763 2928 Stel-
808 2877 898 2928 loriam
915 2872 1097 2939 proficiscente·
1113 2869 1320 2936 nequeuntem,

254 2963 309 3009 latis
328 2976 429 3025 campus
447 2960 508 3008 adeo
525 2977 540 3007 ι
564 2961 688 3024 Campano
706 2973 763 3022 agro
808 2951 1049 3019 dueeipsocoloniae
1058 2960 1192 3016 praeeunte.
1205 2947 1322 2998 ctrhit.

255 3042 363 3089 bonitate
377 3039 538 3103 discreparet,
552 3037 631 3086 multo
646 3036 764 3102 pluraju·
808 3036 849 3094 11,
867 3042 909 3090 to.
935 3031 1000 3080 Olim
1026 3029 1172 3094 legebatur,
1194 3025 1317 3076 exsilium.

254 3135 310 3184 gera
326 3119 538 3181 morantemque
555 3115 722 3173 attribuenda,
736 3125 764 3162 ut
807 3109 950 3160 Lautedano
968 3107 1107 3160 emendatio
1136 3107 1189 3156 hae
1217 3116 1317 3171 accepta

254 3201 308 3265 pari
321 3203 434 3265 portione¹
446 3201 593 3248 stamma.
615 3201 651 3246 De
665 3197 764 3246 stellare
808 3193 935 3240 referatur.
949 3191 975 3239 J.
989 3191 1020 3238 V.
1034 3191 1063 3237 1..

255 3295 341 3342 eampo
363 3279 415 3326 mse
437 3278 592 3326 doctissimus
614 3273 764 3339 Peregrlnlm
844 3287 870 3320 a.
888 3270 986 3335 Capua.
1000 3268 1066 3317 Olim
1079 3269 1217 3331 ιῦιρῑιιι.
1235 3261 1320 3311 hub.

255 3357 474 3420 campactum,
490 3357 533 3404 33.
807 3353 938 3414 ucapmm
959 3365 980 3398 ι,
1008 3349 1092 3411 Quum
1112 3347 1195 3410 Capua
1215 3352 1320 3408 propter

294 3451 333 3484 ra.
355 3437 469 3482 Teanum.
496 3435 590 3498 Nempe
611 3434 764 3492 aimoinum,
807 3427 875 3478 urbia
892 3443 952 3493 ope·
970 3439 994 3476 et
1012 3425 1210 3509 oppa-tunium
1228 3421 1319 3470 multo·

254 3515 322 3580 qnod
343 3515 368 3562 ln
389 3513 522 3578 'Campania
544 3523 610 3569 emt,
632 3523 661 3561 at
679 3521 764 3560 ceterae
808 3503 1320 3573 perekominlaeetettimmdmipotm·

252 3593 398 3643 laadatae'h:
407 3594 425 3641 l.
440 3593 521 3642 urbes.
537 3593 573 3640 De
584 3592 668 3640 Temo
680 3593 765 3651 altero,
808 3587 954 3636 tianlmlam
961 3595 1088 3645 metueret,
1095 3591 1226 3647 anguntur
1232 3580 1320 3630 Cierio

253 3673 303 3723 rid.
318 3663 473 3739 prolclaent.
486 3687 512 3736 9.
543 3678 546 3684 '
757 3690 761 3697 ·
789 3657 1319 3726 ·eotonumsubmttt0tnc·pmnrbem

293 3757 332 3806 1³.
359 3755 470 3803 Puteolos
491 3767 560 3802 am.
586 3751 679 3800 'Urbem
700 3751 764 3800 hane
808 3743 975 3793 deducendam
989 3745 1092 3809 imperio
1107 3757 1168 3790 rom.
1186 3739 1239 3787 iore
1252 3737 1319 3803 ptri·

251 3837 341 3884 Cicero
354 3849 401 3900 pro
414 3833 492 3884 Coello
506 3833 665 3897 municipium
677 3829 762 3896 appel·
808 3821 923 3871 aulonam·

252 3915 304 3972 lat,
322 3915 390 3962 unde
403 3921 469 3980 patet
482 3929 534 3962 eam
550 3905 692 3978 munlelpali
707 3912 763 3972 iure
842 3903 866 3950 3.
892 3898 1032 3966 morsm
1050 3909 1180 3948 eoram.
1204 3897 1240 3945 Ut
1258 3891 1318 3940 oiim

253 3994 299 4040 seui
310 4009 341 4040 ee
353 4007 411 4041 suos
423 3994 574 4056 magistratus
587 3991 684 4040 habere.
807 3979 837 4030 de
852 3979 1015 4030 mulctanda
1034 3977 1110 4027 Veioa
1126 3979 1206 4025 Ram
1225 3971 1320 4022 delibe-

287 4073 398 4118 xxxn.
413 4087 436 4118 ι.
455 4072 586 4120 Vexillum.
601 4069 665 4118 illud
678 4071 703 4119 in
718 4084 761 4117 co·
807 4071 883 4108 mum
898 4062 981 4108 fuerat·
