3020 4668
196 407 322 429 mm
326 403 1267 428 fflmfflmmmmmmmmm

436 632 1028 742 ARGUMENTUM.

199 906 231 959 P.
249 901 389 961 Servilios
401 902 503 960 Rullus
518 921 606 979 quum
618 921 665 974 se,
688 901 935 978 legemque,snam
955 899 1095 958 acerrime
1115 919 1131 957 a
1149 902 1266 960 consule

239 1005 279 1055 Μ.
296 1000 453 1069 Cicerone,
472 999 605 1057 mcundis
619 999 722 1078 populi
735 997 872 1068 auribus,
892 1009 1087 1075 oppugnatam
1110 1015 1172 1056 esse
1183 1017 1267 1077 supe·

240 1095 313 1152 riori
325 1095 456 1153 oratione
472 1096 606 1165 sentiret,
618 1095 649 1152 in
668 1095 857 1165 concionem,
877 1107 910 1152 ut
925 1112 1023 1152 coram
1041 1094 1158 1152 consule
1171 1095 1268 1152 disce-

240 1204 352 1270 ptaret,
370 1191 470 1249 venire
483 1211 542 1249 non
554 1205 597 1250 est
611 1211 713 1264 ausus,
729 1193 778 1249 sed
794 1190 940 1250 absentem
953 1209 1019 1248 eum
1033 1191 1110 1248 haud
1129 1191 1168 1250 ita
1181 1183 1277 1250 multo

240 1287 392 1366 postapud
401 1289 543 1366 populum
554 1289 721 1347 criminatus
735 1301 793 1360 est,
808 1288 906 1366 quod,
918 1289 1102 1346 Sullanorum
1116 1289 1207 1365 gratia
1219 1289 1270 1365 qui

240 1384 393 1442 latissimos
406 1403 491 1462 agros
506 1403 542 1442 ex
557 1383 739 1462 privatorum
753 1385 853 1462 spoliis
866 1384 1050 1442 continuatos
1064 1383 1269 1461 possidebant,

240 1482 303 1558 ipse
316 1482 434 1557 agrariae
447 1482 503 1558 legi
516 1495 545 1538 et
558 1480 718 1540 commodis
738 1479 830 1556 plebis
843 1479 1004 1542 obsisteret.
1027 1486 1100 1554 Quae
1116 1499 1206 1557 quum
1220 1481 1270 1540 Ci-

241 1597 309 1635 eero
325 1579 500 1656 accepisset,
515 1577 631 1655 dignam
651 1597 713 1636 rem
733 1597 794 1636 esse
809 1589 903 1650 ratus,
927 1596 1013 1656 qnam
1027 1580 1058 1635 in
1072 1578 1210 1636 cendone
1224 1597 1268 1637 re·

241 1675 368 1747 falleret,
382 1695 415 1733 ea
430 1675 570 1734 advocata
584 1675 660 1733 bane
673 1676 835 1733 orationem
849 1674 971 1745 habuit,
991 1675 1020 1732 in
1034 1693 1092 1752 qua
1105 1675 1269 1745 seminini,

240 1772 295 1829 nisi
307 1771 490 1850 reipublicae,
513 1773 630 1830 Rullum
648 1783 744 1829 autem
764 1773 888 1831 Sullanis
907 1785 936 1829 et
956 1773 1079 1835 maxime
1095 1791 1198 1830 socero
1212 1791 1266 1832 suo

241 1870 362 1947 Valgia,
376 1871 608 1947 proscriptorum
622 1870 699 1947 agris
714 1868 875 1943 ditissimo,
899 1871 1070 1927 consulere:
1085 1881 1116 1928 et
1129 1871 1267 1947 quoniam

240 1968 409 2024 Ciceronem
429 1965 554 2026 Sullanis
569 1967 663 2024 fauere
678 1965 790 2024 dixerat
805 1965 923 2038 Rullus,
940 1965 975 2024 ils
991 1975 1090 2024 auum
1104 1966 1195 2024 faveri
1208 1987 1267 2024 non

242 2075 376 2141 poterat,
389 2062 444 2120 nisi
458 2081 507 2120 eos
519 2061 630 2120 tribuni
642 2059 735 2140 plebis
747 2064 822 2140 agris
836 2061 982 2140 depellere
994 2073 1156 2131 tentarent,
1175 2073 1270 2121 osten-

243 2158 287 2218 dit
298 2172 398 2218 orator
408 2173 518 2218 tantum
532 2158 632 2218 abesse
643 2171 676 2218 ut
685 2161 749 2238 lege
756 2160 870 2238 agraria
884 2160 1007 2219 Sullanis
1021 2160 1082 2238 agri
1095 2159 1270 2233 adimantur,

245 2267 276 2314 ut
297 2256 318 2314 ii
336 2268 438 2314 contra
458 2256 666 2314 confirmentur
686 2275 719 2314 ae
745 2256 925 2326 sancientum
948 2255 1029 2333 quod
1052 2255 1271 2332 quadragesimo

245 2353 313 2431 legis
335 2355 430 2431 capite
448 2352 617 2412 cavebatur:
640 2359 735 2425 uQuae
756 2365 823 2430 post
841 2357 873 2416 C.
888 2354 1030 2423 Marium,
1053 2357 1106 2411 Cn.
1122 2353 1269 2430 Papirium

242 2453 374 2508 consules
385 2451 397 2523 (
407 2450 464 2508 boc
480 2462 533 2518 est,
547 2449 672 2527 aprime
686 2449 773 2508 Sullae
790 2449 940 2508 dictatoris
955 2455 1042 2520 anno)
1060 2448 1176 2526 publice
1189 2448 1270 2522 data,

243 2547 400 2624 assignata,
413 2545 547 2618 venditu,
559 2565 714 2616 concessa,
729 2562 859 2622 possessa
873 2561 949 2616 sunt,
962 2545 1058 2604 omnia
1072 2566 1107 2604 eo
1118 2547 1185 2623 jure
1197 2545 1268 2616 sint,

244 2656 276 2700 nt
292 2663 357 2720 quas
372 2643 483 2720 optimo
496 2641 563 2718 jure
577 2641 691 2719 privata
710 2643 799 2698 sint».
822 2646 916 2713 Quam
936 2641 1006 2718 legis
1022 2655 1133 2717 partem
1149 2642 1188 2698 ita
1209 2661 1274 2699 exa-

242 2742 314 2818 gitat
327 2753 435 2811 orator,
451 2753 484 2796 ut
494 2740 612 2797 Rullum
626 2733 718 2796 multo
733 2731 872 2796 audacius
886 2750 915 2796 et
932 2735 1064 2795 acerbius
1076 2757 1163 2814 quam
1176 2737 1272 2816 ipsum

242 2836 351 2896 Sullam
369 2835 469 2893 fecisse
486 2833 664 2892 demonstret
675 2818 686 2905 ,’
705 2833 816 2910 quippe
834 2834 885 2909 qui
902 2831 1030 2888 dictator
1043 2833 1274 2910 proscriptorum

243 2934 320 2992 bona
333 2933 454 2992 arbitrio
469 2932 586 3010 quidem
597 2932 743 2991 vendebat
755 2943 805 2990 aut
820 2931 921 3002 dabat,
945 2931 994 2989 sed
1007 2931 1086 2989 nulla
1098 2931 1127 2986 in
1144 2931 1274 2990 futurum

244 3032 305 3107 lege
321 3030 493 3108 possessioni
507 3029 629 3088 cavebat
641 3051 649 3096 ς
662 3029 762 3087 Rullus
777 3041 873 3086 autem
887 3047 922 3085 ea
935 3026 1077 3105 possideri
1093 3027 1196 3084 εοάειιι
1207 3027 1274 3104 jure

244 3145 278 3185 ae
292 3127 376 3185 titulo
391 3147 451 3204 quo
466 3127 543 3185 auita
557 3139 587 3185 et
601 3127 695 3205 patria
711 3126 791 3184 bona
805 3126 891 3193 velit,
904 3137 933 3182 et
955 3125 1010 3212 itaq
1030 3125 1143 3182 ratione
1165 3137 1273 3183 metum

243 3241 358 3281 omnem
372 3223 496 3282 Sullanis
511 3213 730 3300 possessoribus·
743 3221 860 3279 adimat.

285 3321 386 3398 ltaque
400 3320 430 3377 in
441 3319 563 3377 exordio
574 3318 748 3376 calumniam
761 3317 888 3388 refutat,
901 3335 958 3394 qtsa
975 3316 1085 3374 tribuni
1105 3316 1198 3396 plebis
1212 3319 1273 3378 ani-

244 3433 307 3474 mos
321 3435 461 3493 auresque
477 3415 580 3494 populi
600 3415 831 3491 compleverant,
853 3433 942 3490 quum
954 3411 1083 3471 dicerent
1103 3414 1273 3473 Ciceronem

245 3513 451 3589 gratificantem
477 3514 661 3572 Sullanarum
677 3512 900 3590 assignationum
921 3511 1135 3589 possessoribus
1154 3513 1274 3588 agrariae

245 3609 302 3684 legi
316 3623 345 3668 et
359 3610 518 3668 commodis
527 3609 621 3687 plebis
634 3607 787 3681 obsistere,
800 3627 863 3686 cap.
878 3629 903 3666 r.
914 3613 1012 3686 ltaque
1024 3612 1108 3668 docet
1119 3610 1197 3667 Rulli
1209 3609 1272 3686 lege

244 3707 349 3764 nemini
362 3707 512 3766 Sullanum
527 3723 626 3784 agrum
640 3704 749 3776 adimi,
769 3723 796 3762 n.
815 3704 871 3762 Sed
889 3705 986 3782 potins
1002 3705 1032 3762 id
1047 3706 1102 3781 agi,
1118 3719 1149 3762 ot
1159 3704 1271 3764 Sullani

245 3800 306 3878 agri
320 3802 439 3860 meliore
449 3801 515 3878 jure
528 3801 586 3860 sint
597 3843 605 3872 ,
618 3819 704 3878 quam
718 3800 740 3856 ii
751 3819 824 3876 quos
832 3799 955 3877 quisque
969 3799 1128 3857 hereditate
1139 3811 1273 3876 acceptos

246 3895 407 3976 possideat3
420 3909 560 3974 practerea
568 3895 687 3954 Rullum
698 3895 778 3954 aliud
788 3915 877 3974 genus
889 3895 1053 3952 donationis
1063 3895 1213 3967 inducere,
1221 3914 1275 3952 nee

245 3993 340 4052 solum
356 3993 486 4052 Sullanas
496 3992 690 4071 possessiones
703 3993 825 4060 sancire,
841 3991 1039 4049 verumetiam
1051 4009 1140 4049 noras
1153 3991 1276 4069 assigna-

248 4091 339 4149 tiones
348 4089 506 4162 instituere,
516 4087 654 4165 inprimis
663 4089 757 4168 Valgii
766 4088 859 4150 soceri
871 4087 915 4146 sui
927 4086 1085 4146 commodis
1096 4088 1277 4162 inser-viras.

1103 4210 1158 4254 21.
