3018 4664
429 661 505 764 M.
542 659 600 767 r.
639 589 1070 824 crouaouts

336 885 1153 1068 ORATIONES.

403 1363 485 1470 ut
522 1363 585 1466 L.
630 1310 1081 1493 Cartiman,

492 1571 724 1654 ORATIO.
748 1572 995 1671 TERTIA,

568 1753 634 1818 in
658 1751 913 1836 Qutnrras.

594 1931 882 1962 quon——

354 2125 548 2197 ORATIO
572 2127 739 2196 PRIMA
763 2127 827 2194 ET
852 2125 1124 2198 VICESIMA.

202 2329 229 2400 1.
252 2279 563 2416 Rementem,
593 2327 769 2418 Quirites,
803 2327 988 2424 vitamque
1019 2330 1183 2402 omnium
1208 2355 1271 2403 ve-

202 2449 339 2523 strum,
352 2434 471 2524 bona,
488 2433 672 2522 fortunas,
689 2437 878 2535 conjuges,
893 2437 1100 2538 liberosque
1116 2456 1274 2531 vestros,

201 2561 312 2644 atque
330 2545 401 2618 hoc
421 2545 644 2619 domicilium
666 2545 852 2620 clarissimi
872 2550 1033 2648 imperii,
1060 2549 1271 2626 fortunatis·

199 2657 327 2729 simam
346 2655 702 2757 pulcherrimamque
720 2657 873 2746 urbem,
892 2657 1073 2732 hodierno
1089 2658 1167 2752 die,
1187 2663 1272 2737 deo·

198 2791 282 2839 rum
296 2769 554 2840 immortalium
568 2793 711 2846 summo
726 2793 810 2868 erga
825 2791 891 2840 vos
906 2789 1047 2857 amore,
1063 2769 1271 2859 laboribus,

158 2945 162 2956 .
199 2879 376 2970 consiliis,
397 2879 638 2978 periculisque
658 2879 766 2968 meis,
785 2903 829 2950 ex
848 2877 1005 2950 flamma¹
1026 2894 1136 2975 atque
1151 2877 1270 2968 ferro,

199 3013 241 3059 ac
259 3013 360 3086 paene
377 3011 422 3060 ex
438 2987 601 3060 saucibus
617 2987 706 3058 fati²
721 3002 893 3086 ereptam,
906 3001 943 3059 et
957 2986 1062 3060 vobis
1081 3012 1269 3061 conserva·

197 3111 270 3168 tam
291 3122 333 3170 ac
352 3098 555 3169 restitutam
573 3094 712 3171 videtis.
732 3101 793 3188 Et,
819 3099 849 3170 si
872 3123 951 3170 non
975 3097 1120 3171 minus³
1137 3097 1268 3172 nobis⁴

232 3339 253 3386 1.
273 3353 295 3386 r.
318 3321 476 3406 lixflamma
491 3347 565 3402 atque
572 3333 653 3402 ferro.
672 3339 711 3388 Ex
755 3336 807 3384 viru
824 3336 867 3385 inti
887 3329 981 3387 elucere
997 3337 1177 3390 arbitrabantur
1188 3356 1196 3400 ;
1207 3341 1270 3390 inde

195 3413 317 3466 incendiis
333 3427 358 3467 et
369 3417 443 3467 cede.
457 3417 604 3483 Hypelltge.
744 3409 844 3467 'fectum
865 3418 969 3484 opinor,
981 3431 1011 3469 nt
1028 3422 1101 3470 morti
1115 3432 1188 3487 etque
1205 3422 1267 3471 inte-

232 3513 256 3545 α.
276 3499 318 3544 Ex
328 3493 518 3564 fhocibusfati.
536 3495 711 3563 Metepltorea
754 3493 813 3547 ritui
828 3498 870 3546 letl
882 3515 972 3547 nornen
987 3499 1124 3551 tribuerint.

195 3575 253 3623 ferie
270 3576 352 3624 ducta.
372 3573 510 3625 Credebant
528 3587 639 3637 veteres,
659 3591 711 3641 qno
791 3577 816 3626 3.
829 3577 894 3644 Etsi
904 3593 954 3626 non
965 3577 1054 3630 minus.
1068 3583 1268 3644 Argumentum

194 3656 311 3719 temporie
324 3666 418 3720 puncto
435 3655 491 3720 quie
513 3667 710 3717 nasceretur,eo
754 3655 815 3722 pari.
836 3655 904 3705 Perit
929 3667 986 3706 tunt
1010 3657 1116 3707 condere
1135 3657 1221 3706 orbem
1242 3669 1268 3707 et

194 3735 250 3797 ipso
259 3734 363 3782 inoliter
373 3735 491 3783 constitui
504 3735 534 3784 de
549 3745 711 3800 mortemque
755 3735 880 3785 conditam
894 3753 996 3786 arven.
1006 3741 1043 3798 le,
1055 3737 1097 3802 qni
1112 3737 1198 3786 urbem
1210 3750 1268 3786 eon·

196 3811 298 3858 interitu
307 3812 399 3876 ipsine3
408 3814 476 3876 qnod
485 3815 577 3864 indicat
587 3815 627 3864 bio
636 3817 712 3864 verei-
756 3813 864 3879 didir,tn
872 3815 975 3865 deornm
980 3832 1109 3866 nnmerum
1122 3817 1211 3865 relatus
1219 3829 1267 3875 αις

195 3889 268 3937 eninr
281 3889 377 3938 Manilii
388 3890 557 3942 :«Naeoentee
576 3895 710 3958 morimur,
756 3896 834 3960 igitur
847 3907 871 3944 et
889 3895 909 3944 ie
928 3895 971 3960 qni
987 3895 1094 3944 eamdem
1108 3896 1225 3955 cerredi,
1242 3897 1269 3944 in

194 3965 299 4033 linitque
314 3969 345 4018 ab
359 3969 454 4034 origine
465 3971 555 4036 pendet
565 3995 586 4021 ι.
599 3975 632 4023 lit
647 3975 709 4022 illud
753 3974 848 4023 honore
860 3984 885 4023 et
900 3973 968 4039 apud
982 3991 1028 4023 rot
1039 3983 1063 4022 et
1073 3973 1139 4040 apnd
1156 3987 1268 4040 posteros

195 4049 293 4096 Senecae
303 4051 479 4116 :nl’rimneqne
489 4051 541 4100 dier
551 4051 618 4102 dedit
630 4065 709 4103 exue·
753 4070 805 4103 eece
822 4054 930 4102 debebit.

194 4142 291 4178 mum».
312 4129 395 4196 mque
408 4127 453 4180 bec
467 4131 621 4197 potissimum
640 4133 665 4182 tu
683 4149 709 4181 re
780 4139 1271 4208 a.Nobr'sjuwndt‘arqreillosmr.Illur-
