2934 4680
304 360 505 430 ORATIO
529 359 638 428 PRO
662 359 798 429 LEGE
821 359 1060 429 MANILIA.
1171 362 1220 456 [59

147 481 226 553 simi
244 478 532 577 fortissimique⁹
551 470 690 566 essent,
709 501 819 576 eques
832 503 1004 552 romanus
1021 477 1067 552 ad
1083 479 1222 552 bellum

145 591 347 662 maximum
368 587 818 686 formidolosissimumque
839 590 1074 686 proconsule
1100 591 1220 662 mitte-

146 703 269 774 retur?
289 702 420 772 missus
439 714 503 771 est.
525 703 610 791 Quo
627 699 775 796 quidem
792 713 972 802 ternpore,
995 724 1111 797 quum
1129 715 1223 774 esset

146 836 222 882 non
240 836 354 884 nemo
365 813 404 882 in
416 824 564 898 senatu,
580 811 644 907 qui
658 807 810 897 diceret,
826 814 932 883 «Non
943 825 1113 907 oportere
1129 813 1224 883 mitti

147 919 362 992 «hominem
395 923 577 1017 privatum
613 941 681 1022 pro
725 918 923 1008 consules3
960 925 999 992 L.
1034 920 1223 1021 Philippus

146 1030 277 1103 dixisse
288 1043 322 1076 ¹⁰
347 1031 496 1118 dicitur,
525 1061 542 1096 α
557 1032 641 1101 Non
669 1043 707 1102 se
739 1029 843 1101 illum
857 1035 932 1101 'suu
955 1032 1131 1102 sententia
1153 1057 1222 1130 pro

147 1144 345 1230 «consule,
372 1141 435 1213 sed
460 1165 529 1239 pro
555 1139 766 1214 consulibus
792 1143 971 1211 mitteres.
992 1145 1105 1212 Tanta
1124 1144 1162 1212 in
1181 1167 1225 1214 eo

147 1245 357 1350 reipublicae
395 1251 503 1323 bene.
525 1248 690 1349 gerendus
724 1273 806 1347 spes
839 1249 1148 1338 constituebatur,
1182 1265 1226 1323 ut

149 1360 308 1433 duorum
340 1361 531 1434 consulum
553 1373 692 1431 munus'
712 1358 1076 1431 unius'adolescentis
1101 1360 1226 1438 virtuti

149 1474 451 1542 committeretur.
462 1470 570 1562 'Quid
584 1484 658 1541 tam
677 1469 875 1568 singulare,
886 1451 1052 1566 quamfut
1062 1493 1107 1541 ex
1124 1493 1226 1542 sena·
1323 1507 1328 1517 ·

150 1581 379 1652 tusconsulto
394 1579 535 1678 legibus
550 1579 743 1668 solution,
753 1579 882 1650 consul
896 1593 978 1651 ante
988 1578 1225 1677 fieret‚quam

148 1689 264 1762 ullum
280 1689 395 1762 alium
409 1691 657 1788 magistratum
671 1714 738 1787 per
749 1690 848 1786 leges·
859 1711 988 1786 capere
1001 1689 1228 1764 licuisset¹²l

149 1800 238 1896 quid
252 1815 329 1872 tam
347 1801 577 1888 incredibile,
592 1824 703 1898 quam
716 1814 757 1870 ut
775 1803 906 1872 iterum
923 1824 1034 1897 eques
1050 1825 1225 1874 romanus

150 1935 191 1980 ex
213 1909 532 1996 senatusconsulto
559 1901 861 2006 triumpharet¹³l
883 1913 972 2000 Quoe
994 1911 1033 1980 in
1054 1907 1225 1984 omnibus

150 2016 363 2090 hominibus
381 2043 474 2089 nova
493 2033 576 2115 post
591 2015 783 2088 hominum
800 2021 1011 2090 memorium
1030 2023 1226 2094 constituta

150 2144 253 2215 sunt,
272 2151 314 2200 ea
331 2143 406 2198 tam
420 2127 532 2198 multa
547 2151 623 2197 non
641 2140 743 2215 sunt,
764 2145 875 2224 quam
887 2128 980 2217 haec,
999 2153 1081 2226 quae
1097 2132 1136 2200 in
1154 2129 1226 2202 hoc

149 2263 226 2308 uno
241 2239 390 2310 homine
409 2237 574 2309 vidimus.
596 2243 715 2335 Atque
734 2237 809 2309 haec
827 2253 884 2310 tot
900 2239 1082 2337 exempla,
1104 2253 1224 2327 tauta,

150 2372 194 2420 so
214 2363 291 2420 tam
307 2373 430 2438 nova,
452 2346 614 2446 profecta
635 2361 720 2418 sunt
742 2346 985 2420 irs-eumdem·
997 2348 1183 2420 hominem
1203 2371 1225 2420 a

151 2570 457 2670 amplissimorum
474 2570 666 2642 hominum
684 2567 909 2640 auctoritate.

185 2750 212 2798 9.
224 2735 339 2782 Consules
349 2732 476 2783 elan'ssimi
482 2731 662 2796 sbnrisimiqus.
707 2742 836 2796 antequam
848 2731 951 2789 besmt,
968 2747 1000 2780 ex
1020 2732 1101 2796 equite
1119 2747 1221 2784 somme

153 2813 291 2862 Munius
310 2815 399 2861 Brutus
416 2823 441 2862 et
457 2815 535 2879 Mum.
552 2812 664 2860 AEmilius
708 2813 884 2860 consulisctns
897 2821 941 2860 est.
1045 2835 1048 2842 .

153 2891 265 2957 lepidus.
276 2893 415 2940 -Bellum
428 2891 569 2942 maximum.
580 2894 665 2940 Serto·
747 2906 786 2939 ra.
807 2889 929 2937 Licuisset.
943 2887 1044 2936 Nullum
1057 2900 1128 2938 autes
1145 2891 1222 2955 mugi·

153 2971 258 3028 risuum,
267 2970 309 3018 oui
319 2969 369 3019 dur
379 2986 442 3018 uuus
449 2973 481 3034 Q.
488 2969 604 3018 Metellus
613 2985 663 3018 uon
708 2979 808 3018 stratum
816 2984 860 3026 ‚ns
867 2977 1011 3030 quaesturam
1020 2967 1133 3030 quidem,
1143 2985 1221 3034 neque

153 3047 262 3097 sufficere
279 3047 418 3116 ridebatur.
435 3074 470 3086 -
488 3051 538 3096 Pro
558 3048 663 3095 consuls.
708 3059 816 3113 reperet,
828 3047 952 3110 nequesi,
963 3046 1166 3112 uempejuniori,
1177 3063 1221 3114 per

154 3126 323 3176 Proconsulsri
338 3127 452 3191 imperio,
461 3139 488 3176 ut
502 3127 604 3176 Metello
620 3143 665 3192 pur
706 3125 772 3190 leges
784 3141 870 3190 erpere
883 3125 993 3175 licuerat.
1026 3183 1031 3192 ι

154 3206 422 3256 uses-uiuerent.
436 3210 664 3270 Asenstu,uama
747 3209 786 3255 13.
821 3195 998 3270 Triumpltarst.
1025 3207 1063 3253 Ex
1087 3205 1220 3272 Hispania,

154 3285 248 3350 populo
256 3285 385 3349 imperium
394 3299 446 3332 non
453 3285 556 3349 sucepit.
705 3287 773 3354 'ricto
783 3287 987 3350 Sertorio‚quurn
996 3297 1066 3334 antea
1076 3287 1221 3352 triumphus-

190 3379 230 3414 ιο.
243 3364 370 3432 Philippus
384 3363 485 3412 drlrs'sss.
498 3363 542 3412 Ille
556 3363 664 3429 optimus
707 3375 744 3416 set
765 3383 796 3414 ex
815 3366 914 3425 Africa,
933 3367 1001 3416 victo
1022 3367 1121 3416 Hiarba.
1138 3368 1220 3416 Primo

152 3435 201 3492 erat
209 3460 260 3492 sua
269 3445 346 3512 retusis
357 3454 442 3492 orator
452 3454 507 3508 post
515 3447 543 3492 1..
553 3445 664 3493 Crassum
708 3445 867 3509 triumphavit
886 3446 1030 3510 Pompeius,
1048 3448 1122 3495 unius
1145 3447 1220 3494 Sullae

154 3524 222 3570 etM.
239 3522 385 3572 Antonium.
399 3523 493 3584 Quum,
508 3523 589 3586 iuquit
608 3521 665 3571 Plu·
707 3523 880 3591 rempublicam
905 3523 1063 3588 gubernantis
1084 3526 1220 3588 permissas,

156 3601 228 3650 ureb.
236 3602 337 3666 quidum
349 3603 485 3664 miraretur,
493 3601 561 3665 quod
571 3589 666 3664 Pbilip·
706 3586 800 3672 bbsqus
813 3602 865 3650 ullo
874 3601 1084 3650 senatuswusulto
1096 3612 1120 3650 et
1132 3603 1221 3666 populi

155 3695 198 3743 pus
205 3681 350 3746 Pompeium
360 3682 509 3746 proconsule
519 3681 665 3729 mittendum
707 3682 849 3748 rogatione3
859 3681 967 3728 secundo
979 3691 1059 3730 autern
1069 3695 1098 3728 ez
1109 3691 1219 3728 senatus-

154 3759 327 3822 arbitraretur,
347 3761 473 3826 respoudit
487 3761 527 3810 ille
548 3783 561 3804 ι
570 3777 622 3809 uon
639 3777 665 3808 se
709 3761 924 3823 consulto‚ansm
931 3759 1038 3823 populus
1045 3757 1076 3805 ab
1082 3758 1147 3806 Sulla
1154 3760 1219 3808 mul·

154 3838 219 3886 illum
228 3857 275 3904 pro
284 3841 401 3899 consule,
415 3841 458 3888 sed
467 3857 513 3904 pro
525 3839 665 3888 consulibus
710 3843 740 3890 tis
757 3851 856 3898 exutus,
873 3840 907 3887 iu*
918 3837 1073 3887 decernendis
1091 3839 1222 3903 triumphis

155 3918 247 3966 mittere
260 3934 291 3976 ις
316 3921 385 3982 qussi
409 3921 533 3983 utriusqus
558 3919 665 3970 consulis
709 3921 801 3970 nulum
814 3929 907 3984 purtem
920 3916 1028 3966 baberet.

154 3997 271 4060 ignaviam
283 3997 383 4048 rideret.
746 4010 785 4058 14.
804 4000 834 4062 Q.
851 3996 937 4045 canti.
951 3995 1001 4057 Qui
1014 4012 1080 4044 nune
1093 3999 1219 4047 Manilium

191 4092 231 4124 ss.
248 4077 352 4142 Legibus
367 4077 467 4126 sursus.
485 4079 565 4126 Annis'
580 4077 665 4128 decem
707 4079 785 4144 legem
800 4074 931 4126 dissuadet.
952 4075 1017 4123 Olim
1037 4075 1154 4126 edebatur
1171 4079 1221 4127 Ca·

251 4166 313 4234 111.
341 4153 567 4240 oronnam
1095 4167 1121 4249 ,l
