3018 4664
250 369 321 444 360
562 373 609 440 Μ.
637 373 674 441 Τ.
700 372 990 446 CICERONIS

248 492 331 562 dem
349 494 386 560 in
405 488 473 560 hac
493 489 677 587 republica
698 515 772 562 non
792 491 910 562 solum
930 490 1091 564 tenebris
1104 498 1311 583 vetustatis,

247 593 498 674 verumetiam
516 600 596 671 luce
613 599 787 672 libertatis
798 611 826 655 ¹7
846 625 1016 700 oppressa
1035 616 1129 672 sunt.

295 717 338 784 V.
363 717 416 783 An
436 735 541 795 vero,
558 711 587 781 si
605 712 697 782 actio
714 711 782 782 ista
798 711 982 810 popularis
1000 727 1113 801 esset,
1132 726 1189 801 et,
1207 715 1237 784 si
1252 715 1310 784 ul-

248 821 318 892 lam
337 833 475 920 partem
500 821 676 918 aequitatis
695 819 844 892 haberet
861 835 923 892 aut
935 823 1046 916 juris,
1066 825 1106 892 C.
1126 823 1309 895 Gracchus

248 953 327 1001 eam
346 928 549 1026 reliquisset
560 930 597 998 ¹?
612 930 752 1000 Scilicet
769 928 834 1000 tibi
852 933 1053 1028 graviorem
1072 931 1234 1004 dolorem
1249 957 1311 1032 pn·

246 1042 320 1110 trui
345 1041 397 1110 tui
423 1050 544 1110 mors²
570 1039 708 1126 attulit,
733 1063 842 1135 quam
867 1045 906 1111 C.
933 1039 1096 1112 Graccho
1117 1039 1253 1131 fratris3
1273 1057 1311 1114 et

245 1146 312 1219 tibi
331 1148 496 1220 acerbior
516 1149 594 1244 ejus
616 1149 735 1246 patrui
755 1164 944 1236 moreest,
976 1175 1087 1248 quem
1110 1175 1310 1248 numquam

245 1257 386 1345 vidisti,
409 1283 517 1356 quam
538 1257 591 1329 illi
609 1259 687 1352 ejus
709 1256 845 1347 fratris,
866 1263 1014 1355 quicum
1033 1259 1309 1332 concordissime

246 1369 402 1454 vixerat3
421 1384 457 1439 et
474 1367 598 1440 similis
619 1365 712 1438 viri³
735 1383 777 1439 tu
797 1369 978 1440 ulcisceris
996 1372 1114 1466 patrui
1137 1384 1310 1458 mortem,

246 1495 356 1577 atque
380 1479 440 1549 ille
469 1491 746 1577 persequeretur
775 1475 893 1549 fratris
923 1481 998 1564 sui,
1025 1481 1055 1548 si
1082 1479 1150 1550 ista
1170 1481 1310 1550 ratione

247 1613 352 1687 agere
378 1589 570 1677 voluisset3
589 1604 625 1659 et
643 1614 709 1686 par
730 1587 946 1660 desiderium
965 1590 1022 1660 sui
1041 1589 1189 1685 reliquit
1212 1588 1309 1687 apud

246 1699 425 1798 populum
456 1723 647 1770 romanum
678 1696 855 1770 Labienus
885 1699 970 1784 iste,
1001 1713 1154 1796 patruus
1178 1713 1309 1784 vester,

247 1809 412 1908 quisquis
430 1806 515 1896 luit,
535 1833 575 1880 ac
596 1808 674 1879 Tib.
695 1807 879 1879 Gracchus
895 1807 1109 1903 reliquerat?
1125 1810 1180 1877 An
1198 1808 1309 1903 pietas

247 1935 311 1991 tua
328 1921 455 2015 major,
469 1943 581 2016 quam
599 1917 776 1990 Gracchi?
791 1942 839 1988 nn
854 1917 1021 1988 animus?
1035 1941 1080 1987 an
1098 1917 1310 1987 consilium?

248 2053 293 2098 an
307 2029 421 2125 opes?
438 2051 483 2097 an
503 2027 716 2099 auctoritas?
733 2053 780 2098 an
800 2027 1032 2123 eloquentia?
1048 2051 1129 2123 quae
1145 2027 1174 2097 si
1191 2028 1231 2096 in
1245 2025 1309 2096 illo

247 2139 396 2208 minima
407 2136 576 2224 fuissent,
587 2151 707 2209 tamen
720 2161 792 2234 prae
805 2141 875 2207 tuis
889 2135 1142 2208 facultatibust
1156 2138 1310 2209 maxima

249 2262 475 2346 putarentur.
494 2251 616 2339 Quum
635 2271 721 2318 vero
739 2246 795 2318 his
815 2245 924 2318 rebus
947 2245 1118 2318 omnibus
1136 2251 1175 2318 C.
1199 2249 1308 2316 Grac-

248 2357 338 2428 chus
369 2380 496 2429 omnes
523 2358 666 2442 vicerit,
699 2372 876 2454 quantum
910 2356 1137 2428 intervallum
1164 2354 1309 2426 tandem

248 2472 342 2538 inter
360 2482 396 2538 te
413 2483 522 2564 atque
539 2467 642 2552 illum
661 2467 889 2559 interjectum
913 2467 1043 2563 putas?
1063 2464 1133 2537 Sed
1151 2488 1309 2536 morere-

248 2593 307 2652 tur
329 2577 429 2675 prius
451 2575 676 2648 acerbissima
692 2573 808 2648 n'rorte
829 2573 957 2646 millies
978 2573 1182 2661 Gracchus,
1199 2579 1309 2671 quain

247 2689 286 2757 in
299 2687 374 2782 ejus
388 2689 561 2774 concione
574 2683 732 2758 carnifex
746 2686 974 2757 consisteret:
987 2709 1096 2782 quern
1112 2709 1186 2755 non
1202 2683 1311 2755 modo

248 2796 350 2884 foro,
367 2795 429 2876 sed
450 2798 558 2876 etiam
577 2796 664 2873 caelo
682 2795 753 2884 boc
773 2819 814 2867 ac
834 2795 964 2892 spiritu
980 2791 1173 2866 censoriae⁵
1193 2793 1310 2892 leges,

249 2921 359 3004 atque
378 2904 479 2976 urhis
499 2905 683 2977 domicilio
701 2929 821 2976 carere
838 2905 1040 2976 voluerunt.
1058 2907 1123 2975 Hic
1137 2929 1175 2975 se
1191 2927 1310 3002 popu·

248 3015 357 3087 larem
377 3013 496 3086 dicere
512 3013 641 3102 audet,
661 3039 720 3086 mc
739 3013 895 3085 alienum
914 3040 934 3086 a
950 3012 1150 3086 commodis
1166 3016 1311 3100 vestris;

286 3219 399 3279 17.eree
411 3218 537 3269 libertatis.
550 3221 612 3284 Qne
623 3221 713 3268 munite
721 3229 758 3268 eet
796 3216 874 3282 jum
886 3233 940 3281 que
961 3217 1034 3267 verba
1056 3215 1183 3266 Schiitzina
1202 3215 1309 3267 admisit,

250 3297 428 3348 edverruahoec
442 3299 571 3362 supplicia.
800 3297 1312 3361 J.v.h-vutg·toerenmat:ranuus

283 3371 316 3416 V.
333 3383 355 3417 ι.
369 3369 433 3416 Eam
447 3367 585 3438 reliquisset.
596 3372 687 3418 Annon
706 3371 758 3417 Sci·
802 3379 871 3439 cuju
883 3389 986 3428 monem
1007 3377 1091 3426 ulcisci
1112 3377 1312 3442 quarie,similie

249 3447 349 3511 pionem
361 3445 474 3510 Nasium
488 3448 661 3513 perduellionis
671 3461 757 3516 postu·
801 3458 990 3512 menullino
1001 3458 1081 3509 lrrtris
1090 3457 1311 3520 cujueiuterlecto·

248 3525 321 3574 lmet
330 3525 359 3574 C.
368 3526 503 3587 Gracchus,
513 3528 557 3594 qui
567 3530 668 3577 maxime
679 3545 758 3600 popu·
802 3551 840 3584 ra
849 3537 877 3586 c,
890 3537 1013 3592 Gracchus
1023 3546 1084 3586 erret
1101 3545 1272 3601 persequutus,
1290 3537 1311 3584 si

248 3603 305 3660 laris
325 3603 382 3662 luit,
397 3619 473 3668 qutun
492 3607 543 3666 ejus
558 3607 632 3656 freter
647 3607 759 3656 tribunus
801 3613 845 3662 illo
867 3614 1039 3679 perduellionis
1056 3614 1150 3677 judicio
1171 3631 1243 3679 agere
1262 3631 1311 3662 vo-

249 3683 284 3748 pl.
296 3699 372 3732 caesne
391 3695 464 3742 esset,
483 3686 504 3732 si
518 3687 675 3750 quaestionem
688 3687 758 3754 istem
802 3694 899 3742 luisset?

250 3760 423 3826 perduellionis
435 3761 564 3826 legitimam
581 3766 707 3833 putrent?
839 3771 1048 3828 efferatioribus.
1060 3773 1093 3821 111
1103 3771 1177 3820 rebus
1186 3787 1241 3836 que
1250 3773 1276 3820 in
1286 3783 1312 3821 te

285 3855 313 3889 e.
326 3842 413 3892 Patrai
422 3843 460 3890 tui
468 3857 538 3889 mors.
551 3843 613 3900 Cum
626 3845 757 3896 suumino
801 3849 974 3912 quntNerbnrn
986 3849 1034 3898 hoc
1043 3861 1132 3901 temere
1143 3851 1253 3898 Ernestio
1263 3851 1312 3899 fuit

250 3917 381 3973 incedent
801 3939 951 3993 suspectum.

286 3997 310 4043 3.
324 3999 392 4044 Unus
401 3997 547 4048 eoduma.
554 3999 626 4048 hebet
633 3997 714 4050 similis
716 3999 757 4062 ju·
837 4007 861 4056 5.
876 4006 998 4058 Censorio.
1009 4007 1082 4072 leges.
1100 4007 1124 4054 Δ
1143 4007 1235 4056 Catone
1244 4007 1314 4071 Cen2

249 4069 363 4138 r1'5uqde
377 4075 449 4129 Beck.
468 4077 595 4147 legendum
606 4079 671 4144 conj.
683 4079 758 4129 simili
801 4100 856 4134 sore
875 4085 947 4148 leta,
960 4096 985 4134 et
994 4088 1046 4147 ejus
1059 4087 1174 4150 gravitate
1188 4085 1275 4154 plener.
