2956 4676
361 411 551 480 ORATIO
575 412 675 480 PRO
699 414 746 486 A,
766 413 1042 484 CLUENTIO.
1171 417 1236 490 115

167 518 369 631 praesertim
389 532 427 602 in
454 531 557 618 ioco,
581 529 793 635 confiteri),
820 535 921 631 quod
947 537 1140 634 Oppianici
1162 565 1238 610 non

166 641 280 714 modo
300 645 394 728 rita,
421 640 611 714 sedetiam
633 666 769 716 nomen
787 659 871 718 ante
890 644 980 718 illud
1002 663 1146 746 tempus
1169 675 1237 747 po·

166 754 257 852 pulo
272 754 439 849 ignotum
457 750 601 840 fuisset3
615 752 904 851 indignissimum
920 781 1031 855 porro
1047 756 1240 848 videretur,

167 865 458 934 circumventum
476 885 552 934 esse
565 860 797 935 innocentem
815 869 986 961 pecunia3
1000 866 1094 940 hane
1107 867 1240 944 deinde

167 973 414 1069 suspicionem
434 986 583 1068 augeret
601 973 735 1044 stateni
748 973 977 1072 improbitas,
994 989 1030 1046 et
1045 979 1240 1052 nonnullo·

166 1107 252 1154 nrm
272 1081 350 1177 ejus
366 1081 535 1154 similium
550 1081 716 1177 judicum
735 1083 945 1182 turpitudo;
959 1110 1104 1160 causam
1118 1103 1240 1161 autem

168 1207 293 1291 ageret
317 1197 367 1264 Ιι.4
383 1193 574 1283 Quintius,
607 1192 719 1265 homo
753 1219 869 1290 quum
895 1219 1037 1267 summa
1063 1211 1240 1294 potestate

168 1303 360 1401 praeditus,
382 1317 460 1374 tum
479 1302 524 1374 ad
545 1302 824 1376 inflammandos
840 1309 980 1377 animos
998 1307 1241 1387 multitudinis

168 1412 490 1487 accommodatus:
511 1438 692 1487 summam
714 1415 767 1486 illi
784 1413 926 1511 judicio
948 1415 1121 1488 invidiam
1149 1417 1242 1490 infa-

167 1527 353 1622 miamque
373 1548 451 1596 esse
477 1521 680 1596 conflatam.
711 1530 831 1623 Atque
854 1527 891 1596 in
916 1521 1041 1597 hanc⁵
1060 1524 1243 1626 flammam

89 1707 92 1712 s
166 1650 373 1719 recentem,
394 1637 433 1706 C.
457 1638 626 1723 inuium,
654 1638 719 1732 qui
742 1634 794 1706 ilti
820 1636 1010 1733 quaestioni
1029 1636 1242 1734 praefuerat,

167 1745 343 1839 injectum
363 1769 441 1816 esse
460 1746 630 1832 memini,
647 1759 684 1816 et
702 1745 804 1816 illum
828 1745 1014 1819 hominem
1033 1746 1242 1839 aedilitium,

164 1856 243 1951 jam
269 1869 461 1952 praetorern
489 1852 726 1952 opinionibus
756 1855 947 1926 hominum
980 1858 1243 1946 constitutum,

167 1990 246 2036 non
261 1965 523 2063 disceptatione
538 1963 700 2054 dicendi,
720 1964 784 2036 sed
800 1965 956 2037 clamore
970 1965 1179 2056 hominurn,
1197 1967 1243 2042 de

166 2072 275 2148 foro⁶
293 2089 403 2172 atque
420 2073 510 2146 adeo
527 2074 572 2145 de
593 2077 737 2146 civitate
756 2099 836 2146 esse
854 2075 1051 2146 sublatum.

218 2189 348 2283 Neque
363 2209 423 2256 me
438 2187 592 2281 poenitet
605 2184 677 2256 hoc
694 2186 815 2282 potius
833 2200 1013 2284 tempore,
1029 2209 1140 2282 quam
1157 2187 1241 2278 illo,

166 2321 314 2368 causam
345 2300 386 2367 Α.
420 2297 577 2368 Cluentii
610 2295 815 2368 defendere.
848 2301 962 2368 Causa
992 2299 1090 2367 euim
1121 2313 1243 2372 manet

167 2407 320 2493 eadem,
350 2431 430 2504 quae
460 2409 591 2478 mutari
623 2407 726 2478 nulio
753 2406 864 2478 modo
893 2422 1040 2506 potest:
1065 2411 1242 2507 temporis

167 2522 342 2618 iniqmtas
359 2535 470 2618 atque
486 2519 623 2592 invidia
636 2521 803 2608 recessit,
820 2536 881 2608 ut,
900 2521 1001 2618 quod
1019 2523 1057 2592 in
1076 2537 1241 2623 tempore

166 2629 253 2702 mali
267 2629 351 2718 fuit,
365 2630 453 2702 nihii
472 2629 588 2719 obsit3
608 2629 710 2728 quod
728 2633 764 2702 in
780 2655 884 2702 causa
904 2631 993 2702 boni
1012 2631 1101 2720 fuit,
1115 2635 1240 2730 prosit.

167 2745 298 2838 Itaque
310 2765 408 2812 nunc
420 2740 731 2838 quemadmodum
746 2740 884 2828 audiar,
898 2744 1032 2827 sentio,
1045 2769 1119 2814 nou
1130 2745 1241 2816 modo

166 2849 216 2922 ab
231 2851 291 2934 iis,
310 2874 468 2948 quorum
481 2849 659 2946 judicium
673 2866 783 2949 atque
797 2866 955 2950 potestas
970 2866 1044 2940 est;
1059 2852 1123 2923 sed·
1134 2857 1241 2926 etiam

166 2959 215 3032 ab
237 2961 325 3050 illis,
346 2985 505 3059 quorum
531 2975 673 3032 tantum
701 2976 756 3032 est
784 2963 1009 3032 existimatio.
1036 2970 1184 3034 Attum
1211 2966 1242 3037 si

167 3071 330 3143 dicerem
340 3083 367 3160 ⁷,
386 3097 462 3142 uon
483 3070 648 3144 audirer:
669 3096 744 3143 non
765 3071 867 3168 quod
883 3071 950 3142 alia
968 3097 1024 3142 res
1038 3087 1150 3159 esset,
1166 3074 1241 3146 imo

167 3183 316 3274 eadem,
335 3181 399 3254 sed
418 3197 565 3282 tempus
584 3182 692 3254 aliud.
708 3180 751 3255 Id
769 3179 881 3254 adeo⁸
901 3184 952 3254 sie
970 3185 1187 3280 cognoscite.

204 3435 231 3482 5.
251 3435 283 3480 In
301 3431 366 3480 isene
374 3433 519 3500 stammam.
542 3433 638 3479 Recens
656 3429 682 3477 td
764 3431 789 3478 6.
811 3431 848 3477 De
859 3427 932 3494 soro¹
952 3431 1094 3480 Honoribus
1115 3449 1180 3497 qnos
1198 3445 1241 3484 sut

166 3513 269 3562 invidiae
281 3511 421 3560 incendium
433 3513 469 3560 M.
484 3510 587 3560 Junimn
600 3509 683 3558 absos·
727 3521 843 3574 gesserat,
852 3521 894 3558 aut
906 3511 1026 3576 sperabat,
1039 3522 1063 3560 et
1074 3513 1178 3560 civitatis
1186 3513 1242 3573 jure

167 3593 234 3659 psit,
243 3591 385 3657 questionis
391 3589 515 3651 iudicem,
526 3591 568 3653 qui
578 3588 610 3637 sd
620 3603 683 3654 prae·
726 3597 763 3636 est
774 3587 883 3640 orbatus.
891 3619 926 3628 -·
939 3591 1012 3654 Quod
1017 3591 1042 3638 r'rs
1052 3586 1161 3656 corripere
1170 3590 1239 3640 mali,

167 3672 256 3720 toeism
269 3671 411 3736 dignitatem
424 3669 551 3718 bominum
564 3670 683 3732 opinione
727 3669 941 3734 Quatemporum
955 3669 1083 3734 iniquitate
1099 3671 1170 3734 pejus
1183 3680 1241 3718 sunt
1300 3680 1302 3689 ’

167 3749 343 3799 destinabatur.
357 3752 434 3797 Porro
445 3749 495 3809 jam
513 3748 683 3796 adnotavimus
723 3747 840 3808 judicata.

166 3829 320 3880 ttumvelntt
329 3825 683 3894 praesidisprovinciam‚nou
764 3845 788 3890 7.
812 3827 839 3876 δι’
855 3827 968 3876 dicerem.
995 3827 1101 3876 sienne
1123 3827 1241 3893 temporis

165 3909 404 3974 magistratuum,
413 3908 456 3956 sed
465 3919 544 3955 tsmen
554 3905 683 3971 quemdam
728 3907 856 3964 dixissem,
871 3921 924 3954 non
941 3921 994 3953 mes
1007 3905 1080 3954 rerba
1098 3905 1183 3955 sudire
1194 3924 1241 3956 vo·

165 4005 219 4036 esse
227 3989 342 4052 gendum,
353 3997 377 4035 et
386 3987 417 4035 sd
429 3987 455 4035 id
464 3987 572 4035 muueris
579 3987 682 4050 impless-
727 3987 839 4035 luissent.

164 4066 226 4116 dum
235 4069 313 4133 queri
322 4066 408 4116 solitos
418 4069 461 4133 qui
469 4067 519 4127 jam
528 4075 597 4114 erant
606 4065 684 4115 editt·
766 4066 792 4113 Β.
808 4063 886 4112 Adeo.
900 4061 1034 4111 Familias-is
1047 4063 1161 4112 Ciceroni
1171 4065 1242 4115 locu·

166 4155 221 4214 sstev
230 4147 319 4196 iuneti.
730 4144 780 4208 tio,
793 4159 848 4208 quae
871 4140 1031 4192 attentionem
1044 4145 1152 4207 regentis
1163 4157 1208 4194 est.

1063 4233 1098 4302 8.
