3020 4666
266 331 339 379 noo
652 305 946 376 EXCURSUS.

263 431 304 496 de
317 431 398 496 falso
414 445 545 519 putem,
559 427 882 495 animadvertendum
897 444 1005 494 tamen
1023 427 1173 509 arbitror,
1186 426 1337 516 quoesfio-

263 555 342 602 uem
358 534 399 600 de
412 556 540 598 veneno
561 531 602 596 ad
620 532 742 597 Sullam
753 534 944 623 pervenisse
958 533 1025 612 jam
1043 549 1206 616 veterem,
1221 554 1259 596 ac
1281 555 1338 596 ne·

265 642 436 730 gotiosam.
452 640 590 723 Quoties
606 654 681 703 aute
694 638 757 703 VII
773 641 884 703 Romae
906 638 1054 704 seculum
1071 661 1107 730 ea
1123 637 1223 702 luerit
1236 637 1339 701 iu'an-

265 769 347 811 num
370 742 544 812 constituta
563 745 719 833 quaestio,
742 762 861 810 nomm
882 767 923 809 ex
942 744 1032 809 Livio
1058 761 1117 812 est.
1142 744 1338 832 Perpetuam

265 874 366 940 porro
386 868 462 917 ante
486 851 608 916 Sullam
627 850 742 933 luisse,
761 867 849 914 recte
868 850 938 939 ipse
959 848 1094 915 deduxit
1113 851 1140 914 F
1141 849 1277 914 erratius
1299 871 1339 913 ex

265 980 334 1047 cap.
354 958 395 1024 32
417 981 478 1048 pro
490 963 597 1023 Amer.
617 958 671 1022 cui
687 958 796 1023 locum
820 956 861 1021 de
876 957 918 1022 N.
937 958 1009 1036 D.§
1025 959 1062 1039 4,
1074 955 1246 1022 recitatum
1263 953 1340 1020 licet

265 1062 395 1130 addere.
411 1067 477 1131 Lex
495 1087 574 1154 ergo
590 1080 658 1129 erat
672 1064 702 1129 ei
715 1064 844 1129 crimini
862 1063 1057 1128 nominatim
1073 1063 1242 1152 opposita,
1260 1085 1339 1151 pro·

266 1171 422 1260 priusque
440 1172 595 1260 quaesitor
602 1169 802 1260 adscriptus:
817 1169 909 1259 quod
917 1167 1339 1258 frequentiaveneficiorum

265 1277 465 1365 postulabat,
480 1278 507 1342 si
521 1279 741 1358 conjecturam
756 1298 849 1342 exeo
865 1297 979 1366 capere
993 1299 1061 1343 non
1075 1273 1216 1340 absurde
1231 1272 1340 1338 videa·

267 1405 355 1467 mur,
373 1382 464 1472 quod
478 1385 604 1467 Livius,
624 1385 698 1466 XL,
717 1382 777 1466 43,
790 1382 831 1449 de
843 1384 880 1449 C.
897 1383 1017 1447 Maenio
1033 1397 1123 1472 praet.
1140 1396 1266 1463 narrat,
1282 1379 1339 1470 qui

267 1511 372 1576 quum
399 1488 441 1554 de
465 1488 627 1554 veneficiis
650 1491 684 1553 in
704 1489 811 1572 Italia,
830 1511 895 1579 qua
914 1489 977 1552 iter
997 1489 1031 1552 in
1054 1486 1236 1552 Sardiniam
1252 1501 1339 1567 erat,

267 1613 446 1683 quaereret,
467 1597 594 1660 senatui
618 1597 764 1685 scripsit,
789 1627 803 1654 α
827 1596 943 1678 sejam
967 1597 1029 1660 tria
1047 1594 1146 1660 millia
1164 1593 1339 1659 hominum

266 1699 455 1785 damnasse,
478 1719 511 1766 et
532 1725 675 1768 crescere
697 1703 759 1766 sibi
779 1701 993 1790 quaestiomm
1017 1699 1145 1766 iudiciis
1162 1723 1171 1765 :
1189 1717 1248 1764 aut
1267 1722 1338 1764 eam

267 1805 330 1870 sibi
353 1828 422 1871 esse
445 1806 674 1891 deserendam,
696 1824 753 1872 aut
770 1808 970 1897 provinciam
989 1805 1250 1871 dimittendam».
1269 1808 1337 1870 Iam

266 1933 360 1995 vero,
379 1935 483 2000 quum
499 1914 712 2001 quaestionem
722 1913 807 1977 hanc
818 1913 907 1977 Sulla
918 1929 951 1978 et
961 1913 1094 2003 proprio
1105 1913 1236 2002 praetori
1254 1912 1338 1976 attri-

267 2017 398 2097 butam,
424 2036 457 2084 et
481 2019 558 2084 satis
578 2020 742 2107 copiosam
767 2019 947 2101 invenerit,
970 2020 1053 2083 ratio
1078 2020 1170 2084 facile
1190 2033 1337 2107 apparet,

175 2185 178 2192 .
267 2147 327 2188 cur
342 2148 412 2190 eam
432 2142 519 2198 statu
537 2145 667 2190 movere
687 2124 847 2208 noluerit,
870 2125 946 2189 licet
968 2126 1100 2189 alteram
1120 2147 1254 2213 quoque
1271 2145 1337 2188 non

265 2231 375 2294 minus
390 2247 570 2313 vetustam,
588 2246 620 2294 et
636 2229 775 2318 amplam
791 2230 878 2294 inter
894 2229 1025 2294 sicarios
1041 2230 1255 2318 questionem
1272 2251 1337 2293 una

264 2334 335 2426 lege
349 2336 657 2426 comprehenderet,
675 2352 747 2401 tum
760 2333 946 2425 compendii
957 2357 1070 2418 causa,
1083 2335 1239 2424 quoniam
1252 2336 1338 2426 leges

264 2443 442 2531 permultas
457 2435 546 2507 hredi
563 2459 710 2531 ternpore
724 2465 811 2507 unus
827 2442 969 2525 ferebat,
986 2459 1057 2506 tum
1075 2441 1252 2506 criminum
1270 2440 1339 2506 affi-

264 2548 365 2612 nitate
378 2564 557 2636 permotus.
574 2549 661 2614 Malo
672 2551 781 2638 itaque
795 2549 931 2613 Ferrarii
940 2531 1169 2639 argumentum
1181 2546 1337 2612 infirmari

264 2655 456 2720 auctoritate
472 2656 646 2738 Muciani,
668 2678 768 2744 quam
783 2656 874 2720 hunc
892 2677 961 2720 esse
978 2655 1106 2720 falsum.
1129 2655 1245 2742 Neque
1261 2677 1337 2719 saue

261 2759 375 2843 video,
388 2783 448 2826 cur
460 2761 527 2828 duo
539 2779 692 2851 praetores
705 2761 838 2828 diversis
847 2777 941 2826 antea
950 2762 1076 2851 legibus
1090 2783 1234 2850 quaerere
1239 2760 1336 2843 jussi,

261 2881 473 2956 posteaquam
502 2869 538 2934 in
564 2891 665 2932 unam
696 2867 747 2932 bae
774 2868 976 2950 coaluerint,
1005 2865 1241 2956 questionibus
1267 2889 1335 2931 non

261 2974 461 3056 commixtis,
478 2972 595 3039 eodem
606 2974 680 3054 jure
696 2995 829 3039 manere
845 2996 915 3038 non
932 2971 1125 3054 debuerint;
1144 2987 1201 3036 aut
1217 2995 1278 3037 cur
1293 2971 1336 3037 di·

260 3094 366 3143 ctator
381 3080 417 3144 P.
436 3081 474 3145 R.
492 3079 670 3169 legumque
680 3095 827 3143 veterum
844 3078 1022 3160 restitutor,
1037 3099 1197 3143 novarum
1209 3093 1334 3161 auctor,

260 3184 403 3248 sinnam
422 3208 462 3251 er
479 3185 606 3250 duabus
624 3185 750 3274 legibus
767 3183 872 3249 facere
890 3184 1009 3267 voluit,
1029 3184 1224 3271 questiones
1240 3205 1282 3246 er
1296 3183 1333 3247 iis

260 3304 346 3353 ortas
362 3289 423 3371 ita,
441 3307 480 3355 ut
495 3308 588 3355 erant
606 3307 715 3373 antea,
736 3292 831 3380 plane
853 3288 969 3354 divisas
987 3289 1170 3377 relinquere
1185 3311 1255 3353 non
1272 3312 1332 3377 pc·

259 3395 367 3460 tuerit.
393 3397 433 3461 In
458 3397 689 3486 quaestionibus
714 3396 906 3472 mandandis
930 3419 998 3460 non
1024 3413 1090 3460 tam
1110 3396 1214 3485 leges,
1234 3417 1331 3483 quam

258 3502 394 3567 crimina
411 3504 547 3592 spectari
561 3505 725 3593 oportuit,
742 3527 760 3568 a
777 3504 898 3594 quibus
916 3503 993 3592 ipsae
1010 3503 1204 3590 quaestiones
1223 3503 1330 3566 nomi-

259 3608 433 3694 nabantur,
448 3626 488 3674 ut
503 3609 544 3675 de
558 3611 700 3693 ambitu,
716 3616 733 3692 S
756 3633 793 3695 a,
810 3610 968 3676 dicebam.
985 3609 1062 3674 Non
1081 3607 1162 3696 quid
1179 3631 1246 3672 una
1263 3608 1331 3698 lege

259 3716 347 3780 Sulla
363 3717 582 3800 conjunxerit,
605 3717 660 3782 sed
679 3715 758 3806 quid
781 3715 823 3782 de
838 3716 999 3781 veneficiis
1017 3715 1241 3796 constituerit,
1258 3737 1330 3804 spe·

256 3820 412 3886 ctaudum
426 3838 485 3887 est.
501 3823 583 3906 Quis
597 3823 686 3910 euim
702 3845 770 3886 non
782 3821 886 3904 videt,
905 3820 939 3885 id
952 3822 1014 3886 hac
1030 3822 1064 3884 in
1084 3843 1119 3885 re
1133 3835 1233 3908 caput
1244 3841 1328 3902 esse,

255 3927 346 4014 quod
362 3929 540 4016 unicuique
551 3928 682 4017 praetori
693 3950 808 3994 omnes
821 3928 907 4017 leges
919 3927 1093 3992 tribuerint
1102 3975 1111 4009 ,
1120 3926 1326 4014 imperarint,

253 4019 452 4112 adjecerint:
472 4049 510 4097 ut
524 4034 575 4098 vel
592 4057 630 4100 ex
648 4031 795 4122 pluribus
810 4032 952 4122 legibus,
973 4032 1078 4102 velex
1094 4055 1160 4097 una
1177 4019 1324 4097 omnium
