2988 4668
254 383 1329 421 mammfflmmmmvbfflfflmmm

391 571 1178 706 OBSERVATIONES

541 823 1043 912 Aronocnmon

288 1047 358 1105 nno
382 1047 661 1106 runtcousuxrrs
684 1043 866 1119 nonanis,
889 1055 938 1102 sn
958 1055 1087 1104 nocuit
1107 1055 1289 1106 cressonis

437 1173 474 1219 us
498 1165 605 1218 oser.
631 1171 701 1218 ruo
722 1160 889 1234 nunnus,
911 1163 991 1218 ott.
1018 1150 1147 1221 1143.

603 1335 750 1404 error
772 1319 970 1404 perunit.

295 1499 427 1560 Conrnt
448 1495 640 1560 Ciceronem
660 1494 753 1558 JCtos
771 1517 923 1558 romanos
941 1493 1118 1560 defensum
1133 1497 1246 1577 juveni
1263 1519 1322 1560 an·

251 1601 430 1692 tiquissima
442 1622 519 1665 cura
534 1621 602 1664 esse
616 1597 714 1663 debet
726 1599 914 1664 temeritatis
929 1599 1123 1689 deprecatio.
1141 1603 1220 1666 Eam
1234 1603 1321 1666 enim

251 1709 373 1774 meritis
383 1707 449 1772 suis
458 1705 576 1770 famam
585 1715 808 1793 consequutus
816 1720 865 1770 est
876 1705 1001 1771 Tullius
1010 1756 1019 1788 ,
1028 1723 1067 1770 ut
1081 1731 1216 1772 nomnes
1227 1708 1323 1796 (1)ex

252 1815 372 1902 seipso
394 1812 529 1875 virtutes
549 1810 699 1874 extulisse
725 1811 915 1874 immortalis
938 1811 1060 1901 ingenii
1083 1813 1231 1878 ubertate
1245 1814 1321 1878 bea·

251 1918 395 1984 tissima»
416 1939 491 1980 vere
514 1915 724 1980 existimetur.
745 1914 908 2002 Equidem
928 1938 1070 1980 romanae
1095 1917 1253 1984 facundiae
1269 1943 1323 2009 pa-

250 2041 377 2089 rentem
394 2021 476 2086 adeo
496 2020 654 2102 admiror,
676 2019 790 2108 diligo,
817 2037 850 2086 et
868 2021 1028 2109 suspicio,
1053 2041 1108 2106 ut,
1131 2047 1235 2111 quum
1254 2025 1322 2106 ejus

252 2132 369 2219 scripta
384 2151 523 2210 versem,
543 2149 610 2190 non
627 2126 788 2207 hominis,
809 2125 867 2190 sed
892 2126 1006 2191 Suadae
1028 2129 1128 2216 ipsius
1152 2130 1248 2195 effata
1271 2155 1322 2195 me

253 2235 399 2324 excipere
427 2233 564 2298 arbitrer
586 2232 770 2320 saepissime.
788 2233 914 2296 «Tanta
933 2232 980 2322 (a)
1004 2234 1107 2310 illius,
1130 2233 1219 2301 dono
1240 2260 1323 2326 qno·

241 2341 327 2406 ‘dam
346 2338 560 2405 Providentiae
575 2339 694 2428 geniti,
712 2339 830 2426 inquo
848 2354 931 2402 totas
945 2337 1028 2404 vires
1047 2362 1120 2404 suas
1139 2341 1324 2430 eloquentia

254 2447 468 2535 experiretur,
494 2459 596 2524 tanta,
622 2443 775 2529 inquam,
800 2442 885 2506 illius
909 2459 958 2508 est
971 2443 1174 2525 jucunditas,
1201 2463 1238 2510 ut
1255 2449 1324 2536 ipsa

253 2554 320 2634 illa,
344 2573 416 2639 quse
440 2563 628 2635 extorquet,
650 2548 824 2637 impetrare
851 2571 928 2614 eum
955 2549 1081 2632 credas,
1112 2565 1265 2640 tantaque
1288 2553 1322 2618 in

255 2654 426 2739 omnibus,
443 2676 515 2742 quse
531 2652 623 2735 dicit,
638 2653 724 2718 inest
735 2655 924 2736 auctoritas,
940 2671 978 2720 ut
992 2654 1161 2720 dissentire
1175 2655 1322 2746 pudeatn.

299 2765 415 2853 Neque
428 2763 496 2827 sola
512 2776 561 2825 est
577 2761 735 2825 facundie
750 2761 866 2850 gloria,
886 2785 958 2849 quse
974 2764 1144 2828 aeternitati
1158 2765 1322 2831 Ciceronis

255 2893 377 2935 nomen
388 2867 636 2948 consecraverit,
649 2889 738 2947 nam,
750 2865 777 2930 si
789 2865 922 2931 dubiam
937 2867 997 2932 hac
1008 2885 1099 2956 parte
1111 2869 1323 2935 Demostheni

255 2976 395 3066 palmam
416 2973 508 3054 fecit,
532 2972 700 3038 Platonem
719 2987 805 3035 certe
827 2971 861 3036 in
882 2973 1113 3061 philosophicis
1128 2977 1228 3063 aequis
1243 2975 1323 3042 adeo

256 3081 403 3170 passibus
418 3077 581 3165 sequitur,
598 3093 635 3140 ut
652 3075 772 3140 dubius
790 3076 929 3158 haeress,
947 3099 1028 3142 uum
1041 3079 1209 3145 Platonem
1224 3083 1322 3173 magis

257 3183 385 3263 laudes,
402 3181 458 3270 qui
475 3179 591 3245 divinis
607 3180 776 3243 Socraticae
789 3180 951 3267 sapientie
966 3181 1012 3270 (3)
1033 3185 1251 3252 monumentis
1264 3187 1324 3250 vir·

258 3304 366 3354 tutum
385 3308 516 3350 suarum
532 3284 728 3348 imitatorem
744 3283 872 3348 finxerit
885 3301 950 3349 tam
967 3287 1150 3376 egregium,
1167 3311 1208 3352 an
1222 3313 1323 3356 roma.

258 3419 339 3460 num
358 3391 607 3482 philosophum,
627 3389 718 3478 quod
736 3389 972 3478 pulcherrimos
989 3413 1029 3456 ex
1045 3393 1185 3460 hortulis
1201 3419 1321 3486 gnaco-

294 3574 330 3636 (1)
349 3570 453 3636 Quintil.
466 3571 526 3616 lust.
539 3570 608 3617 Orst.
624 3567 669 3616 lib.
683 3569 707 3615 x
717 3603 725 3628 ,
736 3583 790 3632 ap,
810 3584 904 3634 1,μῦ
918 3569 980 3632 9¹⁶·

293 3661 332 3732 (a)
351 3659 456 3723 Quintil.
470 3655 532 3704 ibid.

291 3748 329 3815 (3)
347 3748 386 3796 Ns
399 3745 488 3793 nimius
502 3746 527 3792 in
537 3743 575 3792 his
584 3742 675 3802 videar,
685 3759 715 3790 en
729 3741 921 3807 eloquentissimi
933 3745 1060 3810 scriptoris
1073 3745 1212 3807 chfistmni,
1221 3747 1322 3798 manen

256 3841 341 3889 Felicis
353 3837 424 3886 verbs
435 3871 442 3896 ,
452 3837 478 3884 in
489 3835 612 3893 Octavio,
626 3849 679 3897 cap.
696 3847 739 3894 19,
750 3847 808 3897 pag.
826 3835 873 3880 182
882 3871 889 3895 ,
898 3833 938 3884 ed,
950 3837 1030 3885 Gmn,
1042 3859 1054 3878 .
1064 3835 1161 3886 thi
1173 3840 1282 3903 ,perdor
1293 3841 1323 3888 de

255 3933 327 3992 Deo,
337 3939 362 3977 et
375 3926 446 3974 rebus
460 3926 533 3989 ipsis,
546 3934 571 3972 et
585 3921 725 3992 nominibus
741 3921 824 3986 (mals
835 3923 975 3986 Meursius,
988 3924 1123 3976 homibus
1133 3927 1158 3989 j,
1173 3929 1253 3978 ,mn-0
1268 3941 1322 3992 ω’

255 4030 280 4068 et
293 4033 349 4082 qne
362 4025 414 4064 tota
427 4024 489 4062 esset
501 4011 615 4070 celestis,
635 4010 682 4058 nisi
693 4011 855 4074 persuasionis
874 4011 953 4060 civilis
971 4029 1154 4078 nonnumquam
1171 4016 1322 4067 admixtione

256 4105 404 4156 sordescens
416 4125 437 4150 ι.
1273 4095 1284 4110 =
