3018 4664
250 359 321 458 390
571 367 619 434 M.
645 367 684 434 r.
711 366 990 436 croanoms

247 509 361 556 unum
383 483 478 555 diem
499 497 625 580 postea
649 489 688 556 L.
714 487 947 557 Saturninum
969 481 1161 577 tribunum
1177 481 1318 582 plebis,

248 609 284 666 et
300 599 339 664 C.
354 593 567 666 Servilium‘·
583 609 795 694 praetorem,
814 620 912 666 mors
928 619 969 666 ac
987 592 1192 691 reipublicae
1207 619 1314 691 poena
1359 627 1363 635 ·

246 719 427 775 remorata
446 702 545 775 est⁵l
562 709 608 776 At
626 729 693 776 nos
712 707 919 778 vicesimum
933 706 1007 801 jam
1025 700 1141 776 diem⁶
1155 708 1316 802 patimur

246 813 442 886 hebescere
465 816 578 886 aciem
603 815 736 888 horum
760 817 992 890 auctoritatis.
1011 813 1193 888 Habemus
1215 816 1314 886 enim

246 923 454 1020 hujusmodi
471 927 846 1014 senatusconsultum,
866 939 1114 997 verumtamen
1134 925 1313 996 inclusum

245 1036 284 1104 in
302 1034 451 1120 tabulis,
471 1050 655 1133 tamquam
674 1035 833 1134 gladium
854 1037 891 1106 in
912 1037 1041 1132 vagina
1057 1034 1311 1106 reconditum:

245 1168 324 1241 quo
337 1169 381 1214 ex
397 1146 711 1218 senatusconsulto
725 1145 914 1218 confestim
930 1145 1160 1218 intersectum
1174 1159 1208 1216 te
1223 1169 1314 1230 esse,

245 1254 419 1342 Catilina,
439 1258 647 1327 conventia.
669 1257 788 1345 Viris3
811 1271 847 1327 et
865 1258 954 1326 vivis
973 1281 1046 1326 non
1064 1254 1109 1326 ad
1124 1253 1313 1352 deponcn-

245 1365 350 1456 dam,
370 1365 432 1437 sed
451 1365 496 1438 ad
515 1365 800 1438 confirmandam
823 1365 1020 1438 audaciam.
1038 1367 1173 1464 Cupio,
1196 1373 1313 1462 patres

247 1469 479 1574 conscriptiss,
495 1501 554 1548 me
577 1499 654 1548 esse
672 1476 888 1549 clementem
896 1487 924 1564 ⁹3
943 1478 1051 1574 cupio
1069 1477 1106 1546 in
1125 1477 1232 1546 tantis
1248 1475 1314 1546 rei-

243 1585 398 1683 publicae
416 1586 585 1684 periculis
600 1613 659 1659 me
676 1611 752 1659 aton
767 1586 984 1660 dissolutum
1000 1587 1118 1659 videri
1134 1615 1142 1657 :
1160 1585 1224 1658 sed
1237 1586 1312 1681 jam

243 1721 302 1768 mc
323 1698 400 1792 ipse
425 1699 561 1768 inertiae
580 1700 826 1796 nequitiaque
848 1698 1064 1770 condemno.
1087 1699 1210 1768 Castra
1230 1711 1314 1768 sunt

280 1871 306 1921 4.
334 1863 360 1913 C.
385 1863 519 1913 Servilium.
547 1865 686 1925 Glauciam,
714 1867 757 1930 qni
800 1865 891 1916 facturn
912 1864 977 1914 istud
1001 1865 1105 1924 sctum,
1131 1881 1206 1929 quum
1231 1861 1315 1913 retulit

244 1955 321 2008 quesn
331 1943 420 1992 nefaria
430 1944 530 1992 conans
541 1943 572 1992 de
582 1944 696 1996 mutanda
705 1959 756 2009 rep.
800 1945 887 1994 Cicero
894 1945 924 1993 ad
933 1955 1042 1994 seminas
1052 1945 1083 1994 de
1093 1945 1197 2008 inceptis
1203 1943 1315 1994 nonne

243 2038 301 2071 cnm
314 2023 445 2070 Saturnino
458 2023 661 2084 communicaret,
672 2040 756 2088 qnam·
800 2037 825 2074 et
845 2024 933 2074 Mallii.
955 2026 1058 2074 Constat
1076 2035 1156 2072 autem
1174 2037 1207 2070 ex
1224 2023 1312 2088 capri

244 2102 281 2148 vis
292 2113 384 2165 prator
396 2112 432 2150 est
442 2101 592 2152 interiectus.
604 2103 662 2152 Vid.
672 2119 755 2168 snper.
800 2105 862 2153 infra
872 2121 898 2152 ea
910 2105 973 2154 dere
982 2106 1090 2153 Tullium
1101 2103 1210 2151 retulisse
1217 2119 1255 2152 xci
1265 2103 1313 2150 ltal.

244 2191 305 2229 orat.
316 2197 362 2246 pro
371 2181 434 2230 iials.
446 2183 544 2246 passim.
800 2199 860 2232 nov.
868 2199 947 2248 eoque
953 2184 1057 2248 proinde
1067 2183 1105 2233 die
1115 2181 1205 2230 factum
1214 2183 1314 2232 SCtum.
1406 2183 1408 2186 ’

281 2263 306 2311 ⁵.
321 2263 453 2310 demorata
463 2273 504 2310 ast.
520 2263 614 2310 Morari
625 2273 651 2311 et
665 2262 757 2311 diutina
801 2265 871 2310 lianc
883 2274 964 2312 autern
975 2264 1111 2312 orationem
1125 2261 1230 2310 habitant
1240 2263 1315 2310 fnisse

243 2340 271 2389 in
285 2341 346 2389 nrbe
367 2342 448 2390 rivere
463 2357 533 2406 passa
551 2353 595 2392 est.
613 2343 680 2391 Num
693 2359 756 2390 nnus
800 2357 827 2389 vt
847 2342 882 2392 id.
902 2359 960 2392 nor.
981 2359 1054 2408 snpra
1074 2359 1127 2407 esp.
1155 2357 1176 2402 c,
1196 2352 1249 2392 not.
1274 2358 1315 2401 rr,

243 2419 339 2467 effluxit
349 2419 484 2477 dieasdntu
494 2421 619 2470 tribunum
628 2423 661 2487 pt.
673 2425 757 2471 Satur·
800 2422 959 2484 conjecimus.
973 2423 1045 2471 Unde
1054 2439 1110 2471 vere
1123 2422 1208 2486 viginti
1219 2421 1314 2486 elapsos

244 2499 330 2548 atinam
347 2509 372 2546 et
390 2500 519 2549 Servilium
542 2509 671 2566 pretorem
691 2517 757 2549 moes
800 2499 852 2548 dies
865 2499 994 2565 probetur.

245 2588 270 2626 et
282 2593 354 2644 paena
368 2591 440 2642 qnam
455 2581 516 2644 reip.
531 2580 666 2641 debebant,
682 2582 758 2629 attin-
838 2596 863 2641 7.
901 2579 1025 2628 Convenit.
1056 2579 1183 2644 Opoctnit.
1214 2579 1315 2628 Flamin

247 2659 430 2723 geretilsocntn
440 2658 506 2707 hunc
518 2660 674 2722 facillimum,
688 2660 757 2724 quasi
800 2657 863 2706 hane
882 2673 933 2705 non
952 2676 1004 2706 esse
1028 2658 1127 2706 latinam
1148 2657 1316 2722 suspicabatur

246 2737 374 2801 depravata
388 2737 522 2801 latinitate,
539 2741 624 2788 misere
638 2749 758 2787 vexarunt
800 2737 919 2784 Muretus.
939 2738 986 2786 Sed
1000 2737 1149 2786 simillimum
1164 2737 1245 2785 loeuan
1259 2735 1316 2784 cide

245 2817 397 2881 interpretes.
408 2819 520 2868 Ernestio
528 2819 684 2868 scribendum
693 2817 759 2866 vide·
801 2831 847 2880 pro
858 2816 976 2877 Quintio,
987 2833 1041 2883 cap.
1056 2819 1096 2867 1⁵.

246 2895 318 2944 batnr
333 2917 346 2938 ι
356 2899 382 2944 1..
396 2898 519 2945 Saturnini
533 2898 626 2946 tribuni
640 2897 674 2962 pl.
691 2908 715 2944 et
729 2899 758 2947 C.
838 2895 861 2942 8.
882 2899 966 2944 Patres
979 2896 1118 2960 conscripti.
1133 2897 1205 2945 Nunc
1219 2894 1315 2942 demum

247 2975 342 3023 Servilii
354 2979 465 3040 praetoris
475 3000 496 3035 n,
510 2977 542 3025 ad
554 2977 603 3024 hoc
613 2980 759 3024 recentiores
802 2972 832 3022 ad
862 2985 985 3022 senatores
1012 2975 1147 3024 orationem
1178 2975 1314 3032 eonvertit,

247 3055 325 3104 critici
336 3057 528 3120 responderunt,
541 3056 584 3104 aed
597 3059 631 3106 ita
643 3067 685 3118 nt,
700 3057 760 3105 duna
803 3053 907 3116 ideoque
925 3053 1003 3102 rnnlto
1023 3054 1116 3102 lerdoce
1135 3068 1164 3101 ao
1181 3054 1316 3102 remissiore

248 3134 368 3198 rnlgatam
377 3135 506 3184 lectionem
515 3136 660 3196 defendunt,
668 3135 761 3200 aliquid
803 3146 889 3197 genere
902 3133 1008 3182 dicendi.

248 3213 329 3278 stipsi
339 3226 449 3275 mutent,
463 3227 489 3264 et
505 3233 551 3280 pro
571 3216 669 3280 neila.»
678 3216 761 3279 legant
838 3227 864 3274 9.
880 3211 1032 3260 Clementem.
1045 3212 1172 3260 liseosnnt
1182 3211 1215 3260 ad
1228 3211 1316 3274 depre-

250 3296 492 3359 spraetorenapopnli
500 3294 760 3359 roan.=,qnodprimus
805 3291 906 3340 nandans
919 3291 1155 3354 amoliendamqoea
1172 3307 1197 3340 ae
1214 3291 1316 3354 opinio·

249 3381 353 3420 suaerat
384 3373 504 3424 Muraena.
534 3375 615 3422 Multo
645 3374 761 3422 audacior
804 3389 859 3422 nana
875 3373 1040 3430 crudelitatis,
1060 3370 1092 3418 ad
1111 3385 1184 3433 qnaaa
1204 3369 1318 3434 anp'ecior

249 3453 407 3500 Heumannns
420 3452 493 3516 legit:
509 3454 593 3502 «Nune
605 3469 682 3502 annm
696 3453 761 3501 aliern
804 3451 884 3500 dratio
896 3467 995 3514 vergere
1008 3449 1142 3498 videbator.
1163 3449 1261 3512 Cupio,
1276 3450 1316 3496 in·

250 3531 360 3595 potentia
379 3533 413 3579 1...
423 3532 560 3592 Saena-atini,
574 3533 630 3582 trib.
646 3533 680 3597 pl.
695 3543 718 3581 et
732 3533 760 3581 C.
804 3531 875 3595 quit,
891 3545 943 3578 eanr
961 3529 1151 3578 moderationem
1170 3538 1268 3584 tenerer
1287 3540 1318 3577 nt

251 3610 347 3658 Servilii
366 3612 491 3674 prataria,
508 3623 610 3660 mortem
630 3629 713 3660 eorum
733 3629 762 3659 ao
804 3625 883 3673 neque
909 3609 1060 3656 crudelitatis
1086 3608 1172 3656 lamam
1197 3607 1317 3665 habeam,

250 3700 348 3753 paenam
355 3697 473 3738 remorata
480 3691 761 3738 estiaRisurnteneatisi
803 3705 884 3752 neqne
893 3703 974 3736 cnrsns
989 3688 1015 3736 in
1028 3698 1076 3735 tarn
1085 3689 1164 3736 atroci
1178 3689 1237 3752 reip.
1251 3689 1317 3751 peri-

286 3769 311 3818 6.
329 3769 473 3817 Vicesimum
480 3769 534 3834 jana
545 3769 618 3818 diem.
633 3769 762 3818 Rotunda·
804 3769 861 3817 cnlo
874 3767 954 3816 mollis
970 3767 1061 3815 sidrac.
1076 3766 1124 3814 Sed
1134 3767 1194 3815 dnm
1207 3766 1271 3814 diem
1285 3783 1318 3814 ea

251 3856 303 3894 tum
315 3862 330 3895 a
342 3848 459 3896 Cicerone
471 3863 613 3906 numerum,
635 3865 686 3896 esse
697 3848 761 3896 enirn
804 3846 844 3895 die
858 3847 936 3906 duco,
954 3863 1033 3910 neque
1046 3863 1085 3894 me
1099 3848 1157 3896 satis
1172 3863 1256 3895 severe
1269 3861 1318 3910 pro

250 3935 344 3974 tantum
352 3926 573 3976 duodevioeaimum
584 3927 648 3975 diern
658 3939 714 3992 poet
726 3928 764 3974 la·
805 3927 840 3974 rei
850 3925 1018 3990 magnitudine
1028 3941 1095 3990 gero,
1105 3925 1134 3976 lit
1147 3937 1175 3974 nt
1190 3941 1243 3974 mea
1257 3926 1317 3972 mihi

252 4015 316 4052 ctum
330 4005 434 4064 sctum,
452 4017 522 4054 notat
535 4007 666 4055 Asconius.
684 4005 763 4054 Sallu·
804 4021 855 4053 non
866 4007 915 4066 iarn
929 4005 1069 4064 elementia,
1082 4021 1166 4054 cecum
1185 4003 1271 4053 inertia
1287 4021 1320 4052 ae

253 4083 312 4130 etius
327 4099 386 4130 vero
404 4095 484 4132 narrat
502 4086 529 4132 in
550 4085 621 4133 Catil.
641 4086 690 4144 io,
707 4095 759 4132 tum
805 4084 1111 4135 socordiaessevideatnc.
1162 4115 1167 4126 -
