3020 4668
421 425 619 494 ORATIO
643 427 744 494 PRO
769 427 807 492 C.
838 425 1066 492 RABIRIO.
1204 421 1273 494 363

210 545 281 616 hoc
301 541 512 642 praedicare,
531 549 571 616 C.
591 545 726 616 Rabirii
743 567 855 616 manu
873 549 911 615 L.
931 545 1185 632 Saturninum,
1204 545 1272 616 bo-

209 669 299 726 stem
316 655 441 753 populi
456 651 631 742 ronmni³‚
646 653 874 726 intersectum
885 653 892 724 Ι
903 653 1055 726 -Nihil
1068 679 1126 724 me
1138 654 1275 730 clamor

209 765 275 834 iste
297 767 533 850 commovet‘*‚
558 765 619 835 sed
640 765 867 852 consolatur,
896 788 1010 860 quum
1036 757 1170 835 indicat
1199 789 1273 838 esse

209 873 385 971 quosdam
420 877 513 946 cives
545 875 752 971 imperitos,
783 872 846 944 sed
879 899 954 944 non
986 873 1132 944 multos.
1160 877 1286 946 Num--

208 1009 340 1081 quam,
361 984 446 1055 mibi
467 981 619 1073 credite,
643 983 801 1082 populus
818 1008 990 1056 romanus
1006 982 1082 1070 hic,
1102 985 1165 1080 qui
1182 985 1274 1072 silet,

208 1093 395 1166 consulem
412 1119 470 1164 me
488 1092 648 1182 fecisset,
666 1097 834 1166 si'vestro
848 1094 1005 1166 clamore
1023 1091 1276 1190 perturbatum

208 1204 252 1286 iri
280 1201 525 1276 arbitraretur.
547 1208 695 1296 Quanto
721 1205 795 1300 jam
825 1204 938 1275 levior
967 1218 1022 1274 est
1048 1201 1272 1274 acclamatio!
1311 1203 1317 1216 '

208 1315 299 1411 quin
329 1311 543 1386 continetis⁵
575 1339 723 1401 vocem,
751 1313 907 1386 indicem
938 1313 1097 1384 stultitiae
1128 1327 1277 1402 vestrae,

208 1436 337 1494 testem
372 1421 833 1520 paucitatisi-Libenten
862 1427 1033 1520 inquam,
1061 1421 1274 1512 confiterer,

209 1535 238 1604 si
260 1557 343 1604 vere
366 1558 510 1631 possem
518 1531 545 1620 ⁶,
569 1537 778 1622 autetiam,
799 1536 828 1604 si
847 1533 936 1604 mihi
956 1548 1049 1606 esset
1069 1536 1275 1632 integrum,

209 1645 249 1713 C.
270 1641 404 1714 Rabirii
427 1669 538 1716 manu
561 1649 598 1716 L.
625 1647 858 1716 Saturninum
885 1669 963 1716 esse
985 1645 1164 1732 occisum3
1183 1659 1219 1715 et
1237 1643 1277 1718 id

208 1750 347 1824 facinus
379 1753 665 1851 pulcherrimum
701 1779 778 1828 esse
811 1752 1031 1826 arbitrarer:
1064 1753 1149 1844 sed,
1179 1781 1274 1852 quo-

207 1863 304 1933 niarn
331 1863 368 1934 id
396 1861 513 1936 facere
545 1853 619 1936 non
650 1888 819 1963 possum,
848 1862 1052 1938 confitebor
1080 1865 1137 1953 id,
1172 1865 1275 1962 quod

207 1970 253 2042 ad
280 1969 452 2043 laudem⁷
480 1975 600 2045 minus
627 1973 778 2061 valebit,
801 1973 847 2046 ad
871 1975 1006 2046 crimen
1037 1999 1113 2046 non
1140 1977 1271 2046 minus.

207 2081 412 2171 Confiteor,
440 2083 682 2156 interficiendi
713 2085 898 2156 Saturnini
931 2109 1061 2174 causa,
1092 2089 1132 2156 C.
1165 2086 1273 2158 Rabi-

207 2193 302 2270 rium
340 2218 440 2265 arma
483 2197 629 2292 cepisse.
669 2195 768 2286 Quid
806 2209 891 2284 est,
928 2194 1117 2268 Labiene?
1160 2221 1273 2293 quam

207 2325 229 2372 a
258 2327 315 2374 me
342 2307 542 2400 graviorem
574 2303 861 2393 confessionem,
889 2320 953 2375 aut
979 2304 1080 2402 quod
1107 2306 1146 2376 in
1174 2304 1273 2378 hunc

208 2413 323 2508 majus
339 2416 478 2488 crimen
498 2417 708 2512 exspectas?
728 2417 803 2488 Nisi
826 2440 912 2488 vero
939 2417 1113 2499 interesse
1137 2414 1274 2512 aliquid

207 2538 313 2620 putas
330 2526 425 2596 inter
443 2549 545 2609 eum,
564 2526 627 2620 qui
648 2524 835 2596 hominem
854 2523 1008 2609 occidit,
1026 2538 1062 2594 et
1081 2549 1187 2612 eum,
1209 2525 1274 2620 qui

207 2657 291 2704 cum
306 2629 406 2705 telo8
430 2633 618 2706 occidendi
645 2633 801 2706 bominis
830 2659 935 2706 causa
956 2633 1034 2704 fnit.
1058 2637 1094 2704 Si
1117 2631 1272 2704 interfici

205 2749 440 2820 Saturninum
458 2746 558 2820 nefas
577 2747 664 2836 fuit,
682 2773 780 2822 arma
800 2764 943 2846 sumpta
962 2773 1039 2820 esse
1065 2764 1191 2825 contra
1210 2751 1271 2818 Sa-

198 2859 397 2936 „turninum
426 2862 503 2930 sine
531 2859 664 2929 scelere
694 2882 769 2928 non
799 2872 973 2956 possunt;
1002 2858 1032 2927 si
1062 2881 1162 2927 arma
1189 2857 1272 2951 jure

243 3091 268 3140 3.
282 3092 380 3138 Hostem
393 3105 454 3154 pop.
467 3105 528 3138 rom.
540 3090 581 3138 stu
595 3091 660 3138 enirn
678 3106 718 3138 ss·
796 3092 821 3140 5.
835 3089 939 3152 Quintil.
954 3088 1052 3147 laudat,
1072 3091 1123 3146 ΣΙ,
1143 3090 1173 3148 3,
1188 3089 1272 3151 «quin

141 3194 147 3208 ι
207 3168 444 3229 nstnsjrrdieererst.
760 3169 1004 3233 compescitisvoosn
1014 3166 1272 3230 istamindioernstrdr

243 3251 269 3308 4.
285 3248 383 3296 cumos-
395 3246 439 3296 r'ste
459 3258 599 3296 commovet.
622 3245 715 3296 oborn
761 3248 833 3306 uua,
848 3258 932 3296 testem
945 3247 1102 3312 peuciutisn.
1116 3247 1140 3296 J.
1149 3249 1180 3294 V.
1189 3251 1217 3296 L.

206 3328 348 3374 acclamatio
361 3337 397 3374 est
407 3326 509 3390 populi,
526 3327 578 3383 cui,
588 3343 634 3390 pro
644 3337 715 3390 pote-
795 3328 820 3376 6.
834 3327 862 3374 Sr'
868 3342 928 3374 vere
932 3341 1037 3390 possem.
1049 3327 1075 3374 Si
1083 3327 1135 3376 sine
1143 3327 1272 3376 mendacio

206 3415 267 3454 stste
279 3405 512 3468 magistmrnsquem
523 3405 636 3468 gerebat,
648 3407 717 3452 forti·
760 3406 838 3454 fecere
860 3422 971 3470 possem
990 3417 1014 3454 et
1034 3408 1082 3456 nisi
1096 3407 1147 3468 jam
1168 3408 1272 3456 omnino

207 3497 245 3534 ter
258 3497 282 3533 et
294 3501 379 3549 magna
388 3483 477 3533 fiducie
487 3485 583 3534 resistit.
593 3484 717 3548 Significat
760 3487 904 3534 Hortensius
922 3485 989 3534 buno
1013 3503 1028 3535 s
1052 3485 1154 3535 Rabirio
1171 3501 1222 3534 non
1235 3487 1271 3533 in·

207 3564 384 3627 Quintilianus,
399 3565 448 3621 XI,
459 3566 488 3622 3,
502 3581 573 3629 supra
583 3563 683 3612 modurn
692 3575 717 3612 et
761 3566 888 3613 terseotum
899 3566 1053 3614 ostendisset.

205 3644 275 3692 vocis
299 3643 410 3692 humane
433 3654 541 3692 naturam
568 3643 643 3696 rerba
663 3643 716 3692 bseo
798 3644 1035 3706 7.Adlaudem.Ad
1048 3642 1271 3692 decusRabirii.-

205 3723 376 3787 pronuntissse
389 3734 527 3782 oratorem,
541 3724 630 3786 quibus
650 3739 717 3770 acer·
760 3721 1272 3787 Adcrr'men.Adsgnoseendumilludquod

206 3801 716 3865 biuimemnnuttorobjurgmeurgnam
759 3802 860 3852 Rabirio
874 3801 968 3861 obiieis.

205 3880 304 3943 qssidem
324 3880 381 3928 inde
398 3881 540 3928 constantie
555 3881 650 3930 laudern
664 3898 715 3930 rne-
795 3884 819 3931 8.
832 3881 892 3928 Cum
904 3880 960 3930 telo.
975 3880 1038 3928 Nam
1052 3880 1104 3943 lege
1116 3880 1228 3930 Cornelis
1239 3879 1272 3928 de

205 3970 271 4007 retur
283 3959 453 4022 Cicero‚quod
464 3959 569 4006 minaces
583 3961 715 4024 plebeculae
759 3961 850 4008 sicariis
859 3975 912 4006 non
922 3969 1015 4006 tuntum
1027 3969 1133 4016 tenetur¹
1143 3959 1266 4022 quibonii

205 4037 442 4086 obmurmuratione
460 4053 511 4084 non
524 4040 649 4098 metuerit,
664 4041 714 4088 imo
758 4057 812 4087 nem
826 4039 961 4096 interfecit,
970 4038 1012 4086 sed
1025 4041 1097 4086 etiam
1108 4041 1151 4103 qni
1162 4038 1270 4088 bominis

205 4121 277 4170 :uam
288 4119 418 4168 fortissime
430 4117 613 4181 contempserit.
759 4117 1066 4175 interficiendioausa,oure
1073 4118 1122 4166 telo
1129 4117 1270 4166 ambularit.
