2976 4670
255 392 327 463 620
427 397 800 469 OBSERVATIONES
825 397 1160 468 APOLOGETICAE

252 517 466 583 incommodo
478 536 701 585 muneratur».
714 523 798 585 Cum
814 521 865 585 his
882 520 1048 603 conferas,
1065 543 1136 610 quae
1153 521 1187 584 in
1204 521 1326 586 Tuscu·

252 624 332 688 lanis
359 626 519 714 Disputat.
546 627 592 714 (1)
617 629 791 717 leguntur:
816 627 936 692 «Unde
959 628 1059 717 igitur
1088 627 1188 691 ordiri
1211 630 1324 693 rectius

252 752 445 818 possumus,
458 754 555 820 quam
569 756 588 796 a
603 735 772 798 communi
783 751 917 822 parente
927 751 1042 798 natura
1053 735 1067 798 t
1080 757 1153 822 quae
1169 732 1325 822 quidquid

253 837 380 923 genuit,
398 860 466 900 non
483 837 585 902 modo
600 839 735 919 animal,
756 838 927 903 sedetiam
945 837 1035 927 qnod
1053 839 1096 904 ita
1113 855 1224 903 ortum
1245 855 1326 902 esset

251 956 373 1006 eterra
391 959 429 1007 ut
452 944 606 1032 stirpibus
629 945 696 1009 suis
713 947 881 1026 niteretur,
901 946 935 1008 in
959 969 1021 1009 suo
1046 943 1192 1033 quidque
1211 967 1325 1034 genere

249 1048 432 1135 perfectum
451 1073 520 1116 esse
537 1053 674 1117 voluit».
696 1053 747 1116 En
765 1051 854 1117 aliud
881 1053 1120 1119 contrariorum
1143 1050 1325 1140 specimen?

184 1192 186 1200 ι
250 1155 302 1216 De
314 1153 531 1240 divinatione,
547 1181 645 1246 quam
662 1181 751 1223 nunc
767 1160 968 1241 contemnit,
981 1159 1045 1223 alio
1058 1175 1205 1247 tempore
1219 1159 1323 1246 magni

251 1259 327 1323 facit
348 1259 411 1348 (a),
438 1264 539 1328 verba
557 1265 699 1330 faciens:
725 1295 737 1321 s
753 1265 844 1348 Quid
862 1265 972 1330 multis
994 1267 1106 1346 annis,
1137 1265 1245 1353 inquit
1262 1263 1323 1352 (3),

249 1383 325 1452 post
342 1369 541 1453 Romulum,
563 1371 673 1436 Prisco
692 1391 848 1462 regnante
866 1372 1072 1460 Tarquinio?
1090 1374 1163 1460 quis
1180 1389 1322 1437 veterum

249 1473 443 1561 scriptorum
458 1499 526 1540 non
542 1477 708 1566 loquitur,
722 1503 795 1567 quae
810 1481 851 1544 sit
866 1479 907 1544 ab
918 1483 1004 1545 Attio
1020 1479 1122 1544 Navio
1139 1501 1197 1567 per
1209 1478 1323 1541 lituum

249 1580 422 1667 regionum
445 1583 528 1647 facta
550 1582 743 1672 descriptio?
757 1587 814 1674 qui
833 1609 936 1674 quum
955 1601 1089 1674 propter
1106 1599 1323 1674 paupertatem

250 1705 324 1748 sues
346 1709 428 1773 puer
448 1705 612 1776 pasceret,
646 1713 711 1755 una
736 1715 776 1756 ex
804 1692 855 1755 his
881 1693 997 1756 amissa
1011 1691 1136 1755 vovisse
1153 1689 1272 1754 dicitur
1273 1736 1320 1753 .....

251 1789 326 1870 Qua
345 1814 380 1855 re
400 1795 581 1878 celebrata,
612 1819 715 1884 quum
734 1797 830 1862 vicini
850 1820 965 1862 omnes
983 1795 1024 1861 ad
1041 1819 1146 1860 unum
1170 1795 1210 1860 de
1230 1796 1323 1860 rebus

251 1895 318 1958 suis
345 1896 521 1980 referrent,
548 1917 616 1966 erat
643 1903 677 1964 in
701 1925 820 1991 magno
840 1903 974 1967 nomine
999 1919 1031 1966 et
1057 1903 1183 1992 gloria:
1203 1925 1241 1966 ex
1261 1923 1323 1989 quo

253 2002 458 2088 factumest,
487 2025 524 2070 ut
543 2030 619 2072 eum
645 2008 744 2074 adse
774 2033 830 2073 rex
857 2010 985 2074 Priscus
1015 2024 1209 2090 arcesseret;
1237 2009 1323 2088 cujus

238 2129 355 2206 ’quum
378 2093 518 2178 tentaret
546 2115 714 2179 scientiam
739 2132 935 2205 auguratus,
972 2115 1052 2180 dixit
1074 2115 1103 2188 ei
1132 2115 1274 2204 cogitare
1292 2135 1323 2178 se

254 2213 421 2300 quiddam,
431 2217 464 2282 id
474 2236 625 2307 possetne
639 2219 709 2284 fieri
721 2221 895 2285 consuluit.
910 2221 969 2285 Ille
987 2221 1124 2310 augurio
1143 2237 1217 2285 acto
1234 2241 1323 2310 posse

251 2322 432 2410 respondit.
462 2326 659 2414 Tarquinius
691 2343 799 2392 autem
829 2326 926 2410 dixit,
955 2350 989 2390 se
1014 2327 1191 2415 cogitasse,
1222 2343 1321 2391 cotem

253 2429 409 2493 novacula
426 2451 520 2517 posse
543 2432 685 2522 praecidi.
706 2435 791 2497 Tum
807 2434 934 2499 Attium
949 2435 1082 2514 jussisse
1099 2435 1258 2522 experiri;
1283 2433 1323 2496 ita

254 2547 360 2594 cotem
381 2533 415 2596 in
432 2537 602 2600 comitium
620 2537 758 2619 allatam,
774 2540 979 2628 inspectante
998 2555 1031 2604 et
1046 2561 1120 2628 rege
1134 2555 1167 2603 et
1183 2540 1322 2628 populo,

254 2638 409 2702 novacula
421 2662 490 2704 esse
506 2640 680 2707 discissam.
694 2641 742 2706 Ex
756 2667 794 2708 eo
809 2645 935 2726 evcnit,
947 2661 986 2709 ut
994 2645 1191 2733 Tarquinius
1205 2666 1323 2734 augure

250 2743 340 2807 Attio
353 2744 457 2810 Navio
473 2763 630 2832 uteretur,
655 2767 687 2814 et
704 2751 846 2840 populus
865 2749 906 2814 de
922 2751 987 2815 suis
1006 2751 1103 2815 rebus
1120 2751 1162 2815 ad
1179 2773 1257 2815 eum
1275 2773 1322 2814 re·

253 2846 381 2916 ferret».
408 2856 485 2919 Haec
503 2856 529 2918 si
548 2857 592 2920 ita
608 2873 703 2938 sunt,
726 2873 765 2921 ut
786 2872 939 2921 constans
964 2858 1112 2922 omnium
1132 2859 1321 2946 scriptorum

250 2971 300 3018 est
313 2961 471 3023 sententia
486 2959 550 3046 (4),
567 2963 693 3026 veritati
709 2979 925 3028 consentanea
936 2963 990 3026 vix
1001 2986 1071 3028 esse
1084 2981 1239 3052 possunt,
1256 2985 1323 3052 qun

253 3062 328 3126 alibi
345 3067 456 3130 scribit
469 3069 594 3133 Tullius
610 3069 655 3158 (5)
669 3095 677 3134 :
691 3101 703 3126 s
718 3073 767 3134 An
786 3071 866 3135 Attii
885 3071 976 3135 Navii
995 3071 1097 3135 lituus
1114 3071 1184 3154 ille,
1201 3094 1268 3158 quo
1285 3066 1321 3132 ad

246 3167 513 3258 ¹investigandum
539 3197 632 3239 suem
664 3176 811 3265 regiones
845 3176 946 3240 vineae
980 3177 1183 3258 terminavit,
1215 3192 1322 3240 conte-

252 3274 415 3340 mnendus
444 3279 512 3343 est?
543 3280 733 3363 Crederem,
758 3281 819 3344 nisi
841 3281 909 3360 ejus
938 3283 1074 3371 augurio
1093 3304 1150 3345 rex
1169 3280 1321 3346 Hostilius

254 3381 392 3448 maxima
407 3384 489 3450 bella
506 3387 686 3476 gessissetn.
703 3387 810 3470 Nam,
829 3384 998 3472 quomodo
1014 3387 1173 3451 Hostilius
1189 3386 1320 3450 maxima

190 3609 195 3622 ·
290 3587 568 3654 (1)1.ih.v,cap.1t.

181 3713 186 3726 .
288 3684 326 3747 (a)
344 3683 407 3730 Vide
421 3684 457 3733 Cl.
471 3684 608 3748 Schulting.
620 3685 650 3732 dc
663 3687 769 3749 Jurispr.
783 3686 863 3734 Cicer.
878 3703 933 3752 pag.
950 3688 1020 3746 αδδς
1035 3687 1158 3736 Morbum.
1168 3687 1200 3735 ad
1210 3687 1320 3737 Cndwor-

254 3773 291 3821 tht
304 3776 368 3838 Syst.
380 3772 459 3820 lntell.
470 3791 494 3836 p.
506 3771 565 3835 875.

289 3871 326 3932 (³)
344 3874 382 3921 De
399 3870 480 3919 Divin.
494 3870 536 3918 lib.
550 3873 578 3931 1,
591 3887 646 3934 cap.
663 3888 704 3932 ις’.

289 3967 326 4028 (t)
344 3967 420 4014 Dion.
430 3966 508 4016 Halic.
521 3967 608 4032 Antiq.
619 3971 692 4018 Rom.
701 3969 746 4017 lib.
758 3971 803 4028 111,
819 3987 846 4034 p.
863 3986 912 4018 noa
926 3981 950 4018 et
963 3971 1028 4029 203;
1044 3972 1097 4018 niv.
1110 3971 1157 4018 lib.
1169 3973 1197 4030 1,
1209 3986 1261 4034 cap.
1273 3967 1319 4022 tm

255 4053 309 4100 Val.
320 4056 388 4102 Max.
402 4055 446 4102 lib.
460 4059 552 4119 l,oap.
566 4064 596 4116 4,
607 4073 646 4106 ex.
663 4073 685 4106 1.

291 4149 748 4218 (5)DeNat.Deor.lib.ll‚cap.3.
