3020 4666
234 325 302 400 232
551 331 601 398 M.
626 331 664 397 T.
692 331 974 401 CICERONIS

233 465 451 550 potuerunt,
471 454 508 519 in
527 474 568 520 ea
584 450 643 520 isti
659 450 768 522 vestri
784 449 952 523 satellites
966 442 1130 524 modeste
1141 452 1300 528 insolen-

232 564 319 634 tiam
341 585 441 632 suam
466 557 717 631 continebunt.
736 559 893 656 Majores
910 564 1023 632 nostri
1042 566 1165 660 Capua
1182 571 1295 662 magi·

232 686 383 760 stratus,
403 683 589 760 senatum,
607 670 797 741 consilium
816 695 1033 758 commune,
1055 677 1178 746 omnia
1192 673 1296 747 deni·

172 793 175 800 '
231 807 305 883 que
337 783 489 879 insignia
521 778 730 878 reipublicae
764 780 1014 872 sustulerunt,
1046 805 1165 880 neque
1197 784 1295 856 aliud

232 891 450 992 quidquam,
479 891 548 962 nisi
576 895 684 962 inane
714 914 850 962 nomen
884 893 1015 988 Capuae
1044 893 1293 990 reliquerunt:

165 1039 171 1062 ·
232 1028 309 1076 non
337 1001 547 1074 crudelitate
561 1011 591 1046 ¹⁰
612 998 729 1096 (quid
751 1003 849 1074 enim
877 1000 948 1074 illis
973 999 1295 1098 fuitclementius‚

232 1117 298 1212 qui
319 1115 427 1185 etiam
444 1111 606 1186 “externis
623 1109 790 1184 hostibus
809 1112 911 1185 victis
931 1137 995 1184 sua
1011 1114 1201 1211 saepissime
1217 1113 1299 1187 red·

233 1221 463 1314 diderunti)‚
475 1219 538 1294 sed
550 1221 702 1298 consilio
711 1247 724 1309 ¹;
741 1219 843 1319 quod
860 1220 1049 1311 videbant,
1066 1226 1096 1293 si
1114 1221 1215 1319 quod
1232 1225 1298 1296 rei·

232 1333 387 1433 publicae
407 1323 597 1430 vestigium
614 1331 685 1404 illis
697 1331 880 1404 moenibus
893 1333 1156 1421 contineretur,
1166 1333 1297 1406 urbem

231 1445 347 1542 ipsam
368 1445 522 1541 imperio
547 1440 771 1512 domicilium
796 1438 956 1541 praebere
975 1465 1091 1538 posse.
1110 1446 1185 1514 Vos
1201 1441 1298 1532 haec,

232 1557 302 1628 nisi
320 1568 482 1627 evertere
501 1549 763 1650 rempublicam
780 1554 977 1652 cuperetis,
993 1577 1034 1624 ac
1047 1551 1152 1624 vobis
1166 1577 1298 1626 novam

234 1665 517 1738 dominationem
549 1687 777 1761 comparare,
804 1662 933 1752 credo,
957 1687 1067 1761 quam
1094 1665 1299 1762 peruiciosa

232 1790 369 1866 essent,
383 1799 461 1846 non
473 1784 502 1816 ¹1
522 1773 713 1846 videretis?

281 1890 358 1960 vll.
385 1883 484 1978 Quid
500 1885 597 1956 enim
620 1883 847 1956 cavendum¹
876 1899 930 1956 est
952 1886 992 1956 in
1012 1885 1165 1958 coloniis
1186 1884 1299 1958 dedu·

234 1994 377 2074 condis?
395 1997 432 2065 Si
446 1995 605 2066 luxuries
616 2003 631 2036 ²
643 2020 652 2080 3
666 1993 904 2066 Hannibalem
918 1999 1038 2094 ipsum
1050 1992 1065 2038 ³
1084 2000 1208 2094 Capua
1220 2020 1300 2068 cor·

188 2185 194 2204 ,
233 2109 345 2204 rupit.
369 2105 405 2176 Si
429 2095 616 2202 superbiai
636 2119 719 2175 nata
744 2103 834 2176 inibi
862 2129 938 2178 esse
960 2131 1006 2177 cx
1029 2109 1297 2204 Campanorum

235 2214 378 2287 fastidio
395 2214 548 2286 videtur.
564 2215 600 2286 Si
623 2213 849 2313 praesidium3
871 2241 947 2287 nou
968 2219 1192 2316 praeponitur
1212 2216 1299 2289 huic

234 2325 319 2398 urbi
339 2327 406 2397 ista
423 2321 585 2414 colonia,
605 2323 667 2398 sed
687 2328 897 2423 opponitur.
921 2331 968 2398 At
988 2325 1297 2424 quemadmodum

234 2437 444 2511 armaturll
469 2436 521 2507 dii
539 2432 776 2507 immortales!
796 2460 881 2508 nam
895 2437 994 2511 bello
1010 2439 1169 2528 Punico,
1189 2437 1297 2538 quid-

233 2623 336 2672 alterum
353 2622 477 2672 consulem
490 2639 522 2671 ex
536 2633 607 2688 geute
623 2637 666 2672 sua
680 2620 743 2688 petl-
786 2617 896 2672 lambis.
908 2619 993 2672 maluit
1008 2615 1155 2687 «quidenim
1164 2637 1275 2670 nouos.
1284 2643 1299 2663 ι

233 2700 320 2753 verint.
822 2717 847 2751 u.
860 2698 1297 2768 Interpuuctiouemuousiueaucto·

271 2797 314 2831 10.
335 2781 492 2832 crudelitate.
510 2780 628 2847 Quamvis
644 2781 744 2830 Fulvius
787 2781 857 2829 ritate
867 2784 1022 2831 mutavimus.
1035 2782 1060 2831 J.
1068 2782 1101 2830 V.
1114 2783 1142 2830 L.

234 2863 277 2928 qui
286 2855 370 2912 urbem
378 2863 441 2911 hauc
451 2861 666 2925 dituit,seustores
676 2861 745 2912 Catu·
824 2860 848 2908 3.
861 2853 1022 2909 Hannibalem
1035 2860 1120 2924 distem.
1129 2859 1223 2912 Notum
1236 2853 1297 2906 illud

233 2956 311 3006 panos
322 2941 354 2991 sd
366 2936 449 3007 palum
465 2941 583 3006 deligatus
597 2941 676 2990 securi
689 2957 744 3006 per-
788 2949 812 2987 et
833 2939 916 2988 multis
936 2949 1073 3000 narratum
1096 2937 1185 3001 Capua
1206 2938 1299 2986 scilicet

232 3018 461 3086 eomedt‚civesque
469 3021 589 3069 subbasta
598 3018 744 3080 vendiderit,
788 3020 1002 3069 commorationem
1026 3019 1128 3067 omniuo
1155 3014 1298 3065 Hannibalis

230 3115 282 3150 uon
291 3095 440 3148 crudelitatis
449 3112 485 3148 est
493 3097 630 3163 arguendus
638 3109 744 3160 senatus,
788 3115 848 3165 opes
860 3093 966 3164 fregisse.
986 3091 1068 3146 Graer.
1083 3093 1124 3144 bic
1137 3091 1198 3144 mals
1211 3094 1297 3155 habet,

232 3184 275 3243 qui
283 3216 290 3241 ‚
306 3189 333 3228 ut
346 3188 457 3244 parceret
472 3173 556 3237 victis,
569 3173 687 3239 jusserat,
700 3176 744 3226 sed
789 3178 911 3243 capuana
923 3176 1039 3243 corrupit.

231 3258 332 3306 Fulvius
338 3259 382 3321 qui
391 3273 433 3306 sua
441 3257 586 3305 auctoritate
595 3257 642 3306 tale
652 3255 744 3305 ocinus
823 3265 849 3314 4.
861 3249 1297 3322 ρηειιιαᾶιηοᾰιιηιανωαων.οαιιιῑο

232 3337 347 3402 patrarit.
786 3336 874 3385 virium
898 3346 1015 3400 apparatu
1039 3327 1120 3398 Capua
1146 3332 1298 3380 instruetur?

270 3429 310 3464 tr.
324 3410 444 3462 Videam.
453 3413 531 3474 Alii,-
539 3414 659 3464 videretis.
669 3418 719 3480 Qu.
728 3436 741 3460 ι
786 3415 900 3479 Quidque
908 3415 1016 3462 sutorum
1026 3423 1073 3468 ast,
1085 3426 1159 3475 quum
1168 3409 1209 3456 tlh
1218 3399 1297 3457 omnl-

232 3490 335 3544 J.v.L.
784 3492 831 3542 bus
850 3494 989 3557 Campania·
1011 3488 1148 3538 civitatibus
1174 3489 1297 3552 tamquam

267 3573 363 3620 v11.1.
383 3569 451 3636 Quid
466 3573 529 3620 enim
547 3573 679 3624 cavendum
697 3586 739 3624 est.
784 3571 974 3638 propugnaculis
984 3569 1097 3619 cinctain
1109 3583 1154 3616 uos
1164 3571 1298 3632 exsurget?

231 3653 310 3716 Quam
321 3649 457 3717 periculosa
474 3652 506 3700 sit
518 3649 575 3699 urbi
587 3652 683 3700 colonis
698 3652 741 3702 illa
785 3653 809 3702 Si
823 3651 947 3716 quondam
960 3649 1082 3698 fertilitate
1097 3645 1159 3705 soli,
1175 3656 1199 3693 et
1213 3647 1297 3694 homi-

230 3743 312 3780 orator
322 3731 486 3792 demonstrat,
499 3723 579 3796 inqua
589 3731 645 3778 vitia
658 3731 739 3778 omniu
784 3746 842 3778 uum
852 3728 962 3793 iugenio,
973 3727 1066 3775 tamdiu
1074 3725 1191 3773 Romanis
1201 3726 1298 3785 restitit,

231 3827 285 3875 qua
299 3811 407 3858 colonias
415 3809 555 3858 subvertere
565 3821 667 3874 possunt
680 3826 739 3857 con·
783 3821 848 3858 certa
863 3807 950 3870 majori
967 3822 1032 3854 nuuc
1051 3820 1127 3867 upum
1145 3804 1168 3850 si
1183 3804 1257 3863 freta,
1272 3814 1300 3852 et

231 3890 342 3947 veniant,
358 3890 481 3948 luxuries,
493 3889 619 3953 superbia,
633 3900 656 3937 et
673 3901 739 3938 tanta
783 3887 896 3937 omnibus
916 3885 947 3933 ad
969 3883 1133 3932 defensionem
1156 3881 1297 3932 necessariis

230 3966 354 4030 potentis,
373 3977 401 4014 ut
418 3969 502 4015 Roma
520 3967 596 4027 objici
617 3979 739 4032 tamquam
782 3969 1036 4028 instructa‚maguum
1045 3961 1073 4010 in
1085 3960 1220 4025 periculum
1231 3975 1296 4009 mtu-

231 4043 298 4092 nulli
308 4046 454 4110 participum
465 4045 643 4110 receptaculum
652 4047 739 4109 possit.
781 4043 906 4110 publicam
920 4041 1034 4091 adducet.
