2962 4682
307 363 505 432 ORATIO
530 365 635 443 PRO
661 365 799 434 LEGE
821 365 1061 437 M‘ANILIA.
1174 365 1219 440 33

151 482 319 556 nondum
352 488 567 583 tempestivo
599 484 645 556 ad
677 486 928 584 navigandum
947 491 1037 559 mari
1064 491 1219 562 Siciliam

151 592 256 682 adiit,
274 591 433 667 Africam
452 594 669 693 exploravit,
687 593 771 666 inde
790 595 988 668 Sardiniam
1007 623 1092 669 cum
1110 599 1220 671 classe

150 707 268 792 venit,
287 720 399 802 atque
420 705 497 776 haec
516 709 584 776 tria
597 704 830 777 frumentaria
843 704 1001 778 subsidia
1014 707 1220 807 reipublicae

151 813 366 886 firmissimis
391 815 566 912 praesidiis
589 815 836 912 classibusque
859 821 1023 889 munivit.
1047 818 1156 910 Inde,
1182 845 1220 892 sc

151 949 267 1020 quum
290 928 329 995 in
356 925 493 997 ltaliam
518 930 728 1024 recepisset,
752 926 893 998 duabus
920 929 1156 1026 Hispaniis¹⁵‚
1182 945 1219 1002 et

154 1034 267 1105 Gallia
295 1031 520 1132 Cisalpina¹⁶
551 1034 722 1134 praesidiis
749 1061 792 1108 ac
816 1035 968 1109 navibus
991 1039 1223 1132 confirmata,

151 1145 268 1216 missis
283 1146 371 1215 item
388 1147 424 1215 in
444 1171 545 1216 oram
559 1146 695 1242 Illyrici
711 1150 835 1234 mariS,
854 1149 943 1217 etin
958 1148 1129 1219 Achaiam
1145 1175 1221 1220 om·

153 1257 510 1351 nemqueGraeciam
532 1257 704 1351 navibus,
724 1257 832 1327 Italiae
851 1256 925 1327 duo
941 1261 1092 1329 maria¹⁷
1114 1266 1221 1332 maxi-

152 1367 219 1434 mis
238 1363 413 1437 classibus
430 1364 715 1463 firmissimisque
733 1366 905 1464 praesidiis
919 1367 1129 1456 adornavit;
1145 1372 1221 1469 ipse

152 1489 293 1563 autem,
314 1490 356 1546 ut
379 1501 398 1546 a
420 1476 614 1546 Brundisio
638 1475 822 1574 proiectus
846 1491 917 1565 est,
940 1476 1219 1577 undequinqua-

151 1583 290 1682 gesimo
317 1585 375 1657 die
400 1600 514 1658 totam
541 1586 586 1660 ad
608 1588 803 1686 imperium
824 1587 950 1685 populi
973 1592 1113 1660 romani
1134 1591 1220 1663 Cili-
1267 1643 1273 1650 -
1334 1597 1337 1604 “

152 1700 243 1767 ciam
257 1695 442 1792 adjunxit,
455 1695 602 1787 omues,
622 1701 686 1795 qui
699 1696 837 1795 ubique
852 1697 1041 1795 praedones
1053 1698 1222 1794 fuerunt,

151 1808 285 1904 partim
308 1811 404 1906 capti
422 1808 675 1906 interfectique
694 1823 801 1896 sunt,
827 1813 959 1906 partim
984 1814 1092 1882 unius
1113 1813 1243 1910 hujus

152 1919 307 2014 imperio
332 1942 373 1988 ac
400 1921 571 2016 potestati
595 1944 631 1991 se
661 1917 890 1991 dediderunt.
912 1920 1014 1992 Idem
1040 1927 1222 1996 Cretensi-

152 2025 221 2098 bus
237 2021 282 2112 13,
301 2027 413 2124 qu'um
436 2027 482 2099 ad
508 2054 593 2100 eum
616 2028 792 2126 usquein
819 2029 1064 2128 Pamphyliam
1085 2033 1221 2130 legatos

154 2137 480 2238 deprecatoresque
500 2141 696 2226 misissent,
718 2163 820 2237 spem
838 2138 1031 2211 deditionis
1045 2165 1121 2211 non
1139 2143 1219 2222 ade·

152 2252 238 2338 mit,
263 2248 482 2347 obsidesque
502 2251 701 2349 imperavit.
730 2253 784 2319 Ita
806 2263 948 2320 tantum
971 2249 1127 2337 bellum,
1147 2265 1220 2322 tam

153 2359 390 2449 diuturnum,
407 2376 482 2433 tam
500 2351 771 2458 longe'lateque
789 2358 1010 2458 dispersum,
1029 2386 1104 2458 quo
1123 2360 1221 2434 bello

153 2493 279 2540 omnes
293 2486 418 2566 gentes
433 2495 473 2542 ac
486 2472 652 2543 nationes
663 2468 935 2568 premebantur,
950 2475 1014 2543 Cn.
1029 2475 1222 2570 Pompeius

153 2683 279 2736 poetarum
295 2673 396 2738 proprie
417 2683 546 2732 venustae,
572 2673 664 2722 oratori
747 2674 787 2722 ιδ.
804 2674 873 2722 Idem
888 2674 1046 2724 Cretensibus.
1061 2675 1220 2726 Praedouibus

153 2767 344 2816 nonuunquam,
366 2753 498 2816 prteeertim
523 2753 550 2800 iu
569 2753 664 2802 elatiori
708 2753 751 2817 qui
761 2753 857 2802 Cretam
868 2755 972 2801 insulam
982 2767 1145 2818 occuparunt,
1157 2772 1220 2818 quos

153 2845 237 2890 muse,
251 2845 376 2878 concaua.
708 2834 741 2895 Q.
752 2833 866 2881 Metellus
878 2831 1018 2889 obsidebat,
1032 2832 1098 2881 uude
1112 2835 1221 2886 Creticus

190 2911 230 2958 15.
250 2908 352 2956 Duabus
368 2909 500 2974 Hispaniis.
517 2911 601 2961 Altera
616 2912 664 2971 eis,
709 2913 895 2974 cognominatus
906 2922 950 2958 est.
963 2936 998 2946 -
1014 2912 1095 2973 Usque
1107 2911 1133 2958 in
1145 2915 1221 2962 Pam·

152 2988 226 3038 altere
239 3001 305 3036 trans
318 2987 409 3038 flumen
421 2989 528 3039 lberum.
706 2989 825 3056 piyliam.
838 2991 901 3038 MSS
912 2986 1002 3038 Colon.
1012 3005 1088 3052 usque
1098 2991 1221 3054 Pamphy-

190 3069 230 3118 ιδ.
251 3068 338 3116 Gallia
352 3067 487 3134 Cisalpina.
510 3069 587 3119 ltaliae
608 3085 664 3134 pers
708 3061 1219 3134 liam.-Legates.0ppuguetistdetello

153 3148 246 3211 quaesb
254 3145 361 3211 Alpibus
370 3147 402 3196 ad
410 3149 564 3197 Rubiconem
572 3147 665 3197 flumen
706 3149 801 3213 legatos
817 3147 849 3196 ad
868 3151 912 3199 Cn.
931 3147 1074 3212 Pompeium
1090 3148 1220 3209 miserunt,

153 3238 229 3290 petet,
240 3227 320 3274 Gellia
332 3227 397 3276 dicte
407 3239 443 3276 est
452 3226 482 3276 ab
493 3228 524 3276 ite
533 3229 609 3276 Gallis
621 3228 664 3292 qui
708 3238 737 3276 ut
747 3229 770 3276 si
781 3226 881 3274 ieeultas
894 3237 971 3286 esset,
981 3227 1085 3274 insulem
1099 3228 1123 3276 ei
1134 3229 1218 3292 potius

153 3306 589 3370 TarquinioPrisco‚utLiriuslibro
596 3307 666 3371 quin-
708 3323 781 3372 quem
798 3307 900 3354 Metello
920 3304 1051 3366 dederent,
1070 3323 1143 3371 quem
1162 3311 1219 3358 sads

154 3395 179 3432 to
202 3385 370 3444 demonstret,
397 3397 527 3451 regnante,
554 3386 665 3434 ducentis
708 3385 875 3450 intelligebant
888 3385 1032 3433 acerrimum
1045 3385 1148 3451 deipsis
1161 3405 1221 3453 eup-

153 3465 310 3514 suteUrbem
319 3466 664 3530 ceptemeunindlpestrsus-
707 3466 808 3532 plinium
830 3477 982 3530 sumpturum
1006 3482 1066 3515 esse.
1088 3467 1220 3532 Pompeius

154 3544 241 3608 gressi,
250 3544 356 3594 medium
364 3561 442 3610 prope
454 3546 546 3594 ltaliam
557 3561 664 3611 occupa-
707 3558 736 3596 ut
746 3548 851 3595 fructum
864 3546 915 3606 ejus
926 3544 1007 3592 laudis
1020 3545 1120 3593 Metello
1134 3546 1217 3610 praeri·

155 3634 218 3672 runt.
229 3627 300 3674 Hunc
309 3625 384 3689 igitur
393 3627 497 3674 Romul
508 3625 664 3690 Cisalpinam,
707 3635 791 3691 peret,
807 3629 835 3672 L.
851 3624 982 3672 Octavium
998 3623 1104 3687 legatum
1120 3622 1150 3670 ed
1166 3625 1219 3672 Me·
1307 3641 1309 3648 ·

155 3701 330 3762 alterumvero,
343 3704 408 3752 uude
420 3706 665 3763 venerentrraneal·
708 3707 792 3755 tellum
805 3705 870 3752 misit
882 3715 912 3751 ut
926 3702 957 3751 sb
974 3702 1159 3767 oppugnatione
1175 3700 1219 3751 de·

151 3781 665 3844 pinamsoeemnt.Caeeerhmeu1terio-
708 3787 813 3834 sisteret.
841 3783 891 3831 Sed
917 3781 1032 3830 Metellus
1060 3779 1218 3829 nihilomiuus

155 3877 219 3924 nm,
237 3863 303 3913 illm
325 3865 461 3915 citeriorem
483 3879 602 3932 perpetuo
621 3883 664 3932 ep·
708 3864 820 3914 obsessos
829 3861 1010 3910 indeditiouem
1020 3859 1148 3923 compulit,
1158 3861 1218 3910 etin

157 3940 236 4004 pellet.
708 3959 807 4008 eospro
821 3958 866 3990 suo
877 3938 1220 4001 juresuimsdrertit-De-

193 4036 232 4081 ¹7·
262 4023 317 4071 Duo
342 4026 432 4074 maria.
463 4023 615 4074 Adriaticum
640 4036 665 4074 et
703 4033 894 4088 precatoresque
916 4016 1043 4069 mt'st'ssent.
1074 4020 1221 4085 Suppliciter

157 4097 307 4162 Tyrrhenum
320 4117 393 4152 mare.
708 4113 818 4170 petentes
829 4099 932 4148 venien.

252 4190 313 4257 ΙΙΙ.
342 4205 575 4268 crepuissent«.
1080 4181 1101 4254 3
