2956 4676
253 342 318 436 ηε
565 343 613 410 Μ.
638 341 677 410 r.
703 285 979 412 nicanorus

247 463 465 536 incolumem
478 461 591 533 fliium
605 473 618 518 ⁷
639 460 715 533 fore
734 461 898 559 putabat,
917 459 960 531 ad
975 481 1084 557 quem
1101 479 1177 530 non
1191 440 1310 531 modo'

247 599 370 646 verum
386 574 535 659 crimen,
556 571 617 644 sed
637 597 683 643 ne
703 572 785 642 ficta
798 570 947 668 quidem
962 571 1118 668 suspicio
1134 573 1303 666 perveni-

244 699 318 772 ret3
336 698 372 756 et
391 684 450 754 cui
466 707 540 752 non
554 679 665 751 modo
680 695 803 778 aperta
818 682 1046 752 inimicorum
1059 682 1302 779 oppugnatio,

246 793 307 865 sed
326 818 374 865 ne
391 793 537 864 occuttae
555 791 702 887 quidem
718 793 840 861 matris
858 789 994 862 iusidias
1013 813 1144 862 nocere
1163 793 1302 888 potuis·

247 916 336 973 sent.
355 902 524 972 Larinum
549 914 741 998 postquam
769 905 886 986 venit,
912 923 991 996 quae
1013 925 1033 970 a
1053 903 1220 972 Stratone
1240 901 1302 972 iiio

247 1036 425 1084 venenum
447 1026 551 1082 antea
565 1013 643 1082 viro
663 1032 730 1081 suo
744 1009 884 1097 datum,
904 1007 972 1080 sibi
994 1030 1205 1106 persuasum
1225 1033 1303 1081 esse

246 1120 461 1218 simulasset,
480 1121 690 1192 instructam
708 1120 741 1190 ei
757 1121 929 1210 continuo
948 1132 985 1190 et
1002 1133 1165 1190 ornatam
1183 1118 1304 1190 Larim

244 1229 429 1301 medicinae
449 1224 684 1300 exercendae⁸
699 1250 804 1299 causa
817 1228 1002 1299 tabernam
1022 1227 1133 1298 dedit.

292 1349 415 1416 LXIV.
447 1347 591 1432 Unum,
627 1338 802 1432 aiterum,
838 1345 983 1416 tertium
1020 1365 1156 1414 annum
1192 1345 1304 1416 Sassia

246 1451 470 1550 quiescebat,
492 1467 533 1524 ut
554 1453 644 1525 velie
666 1467 774 1550 atque
796 1469 921 1552 optare
939 1451 1074 1549 aliquid
1097 1453 1306 1526 calamitatis

246 1563 321 1634 fiiio
335 1567 474 1660 potius,
491 1584 600 1659 quam
615 1563 650 1634 id
665 1577 804 1635 struere
818 1577 854 1634 et
869 1563 986 1634 moliri
1003 1563 1196 1634 videretur.
1213 1567 1306 1634 Tum

246 1674 414 1756 interim,
438 1677 653 1761 Hortensio,
681 1673 829 1745 Metello
860 1672 1106 1762 consulibus¹,
1137 1688 1177 1744 ut
1208 1673 1308 1745 hunc

246 1783 486 1881 Oppianicum
515 1784 611 1855 aliud
638 1796 823 1881 agentem,
851 1808 893 1854 ac
920 1783 1009 1854 nihii
1036 1783 1213 1880 ejusmodi
1246 1809 1308 1856 co·

247 1897 440 1992 gitantem,
462 1893 506 1965 ad
533 1895 625 1966 banc
652 1897 916 1966 accusationem
944 1891 1167 1984 detraheret,
1193 1898 1309 1966 invito

247 2001 440 2100 despondit
471 2005 502 2074 ei
533 2002 643 2075 fluam
669 2026 794 2091 stram,
819 2003 936 2090 iliam,
967 2029 1075 2100 quam
1102 2029 1144 2074 ex
1173 2027 1309 2102 genero

248 2128 472 2212 susceperat,
491 2127 531 2184 ut
549 2139 633 2184 eum
654 2115 790 2213 nuptiis
811 2113 991 2208 alligatum
1007 2110 1132 2200 simul,
1151 2130 1188 2187 et
1202 2128 1310 2185 testa·

249 2226 362 2294 menti
391 2246 455 2320 spe
480 2211 707 2310 devinctum,
729 2235 874 2322 pusset²
901 2222 1033 2294 habere
1058 2225 1095 2292 iu
1121 2239 1310 2320 potestate.

250 2338 326 2414 Hoc
344 2334 423 2429 ipso
440 2329 513 2403 sere
534 2347 699 2431 tempore
717 2337 834 2404 Strato
855 2329 915 2402 ilie
932 2330 1094 2404 medicus
1111 2333 1211 2404 domi
1235 2331 1313 2404 fur-

250 2455 329 2511 tum
347 2439 432 2513 fecit
450 2456 486 2512 et
503 2442 635 2514 eaedem
657 2440 844 2538 ejusmodi.
863 2443 987 2530 Quum
1010 2454 1102 2510 esset
1118 2443 1155 2510 in
1175 2439 1313 2512 aedibus

252 2550 464 2638 armarium,
487 2551 524 2621 in
552 2576 627 2648 quo
656 2555 763 2623 sciret
787 2573 863 2622 esse
891 2570 1125 2620 nummorum
1148 2552 1314 2649 aliquan-

253 2674 332 2730 tum
351 2674 387 2730 et
404 2656 528 2730 auri³:
548 2677 659 2732 noctu
685 2660 776 2730 duos
799 2681 990 2730 conservos
1011 2656 1233 2730 dormientes
1255 2683 1317 2731 oc·

254 2767 360 2855 cidit,
380 2770 418 2838 iu
438 2771 684 2867 piscinamque
709 2769 855 2864 dejecit3
884 2771 960 2866 ipse
987 2769 1127 2856 armarii
1156 2767 1313 2839 fundum

256 2880 429 2966 exsecuit,
443 2893 480 2951 et
492 2883 591 2950 H-S⁴
606 2894 642 2950 et
654 2880 732 2950 auri
743 2882 906 2976 quinque
922 2877 1047 2974 pondu
1060 2867 1225 2967 abstulit,
1238 2903 1314 2950 uno

295 3051 319 3094 7.
336 3035 484 3083 incolumem
491 3033 584 3104 filiam.
597 3036 711 3097 Nonjsm
725 3035 765 3083 ds·
806 3036 897 3083 Verris.
906 3035 965 3082 Tres
978 3044 1057 3081 sutem
1070 3036 1125 3082 anni
1134 3036 1205 3095 jsma
1216 3047 1315 3085 mortuo

260 3113 337 3159 mnsri
349 3129 421 3176 posse
435 3111 515 3161 iiiium¹
528 3130 599 3178 quem
619 3130 671 3163 non
689 3113 764 3163 modo
808 3113 943 3177 Oppianico
966 3111 1121 3172 emmeram,
1139 3114 1173 3161 its
1186 3125 1229 3173 ut,
1241 3129 1315 3179 quum

260 3193 311 3237 veri
325 3192 432 3238 criminis
449 3207 548 3256 arguere
567 3209 620 3241 nou
636 3203 764 3257 poterant,
808 3193 861 3260 brec
875 3190 999 3240 Ciceronis
1014 3186 1083 3238 cauas
1097 3208 1163 3241 suno
1174 3193 1224 3254 687
1237 3209 1317 3258 egare-

259 3267 405 3316 ssdusiiets
415 3269 513 3332 quidem
522 3275 659 3337 suspicions
671 3272 765 3320 luders.
808 3279 858 3328 tur,
872 3269 1025 3332 septemium
1039 3269 1097 3316 anni
1109 3281 1187 3319 essent
1202 3271 1288 3337 elapsi.

298 3348 322 3395 8.
331 3347 459 3396 Medicinae
469 3351 618 3400 curandas.
626 3353 681 3399 Jan
691 3349 767 3399 adno-
845 3363 869 3398 a.
882 3349 968 3396 Posset.
977 3347 1038 3406 Alii,
1044 3347 1131 3412 possit.
1144 3351 1247 3400 r.v.1.

261 3425 366 3474 urinam
375 3441 457 3474 meos
469 3429 625 3492 pierumque,
639 3429 767 3478 sutiibsr·
847 3427 874 3478 3.
890 3429 961 3476 Arari.
976 3429 1034 3476 Nou
1046 3431 1171 3491 pecunia,
1189 3445 1261 3494 qusm
1278 3447 1318 3479 su·

261 3507 329 3552 tinus
350 3506 493 3554 medicinam
517 3523 636 3567 exercere,
657 3508 768 3556 eosdem·
812 3523 855 3572 prs
868 3506 1318 3566 nominavit,sedvssomursutsimi-

262 3599 311 3648 φο
328 3585 502 3634 medicamenta
519 3589 544 3634 iu
565 3587 671 3634 tabernis
683 3587 770 3651 sepias
811 3586 880 3634 iiam.

262 3665 375 3714 muers.
849 3665 1012 3725 suaseonis,
1030 3667 1123 3714 etii-S.
1136 3665 1225 3713 Deam
1234 3665 1274 3714 bic
1284 3665 1319 3714 vi·

301 3745 391 3796 txtv.
410 3762 433 3795 s.
446 3746 585 3803 Horteruio,
600 3745 699 3794 Metello
710 3761 769 3794 coss.
813 3745 884 3793 datm
909 3759 1001 3792 summa
1020 3746 1191 3794 sestertiorum.
1214 3746 1320 3808 Conjieit

264 3821 299 3870 iii
311 3825 378 3873 inere
394 3839 459 3873 sano
478 3827 532 3884 684
544 3825 669 3881 consulu,
683 3823 770 3888 quibu
814 3821 958 3874 Manutius·
967 3839 983 3872 x
993 3825 1098 3884 miltun
1109 3826 1224 3874 Gronov.
1235 3847 1247 3867 α
1255 3843 1319 3882 ου,

265 3901 505 3966 designatis,Verres
517 3904 709 3969 designatarum
719 3921 769 3968 quo
812 3917 867 3968 quae
885 3901 962 3948 ittera
979 3901 1005 3950 in
1023 3902 1085 3952 MSS
1100 3903 1168 3950 isciie
1182 3904 1263 3952 omitti
1275 3918 1320 3967 po·

264 3980 351 4028 sodsm
363 3984 582 4048 tempors,Cicsro
592 3983 668 4032 sedilis
679 3984 723 4031 fuit
733 3983 772 4031 ds-
814 3991 911 4032 tucrum
937 3981 971 4031 ob
996 3981 1177 4030 similimdiuem
1199 3983 1319 4032 literarum

265 4058 384 4120 signatus,
393 4073 420 4110 ut
429 4064 481 4126 ipss
491 4063 575 4111 scribit
584 4063 771 4111 insequentibus
815 4065 974 4127 sequentium·
986 4063 1009 4111 J.
1019 4061 1050 4109 V.
1065 4063 1092 4108 L.
