3018 4664
242 325 314 426 394
366 275 371 283 ¹
561 335 611 403 u.
639 337 678 404 r.
705 335 989 407 crcnnortrs

239 473 315 547 quo
347 473 532 550 quemque
569 454 749 552 proficisci
785 458 967 557 placeret3
998 454 1182 554 delegisti,
1217 483 1312 554 quos

239 565 363 632 Romae
397 561 650 660 relinqueres,
682 593 777 665 quos
808 583 927 640 tecum
961 565 1156 654 educeres;
1182 565 1313 639 descri-

239 674 343 771 psisti
355 673 456 746 urbis
469 693 587 775 partes
601 678 645 751 ad
660 678 870 771 incendia⁸;
888 679 1126 766 confirmasti,
1141 695 1176 752 te
1192 682 1311 780 ipsum

237 783 313 878 jam
332 809 409 857 esse
429 789 630 880 exiturum3
652 791 772 864 dixisti
794 791 996 891 paullulum
1020 789 1086 863 tibi
1107 817 1184 864 esse
1204 796 1312 865 etiam

239 905 319 966 turn
349 919 486 987 morae,
515 901 616 997 quod
647 927 715 999 ego
747 905 916 975 viverem.
946 904 1093 1000 Reperti
1121 917 1208 973 sunt
1238 901 1335 1002 duo¹

242 1007 386 1100 equites
404 1013 581 1100 romania,
606 1015 671 1109 qui
691 1027 726 1086 te
745 1016 813 1085 ista
839 1035 926 1085 cura
946 1010 1158 1100 liberarent,
1180 1025 1217 1083 et
1237 1035 1313 1084 sese

241 1115 302 1186 illa
315 1119 394 1214 ipsa
407 1137 515 1192 nocte
531 1123 655 1220 paullo
670 1139 754 1197 ante
769 1125 888 1198 lucem
904 1145 962 1193 me
972 1131 1005 1166 ¹⁰
1020 1145 1103 1194 meo
1122 1123 1160 1192 in
1180 1122 1312 1194 lectulo

242 1225 498 1302 interfecturos
520 1234 789 1330 pollicerentur.
812 1241 895 1306 Haee
918 1257 984 1331 ego
1006 1234 1146 1318 omnia,
1164 1231 1312 1312 vixdum

243 1337 352 1408 etiam
367 1355 465 1412 coetu
478 1358 601 1415 vestro
615 1345 781 1436 dimisso,
796 1345 959 1441 comperi
974 1351 1003 1386 ¹¹
1014 1369 1023 1430 3
1036 1342 1185 1413 domum
1195 1365 1311 1412 meam

242 1447 443 1542 majoribus
471 1453 646 1550 praesidiis
674 1455 814 1526 munivi
847 1469 956 1550 atque
987 1450 1149 1539 firmavi,
1177 1451 1313 1522 exclusi

242 1581 305 1628 eos
317 1566 361 1643 ¹²,
379 1558 474 1657 'quos
488 1577 529 1633 tu
544 1589 651 1636 mane
665 1564 710 1636 ad
727 1589 785 1635 me
801 1563 993 1635 salutatum
1010 1562 1177 1649 miseras,
1198 1583 1311 1657 quum

187 1741 192 1754 ,
243 1665 295 1736 illi
315 1669 384 1766 ipsi
406 1678 614 1746 venissent:
643 1699 735 1772 quos
759 1699 827 1772 ego
853 1673 927 1768 jam
954 1671 1076 1742 multis
1099 1693 1140 1740 ac
1164 1671 1312 1742 summis

241 1778 327 1846 viris
346 1779 389 1848 ad
412 1805 472 1853 me
484 1783 523 1854 id
540 1781 757 1883 temporis¹³
778 1797 953 1856 venturos
970 1805 1048 1853 esse
1066 1778 1311 1878 predixeram.

292 1890 335 1958 V.
363 1892 452 1980 Quae
479 1919 593 1991 quum
618 1897 669 1966 ita
694 1898 789 1982 sint,
812 1894 984 1981 Catilina,
1006 1915 1116 1990 perge
1139 1915 1215 1988 quo
1241 1915 1313 1962 coe·

243 1998 346 2094 pisti,
360 2003 532 2097 egredere
544 2004 741 2102 aliquando
754 2031 798 2076 ex
812 2004 920 2091 urb'e3
939 2017 1065 2102 patent
1078 2017 1212 2100 portae3
1232 2025 1314 2098 pro

243 2105 428 2182 ficiscere:
452 2115 606 2186 nimium
629 2116 696 2187 diu
717 2131 753 2187 te
779 2119 1035 2214 imperatorem
1060 2113 1120 2184 illa
1144 2107 1206 2184 'tua
1232 2111 1314 2185 Mal-

244 2216 339 2292 liana
372 2237 487 2295 castra
515 2224 732 2298 desiderant.
769 2225 869 2296 Educ
898 2239 1018 2295 tecum
1050 2225 1157 2294 etiam
1187 2245 1313 2294 omnes

243 2341 348 2415 tuos,
373 2334 401 2403 si
425 2337 563 2422 minus,
582 2363 693 2435 quam
713 2335 914 2436 plurimos:
940 2359 1055 2433 purga
1073 2331 1215 2404 urbem.
1237 2337 1312 2404 Ma-

243 2461 318 2533 gno
335 2465 394 2512 me
413 2459 513 2516 metu
529 2445 716 2535 liberabis,
738 2445 939 2518 dummodo
959 2446 1056 2516 inter
1073 2467 1133 2514 me
1150 2457 1260 2541 atque
1277 2456 1313 2512 te

244 2573 372 2623 murus
404 2554 555 2628 intersit.
584 2559 779 2630 Nobiscum
810 2559 944 2629 versari
971 2556 1044 2652 jam
1073 2555 1210 2626 diutius
1237 2579 1311 2624 non

245 2674 381 2756 potes:
409 2689 484 2736 non
511 2666 664 2759 feram1,
685 2695 759 2741 non
785 2670 919 2766 patiar,
945 2691 1020 2738 non
1038 2667 1163 2738 sinam.
1183 2671 1315 2762 Magna

245 2769 314 2845 diis
342 2775 633 2854 immortalibus²
663 2779 831 2854 habenda
856 2793 909 2851 est
931 2781 1064 2876 gratim
1091 2792 1202 2875 atque
1228 2777 1313 2847 huic

281 2944 305 2991 a.
316 2944 361 2992 Aa
372 2945 497 2999 ucenae..
506 2950 651 3000 riunena.
663 2951 688 2999 rn
701 2951 756 3000 cr..
838 2925 929 2998 misr.
942 2963 981 2996 m
995 2947 1020 2996 t.
1034 2963 1089 2996 mo
1100 2947 1197 2996 tecua.
1207 2949 1232 2996 s.
1241 2949 1273 2996 v.
1284 2950 1313 2996 n.

246 3021 294 3080 1⁸,
308 3024 400 3074 Urbem
418 3027 479 3076 rite
497 3029 601 3080 Catilina
613 3032 640 3078 in
658 3041 756 3078 centon
839 3043 878 3076 rr.
894 3027 1011 3092 competi.
1021 3029 1067 3076 Per
1075 3027 1192 3086 Fulviam,
1202 3026 1312 3091 adquam

243 3112 324 3164 parter
333 3103 449 3166 divisam,
462 3108 552 3171 quibus
565 3119 602 3158 tot
613 3109 660 3158 viri
668 3123 757 3173 prees-
799 3123 850 3156 rem
860 3123 957 3156 omnem
966 3108 1057 3170 Curius
1071 3105 1199 3156 detulerat.

244 3183 360 3245 “nisqui
369 3185 441 3232 simul
450 3187 530 3250 ignem
543 3187 697 3249 subiicerent
706 3184 756 3238 Sel·
837 3203 880 3235 ια.
894 3187 997 3235 tactust
1007 3201 1057 3233 eor.
1075 3187 1125 3248 Qui
1136 3199 1188 3233 non
1202 3185 1315 3240 oderisii,

244 3257 331 3307 ¹⁰⁵il⁰⁸
343 3273 435 3320 intem,
452 3282 506 3330 cap.
526 3265 572 3326 43,
586 3267 675 3316 Urbem
693 3267 757 3316 dixit
799 3265 1029 3329 itrrlnmnmntpro
1040 3265 1314 3328 foribue,ntrempro-

244 3337 271 3386 in
291 3338 419 3390 duodecim
430 3357 511 3408 partes
525 3347 557 3394 od
573 3347 626 3396 hero
644 3347 756 3396 incendia
801 3345 893 3396 derunt.
904 3345 1028 3393 Plutarch.

243 3417 317 3466 foisse
327 3419 479 3487 descriptam.
490 3425 561 3476 Gonl‘.
577 3427 649 3476 etiem
657 3425 755 3476 Catilio.
838 3427 878 3474 13.
889 3426 929 3473 ΑΙ.
939 3435 1070 3473 «venturos
1078 3422 1103 3471 id
1114 3421 1313 3487 tempor-iserae».

244 3498 423 3562 u,e;111,c.
800 3506 906 3553 nur.

280 3593 305 3642 9.
327 3581 382 3626 Duo
402 3581 494 3645 equites
505 3586 612 3634 mmanr'.
628 3584 755 3634 Sallustius
834 3585 866 3633 V.
883 3599 906 3630 1.
920 3579 1078 3645 Noufirranr.
1090 3579 1209 3628 Uthomo
1219 3589 1244 3626 te
1254 3595 1317 3644 prm·

243 3673 319 3706 unum
331 3661 437 3722 equitem
451 3665 479 3710 L.
491 3665 644 3724 Cornelium,
653 3665 755 3712 alterum
798 3659 965 3724 sentemserre
976 3675 1028 3706 non
1041 3675 1155 3724 puerum,
1166 3675 1211 3706 neo
1219 3669 1315 3706 tuntum

243 3747 378 3786 senriorem
392 3741 419 3788 1..
440 3743 616 3806 Vargunteium
635 3743 707 3790 luisse
721 3743 755 3790 di·
797 3740 855 3803 pacr'
865 3738 1030 3804 supplicium
1044 3749 1073 3786 ut
1086 3738 1316 3802 megietntur‚nou

244 3815 285 3864 cit.
298 3817 441 3866 Plutarchus
450 3822 568 3869 Marcium
581 3833 605 3870 et
621 3821 755 3885 Cethegum
800 3831 824 3868 re
836 3819 958 3866 siuamblr
969 3817 1182 3866 iumuriediutine
1190 3818 1290 3864 morrei.

243 3895 364 3958 appellat,
378 3898 421 3944 eed
433 3901 560 3948 manifesto
570 3917 652 3948 errore
661 3917 668 3958 ς
678 3915 754 3963 quum
835 3897 921 3946 a.Dr'r'r
934 3896 1119 3945 immortalibus.
1131 3899 1185 3946 Hoc
1194 3907 1219 3943 et
1227 3895 1259 3943 ad
1266 3896 1319 3960 pie-

244 3971 275 4021 de
285 3975 311 4024 L.
322 3977 438 4026 Cornelio
453 3979 532 4028 omnis
545 3980 644 4028 tolletur
658 3977 755 4027 dubita·
801 3977 857 4027 tetie
876 3975 1078 4040 significationem
1099 3987 1124 4024 et
1136 3975 1167 4022 ed
1185 3974 1318 4040 quemdem

244 4052 280 4098 tio
290 4069 320 4100 ex
335 4055 389 4116 ipro
399 4055 516 4106 Cicerone
528 4073 576 4120 pro
589 4057 665 4117 Solle,
677 4073 701 4105 c.
715 4059 755 4106 18.
802 4050 918 4106 clationis
933 4055 1074 4119 dignitatem
1084 4055 1172 4116 injicit.
