2956 4676
270 333 337 404 160
585 335 634 402 M.
659 335 698 402 T.
725 333 1002 405 CICERONIS

264 477 489 528 suunmumu
512 475 628 538 nim,
652 452 959 544 umntQutd
985 455 1086 526 tum?
1111 457 1182 546 Qut
1206 469 1334 530 sonum

264 590 377 654 cour,
396 587 553 649 comum,
571 583 1027 651 couvmm,couvnuun1u‚
1049 589 1122 648 Quo
1140 590 1222 649 Quis
1237 579 1336 638 suoi·

263 697 322 744 cm
335 695 486 744 eunuco
504 694 834 742 conuuuulnnuun.
857 675 930 763 Qui
947 669 1128 744 eorum⁸:
1151 677 1336 772 quorum?

263 782 447 869 videlicet,
470 781 534 877 qui
551 803 659 878 supra
678 783 802 879 scripti
823 795 921 852 suut.
944 781 1043 874 Quid
1061 783 1229 872 interest,
1248 800 1335 858 utro

262 890 566 987 modoscniptum
590 889 659 960 sit?
680 893 753 960 Etsi
775 905 1167 988 est‘apertum‚'temen
1184 896 1262 991 ipsa
1276 895 1335 968 lex

263 999 379 1072 docet.
394 1001 463 1070 Ubi
482 999 580 1070 enim
594 1021 721 1070 omnes
738 999 907 1070 mortales
920 999 1056 1097 alligat,
1074 1002 1124 1072 ita
1137 1002 1329 1100 loquitur:

265 1115 337 1205 Qui
351 1134 525 1182 venenum
544 1134 675 1180 neuun
693 1130 809 1196 unctu,
823 1133 977 1181 uscuniu.
998 1115 1135 1184 Omnes
1153 1114 1239 1200 viri,
1253 1139 1334 1186 mu-

264 1223 388 1311 lieres,
408 1219 530 1307 liberi,
553 1221 646 1292 servi
669 1222 706 1290 in
721 1218 899 1314 judicium
914 1235 1102 1292 vocentur.
1124 1223 1160 1292 Si
1179 1223 1268 1294 item
1287 1224 1335 1296 de

264 1332 422 1403 coitione
444 1330 636 1416 uoluisset,
662 1327 902 1424 adjunxisset,
925 1355 1031 1414 Quive
1053 1355 1203 1417 commu.
1229 1336 1336 1406 Nunc

261 1445 311 1514 ita
333 1455 403 1527 est,
425 1443 551 1524 Deque
572 1463 653 1510 mus
680 1463 807 1512 cintus
834 1429 1016 1530 Quium,
1045 1465 1106 1525 Qut
1129 1465 1332 1516 necisum-

260 1575 339 1624 τιτι
358 1573 557 1637 uenustus,
579 1572 687 1633 Quive
706 1574 744 1622 ue
761 1575 896 1622 senisu
915 1575 1140 1624 suuuuuumn
1158 1578 1331 1628 mxumo:

262 1685 326 1744 Qut
340 1683 464 1732 nouum
484 1683 596 1745 couu,
613 1683 766 1730 commu.
785 1665 881 1732 Num
897 1660 926 1732 is
944 1676 998 1732 est
1012 1660 1222 1734 Cluentius?
1235 1679 1334 1736 certe

262 1795 337 1842 non
358 1783 422 1843 est.
441 1771 532 1859 Quis
550 1789 638 1866 ergo
659 1783 714 1840 est
735 1768 946 1840 Cluentius?
967 1771 1032 1866 qui
1049 1783 1168 1840 tamen
1186 1771 1335 1844 delendi

263 1903 407 1952 causam
420 1903 521 1949 suam
536 1879 615 1976 lege
630 1877 723 1950 nolit
733 1889 760 1948 9.
780 1883 907 1976 Itaque
921 1877 1052 1973 abjicio
1065 1878 1182 1974 legem
1193 1889 1238 1968 ¹⁰,
1252 1905 1333 1952 mo·

261 2015 339 2064 rem
361 1993 529 2064 Cluentio
548 2017 635 2089 gero
656 2021 664 2063 ε
685 1990 751 2063 tibi
771 2007 911 2082 tamen,
935 1993 1010 2064 Atti
1023 2002 1067 2082 ¹¹,
1096 2017 1227 2090 pauca,
1251 2019 1333 2091 quae

262 2102 308 2175 ab
325 2102 434 2198 hujus
453 2123 559 2172 causa
577 2101 739 2196 sejuncta
761 2116 866 2186 sunt,
885 2100 1129 2200 respondebo,
1147 2106 1211 2173 Est
1232 2105 1332 2176 enim

261 2213 435 2312 quiddam
455 2213 493 2284 in
513 2211 580 2283 hac
601 2235 724 2300 cause,
744 2211 846 2308 quod
864 2211 1051 2282 Cluentius
1065 2211 1110 2282 ad
1126 2235 1179 2300 se;
1198 2226 1253 2284 est
1266 2212 1333 2284 uli·

260 2323 371 2421 quid,
392 2321 494 2420 quod
511 2346 579 2416 ego
599 2321 718 2394 adme
735 2337 862 2419 putem
885 2323 1077 2421 pertinere.
1099 2321 1165 2392 Hic
1182 2347 1248 2394 sua
1264 2347 1329 2420 pu·

259 2449 312 2505 tet
327 2438 518 2520 interesse,
536 2455 574 2504 se
590 2455 630 2500 re
646 2431 740 2528 ipsa,
758 2446 794 2504 ct
815 2447 916 2529 gesto
934 2434 1082 2529 negotio
1096 2442 1139 2524 ¹²,
1159 2457 1236 2504 non
1249 2433 1331 2530 lege

259 2540 425 2628 desendi;
448 2563 515 2636 ego
529 2553 650 2610 autem
664 2564 745 2630 mee
759 2542 924 2630 existimo
939 2543 1132 2629 iuteresse,
1151 2566 1210 2612 me
1230 2540 1331 2613 nulla

259 2653 298 2723 in
320 2651 562 2748 disputatione
587 2647 634 2720 ab
657 2651 754 2740 Attio
773 2651 886 2732 videri
905 2676 982 2726 esse
999 2666 1220 2750 superatum.
1242 2657 1327 2724 Non

258 2765 356 2835 enim
375 2759 463 2831 mihi
484 2758 560 2831 haec
579 2783 685 2830 causa
707 2759 782 2830 sola
805 2758 958 2831 dicenda
978 2775 1042 2831 est.
1070 2758 1249 2831 Omnibus
1269 2759 1328 2832 hic

258 2871 363 2946 labor
378 2894 482 2943 meus
500 2871 709 2967 propositus
729 2883 801 2958 est,
827 2871 1050 2966 quicumque
1072 2869 1139 2940 hac
1159 2865 1328 2942 facultate

295 3201 319 3246 7.
343 3179 432 3240 Dixit,
451 3179 550 3228 dixerit.
574 3181 713 3242 Quaestores
738 3196 766 3227 ec
810 3180 939 3245 pertinere.
950 3183 1044 3229 Frustra
1060 3181 1132 3230 verbe
1141 3181 1325 3233 hacnwmt

257 3260 511 3313 tribuuiiueenetum
521 3259 665 3306 seutentiam
676 3258 767 3307 dicturi
810 3269 922 3324 suspecte
935 3269 1015 3324 putet.
1085 3249 1089 3256 ¹
1143 3315 1147 3326 1

257 3337 459 3394 ueniebanttted
472 3335 504 3384 ed
513 3347 608 3402 tempus
617 3337 733 3401 quamdiu
741 3338 767 3386 iu
850 3355 891 3389 11.
919 3339 972 3387 Titi
993 3351 1088 3397 tamen,
1112 3339 1175 3386 Aeci.
1194 3341 1324 3406 Postquam

257 3420 398 3484 magistratu
416 3426 503 3462 camut.
812 3418 951 3470 Cluentium
965 3417 1028 3466 dixit
1042 3427 1124 3465 orator
1137 3417 1185 3465 hoc
1195 3433 1326 3482 argumen-

277 3521 279 3526 v
294 3499 317 3548 Β.
333 3496 381 3560 Qui
392 3509 484 3543 eorum.
498 3492 580 3541 Verba
589 3492 642 3542 haeo
654 3494 715 3558 legis
727 3510 765 3542 re·
812 3507 864 3546 tum
878 3498 948 3546 lucro
958 3513 1081 3562 apponere
1095 3495 1220 3556 uoluisse,
1234 3497 1324 3546 ueexi-

257 3580 333 3646 petit;
344 3586 369 3624 et
382 3574 462 3622 etetim
476 3573 527 3636 ipse
537 3588 581 3638 per
594 3572 766 3636 iuterrogatio·
810 3577 971 3625 stitutionem
982 3573 1118 3634 emitterem
1129 3575 1216 3623 callide
1228 3577 1324 3624 simulet

256 3677 312 3710 nem
330 3653 428 3716 subjicit
439 3664 447 3702 τ
457 3653 582 3716 quorum?
600 3651 695 3716 Nempe
709 3651 765 3701 illo·
810 3671 867 3716 sue,
882 3671 933 3704 non
954 3655 1062 3704 Cluentii
1078 3671 1148 3702 cause
1162 3670 1188 3701 ee
1201 3655 1322 3716 telumue,

256 3755 310 3788 rum
320 3751 382 3804 quoe
398 3747 470 3796 supra
487 3730 528 3780 lex
541 3730 676 3796 descripsit.
810 3721 878 3798 quod
889 3735 971 3784 Attius
990 3735 1135 3798 declarapiq
1149 3745 1173 3781 et
1196 3747 1272 3796 quum
1283 3733 1323 3781 illa

292 3833 317 3882 9,
337 3818 401 3880 Lege
415 3809 485 3860 nolle.
498 3811 547 3874 Qui
567 3807 631 3858 nolit
650 3809 695 3858 lmc
718 3821 766 3858 tem
810 3814 986 3874 lexjudieiunie
1006 3807 1048 3871 eit,
1062 3831 1109 3880 que
1127 3811 1255 3864 Cluentius
1274 3829 1324 3860 nou

256 3894 398 3952 commode,
413 3901 462 3940 tem
476 3901 541 3940 certe
551 3887 614 3958 legis
622 3890 766 3954 exccptione
812 3903 919 3954 tenetur,
933 3893 1043 3958 iniquum
1057 3906 1131 3942 essee
1142 3891 1322 3958 legibuedisee·

258 3973 303 4024 uti.
812 3971 878 4020 dere.
1015 4023 1018 4031 ,

294 4053 595 4120 10.Abjiciolegem.Jem
603 4069 654 4100 non
663 4051 768 4117 emplius
850 4067 891 4100 η.
904 4053 977 4102 Gesto
988 4051 1093 4119 negotio.
1108 4053 1200 4100 Rerum
1209 4050 1275 4100 nude
1282 4063 1322 4096 ex·

257 4134 403 4198 dicolegem
419 4131 483 4180 lunc
503 4131 534 4180 ad
553 4129 693 4180 Cluentium
716 4145 767 4179 nou
811 4132 945 4196 positione.
