2956 4676
362 351 557 426 ORATIO
581 356 683 426 PRO
707 359 747 426 A.
774 357 1049 430 CLUENTIO.
1179 359 1246 434 125

174 469 343 548 homines
364 499 403 548 se
424 499 501 546 non
519 475 716 571 jactatione
745 479 960 576 populari¹,
987 479 1052 554 sed
1076 481 1250 579 dignitate

173 601 284 684 atque
304 585 512 657 innocentia
524 584 741 676 tuebuntur,
759 600 881 659 tamen
900 603 967 660 nec
985 594 1023 660 P.
1039 592 1210 688 Popillius
1221 603 1252 681 ²,

172 805 400 878 tribunitiam
418 807 597 879 sustinere
619 821 848 904 potuerunt:
872 806 1007 879 nedum
1025 810 1082 883 his
1106 826 1250 912 tempo-

172 915 294 1005 ribus,
326 917 382 988 his
410 917 596 1003 moribus,
620 916 676 988 his
711 916 997 1015 magistratibus,
1022 923 1100 992 sine
1133 939 1251 996 vestra

173 1027 367 1126 sapientia,
381 1051 423 1098 ac
432 1023 532 1098 siue³
544 1025 766 1121 judiciorum
781 1024 967 1113 remediis,
977 1028 1064 1098 salvi
1078 1053 1153 1102 esse
1169 1057 1252 1130 pos·

173 1139 298 1209 simus.
318 1141 402 1210 Non
421 1136 491 1208 fuit
515 1137 649 1234 igitur⁴
663 1135 755 1208 -illud
777 1135 955 1231 judicium
972 1135 1100 1231 judicii
1118 1140 1251 1230 simile,

171 1244 333 1340 judices,
349 1270 426 1318 non
439 1243 527 1334 fuit;
545 1246 672 1342 inquo
689 1271 765 1316 non
780 1245 910 1320 modus
928 1261 983 1318 est
995 1245 1158 1337 habitus,
1174 1275 1251 1322 non

174 1380 258 1428 mos
280 1355 584 1453 consuetudoque
610 1371 766 1446 servata,
784 1381 860 1428 non
879 1381 986 1429 causa
1011 1355 1252 1446 defensa.Vis

158 1463 245 1536 itla'
258 1463 345 1555 fuit,
368 1481 425 1555 et,
444 1481 486 1538 ut
505 1489 597 1564 saepe
611 1466 684 1561 jam
708 1465 800 1554 dixi,
832 1469 938 1538 ruina
956 1468 1122 1564 qutedam
1141 1485 1252 1570 atque

173 1591 389 1674 tempestas,
419 1592 457 1649 et
479 1577 625 1676 quidvis
648 1578 793 1674 potius,
830 1599 939 1674 quam
962 1578 1252 1679 judicium,aut
1337 1639 1339 1644 ,

151 1683 153 1688 ’
174 1685 412 1786 disceptatio,
438 1703 502 1759 uut
523 1689 685 1784 quaestio.
712 1685 822 1776 Quod
840 1690 871 1758 si
888 1688 969 1784 quis
988 1703 1059 1778 est,
1078 1693 1142 1787 qui
1161 1690 1252 1764 illud

169 1795 352 1892 judicium
371 1796 480 1870 fuisse
494 1797 708 1886 arbitretur,
727 1812 764 1868 et
785 1799 849 1893 qui
877 1796 935 1868 his
958 1796 1068 1871 rebus
1083 1800 1252 1895 judicatis

173 1906 347 1978 standum
371 1923 493 2006 putet3
515 1909 545 1980 is
564 1922 684 1980 tamen
709 1905 804 1978 banc
824 1928 969 1978 causam
989 1906 1034 1979 ab
1057 1909 1116 1980 itta
1141 1909 1251 1984 debet

173 2017 374 2114 sejungere.
394 2016 454 2088 Ab
468 2017 531 2088 ilio
549 2019 665 2106 enim,
686 2018 760 2088 sive
778 2015 880 2114 quod
898 2019 937 2087 in
959 2017 1075 2114 legem
1097 2043 1172 2090 non
1188 2021 1248 2114 ju·

171 2142 306 2216 resset,
323 2129 399 2200 sive
428 2127 529 2226 quod
556 2154 599 2201 ex
631 2128 710 2226 lege
740 2125 958 2200 subsortitus
972 2193 977 2207 ι
982 2127 1248 2224 judicemnou

172 2253 283 2326 esset,
301 2239 416 2310 multa
437 2241 548 2337 petita
568 2261 645 2310 esse
670 2236 810 2309 dicitur.
831 2238 989 2310 Cluentii
1010 2253 1129 2312 autem
1157 2246 1250 2314 ratio

172 2371 257 2418 cum
283 2347 351 2420 illis
378 2349 538 2447 legibus,
564 2348 698 2447 quibus
723 2373 744 2418 a
770 2351 879 2421 Junio
905 2350 1019 2421 multa
1044 2353 1153 2447 petita
1176 2368 1249 2443 est,

172 2458 274 2530 nullu
292 2474 413 2558 potest
430 2485 473 2532 ex
487 2475 589 2558 parte
603 2483 679 2532 esse
696 2455 925 2552 conjuncta5.
938 2463 1099 2531 Ateium
1110 2460 1248 2535 Bulbus

171 2583 228 2640 cst
246 2569 520 2642 condemnatus.
535 2568 656 2656 Adde,
671 2567 864 2663 majestatis
881 2595 890 2640 :
906 2584 947 2640 ut
965 2571 1161 2669 intelligas,
1175 2572 1248 2646 hoc

169 2679 348 2775 judicium
368 2705 450 2751 cum
469 2679 648 2752 illo⁶non
671 2703 747 2751 esse
771 2679 1017 2774 conjunctum.
1038 2683 1085 2752 At
1108 2697 1160 2754 cst
1175 2683 1246 2756 hoc

171 2788 222 2860 illi
241 2791 377 2862 crimen
396 2789 591 2886 objectum.
610 2795 756 2878 Fateor,
776 2789 837 2861 sed
852 2790 960 2860 etiam
974 2788 1151 2886 legionem
1167 2817 1244 2866 esse

171 2899 218 2970 ab
247 2925 292 2972 eo
311 2900 556 2973 sollicitatam⁷
574 2905 613 2972 in
638 2901 796 2997 Illyrico,
815 2902 855 2972 C.
882 2901 1050 2971 Cosconii
1074 2899 1186 2972 literis
1207 2917 1244 2974 et

207 3067 319 3115 XXXV.
333 3083 355 3117 1.
368 3071 447 3132 Quum
460 3067 686 3134 dominer...jacta-
731 3085 756 3124 et
766 3083 831 3123 tecto
841 3073 864 3123 ei
872 3073 1037 3122 interdictum.
1049 3074 1106 3122 Vid.
1118 3075 1244 3128 Plutarch.

171 3147 241 3194 tione
249 3147 376 3211 populari.
389 3149 561 3199 concitatione
574 3159 598 3196 et
610 3147 687 3196 veluti
766 3154 792 3201 3.
806 3153 883 3202 Abest
896 3152 955 3202 siin.
968 3155 994 3200 J.
1003 3155 1035 3200 V.
1048 3155 1075 3201 L.

112 3275 114 3284 ,
171 3235 315 3291 tempestate
328 3227 423 3291 populi.
766 3234 793 3292 4.
812 3229 1014 3297 Nonsuitigitrr.
1028 3231 1243 3285 Groeviusutorn-

208 3321 234 3354 a.
257 3309 287 3353 P.
307 3306 433 3370 Popillius.
453 3311 591 3372 Inputet·
609 3321 687 3370 quum
729 3327 785 3359 nem
799 3311 957 3374 tautologirm
973 3310 1101 3371 excludet,
1115 3314 1151 3361 sic
1168 3314 1245 3364 iuter·

171 3385 264 3434 amicos
281 3385 336 3432 Tib.
349 3387 495 3438 onesheim
508 3386 619 3436 exsilium
634 3385 684 3445 eje·
728 3389 838 3454 pungit:
858 3405 931 3438 «non
947 3390 994 3439 suit
1006 3391 1039 3454 ig.
1053 3389 1090 3438 ill.
1104 3391 1241 3456 judicium

171 3465 260 3523 curet,
283 3464 337 3528 lege
365 3465 473 3527 ejusdem
498 3466 552 3515 Tib.
579 3465 684 3515 Gracchi
720 3466 779 3528 ind.
793 3467 911 3530 rimjud.
925 3469 1066 3518 nonfuit».
1081 3471 1241 3522 Paultoinfn

171 3553 299 3592 accusatus
313 3555 350 3592 est
363 3561 412 3608 qur
425 3545 572 3604 cerebrum,
588 3545 610 3594 si
628 3545 684 3609 quir
726 3545 784 3594 loco
797 3545 916 3596 uhrbiun
926 3547 989 3595 »atti
1002 3547 1148 3598 adhibitus
1157 3571 1178 3598 n.

173 3622 683 3686 maginnruscivenrom.itn01udtcio
763 3626 788 3674 5.
809 3627 870 3676 Esse
892 3626 1030 3693 conjuncta.
1055 3627 1138 3686 Objici
1160 3639 1242 3678 tumen

174 3711 253 3748 morte
267 3713 309 3751 rut
325 3702 411 3752 exsilio
425 3704 565 3764 multasset,
581 3704 606 3752 in
628 3719 683 3762 eum
727 3705 840 3756 Ciceroni
849 3716 946 3770 poterut
956 3704 1071 3752 ideonou
1082 3721 1113 3752 ex
1122 3705 1173 3769 lege
1184 3707 1242 3754 snb-

172 3780 261 3844 populi
282 3782 515 3832 animdvem’cnem
531 3783 591 3832 fors.
617 3783 683 3832 Olim
728 3784 839 3832 cortitum
864 3785 982 3840 sunium,
1005 3781 1074 3846 quod
1093 3799 1107 3831 a
1126 3783 1240 3833 Cluentio

172 3880 185 3900 ·
195 3860 223 3908 C.
237 3859 381 3924 Popilius»,
395 3861 546 3926 salso-Q.
562 3861 683 3912 Metellus.
728 3864 807 3912 fuerat
821 3873 935 3912 tenturus.

173 3937 328 3988 Numidicus.
339 3940 422 4002 Quom
435 3941 462 3988 in
478 3939 556 4004 legun
568 3941 685 4004 agrariam
766 3943 791 3990 6.
806 3941 865 3989 Cum
876 3940 929 3988 illc.
942 3940 1004 3988 Cum
1015 3939 1169 3989 Cluentiruo.

170 4017 253 4075 jurare
266 4019 387 4066 renuisset
393 4054 401 4079 ‚
412 4018 536 4066 Saturnini
549 4018 641 4066 tribuni
651 4020 685 4083 pl.
766 4037 789 4080 gi.
805 4017 975 4066 Sollicitatam.
996 4018 1102 4066 Auctore
1120 4019 1240 4085 Ulpiano,

170 4096 686 4162 jussu‚liomcestexpulsur‚etrqm,igni
730 4099 823 4162 Digest.
837 4098 956 4160 xcvul,
970 4097 1098 4160 majerum
1111 4097 1162 4164 iege
1174 4112 1240 4151 tenc·
