3026 4680
459 387 511 456 IN
537 387 576 454 L.
603 387 907 470 CATILINAM,
932 385 1003 452 111.
1194 381 1267 481 459

203 531 270 580 nec
282 511 321 579 L.
342 507 451 578 Cassii
470 505 627 605 adipem,
646 531 714 580 uec
732 507 882 605 Cethegi
900 504 1072 578 furiosam
1087 509 1269 578 temerita-

206 631 280 688 tem
297 616 632 714 pertimescendam.
652 617 718 688 Ille
737 631 814 689 erat
839 641 936 688 unus
953 614 1134 688 timendus
1153 641 1196 688 ex
1213 616 1269 692 his

200 726 387 832 omnibus,
406 726 469 798 sed
489 727 646 817 tamdiu,
669 728 757 800 dum
776 727 960 800 moenibus
984 727 1086 800 urhis
1109 728 1269 800 contine·

199 837 315 910 hatur.
334 839 465 910 Omnia
487 855 614 927 norat,
639 843 806 911 omnium
827 836 968 913 aditus⁶
1000 837 1175 927 tenebat;
1205 863 1268 937 ap·

199 947 345 1044 pellare,
364 962 526 1036 tentare,
552 947 744 1020 sollicitare
766 964 928 1048 poterat,
948 949 1122 1035 audebam
1141 964 1218 1020 erat
1236 952 1270 1022 ei

198 1057 415 1130 consilium⁷
436 1059 482 1130 ad
501 1057 639 1130 lacinus
660 1074 809 1158 aptum;
833 1060 987 1132 consilio
1007 1073 1128 1130 autem
1147 1085 1270 1157 neque

197 1168 341 1266 lingua,
361 1195 482 1267 neque
500 1194 628 1242 manus
646 1168 778 1244 deerat.
795 1177 873 1242 Jam
887 1170 932 1243 ad
950 1167 1090 1242 certas⁸
1108 1194 1166 1242 res
1184 1195 1270 1241 oon·

202 1277 374 1353 liciendas
386 1296 505 1353 certos
518 1280 883 1354 hominesadetectos
896 1307 937 1354 ac
949 1279 1271 1378 descriptoshabo·

198 1389 272 1462 bat.
299 1393 427 1488 Neque
445 1415 554 1480 vero,
575 1417 692 1489 quum
712 1391 850 1490 aliquid
870 1393 1100 1464 mandaverat
1113 1404 1165 1480 ¹⁰,
1184 1415 1270 1462 con-

197 1497 333 1571 fectum
366 1499 526 1598 putabat.
549 1501 649 1573 Nihil
672 1518 769 1589 erat,
792 1502 894 1600 quod
923 1527 999 1573 non
1027 1504 1105 1600 ipse
1129 1501 1269 1585 obiret,

198 1629 426 1701 occurreret,
441 1615 626 1714 vigilaret,
646 1615 845 1704 laboraret;
862 1616 995 1715 frigus,
1006 1618 1120 1704 sitim,
1137 1615 1268 1687 lamem

198 1722 292 1795 lene
307 1731 574 1824 poterat.Hunc
588 1750 656 1823 ego
669 1725 856 1797 hominem
874 1742 947 1798 tam
959 1752 1098 1815 acrem,
1117 1742 1189 1798 tam
1206 1750 1271 1822 pa·
1351 1797 1355 1804 ,
1391 1787 1398 1797 .

197 1847 339 1921 ratum,
367 1850 439 1906 tam
457 1835 650 1924 audacem,
672 1850 746 1906 tam
767 1835 958 1926 callidum,
979 1853 1052 1910 tam
1074 1839 1113 1908 in
1134 1835 1269 1908 scelere

197 1942 426 2042 vigilantem,
448 1960 520 2018 tam
539 1947 577 2016 in
592 1945 745 2043 perditis
765 1945 873 2018 rebus
890 1948 1120 2046 diligentem,
1136 1947 1207 2018 nisi
1225 1969 1269 2018 ex

197 2053 405 2127 domesticis
425 2056 565 2127 insidiis
589 2058 627 2125 in
654 2071 834 2130 castrense
864 2056 1093 2128 latrocinium
1114 2079 1269 2152 compu-

198 2165 317 2236 lissem
336 2166 350 2263 (
369 2165 484 2237 dicam
499 2165 558 2253 id,
576 2165 679 2262 quod
697 2171 831 2256 sentio,
854 2169 1055 2266 Quirites),
1075 2193 1152 2240 non
1164 2164 1268 2238 facile

197 2273 291 2346 hauc
310 2290 446 2346 tantam
468 2274 601 2346 molem
629 2276 713 2347 muli
735 2303 755 2348 a
778 2278 976 2351 cervicibus
1000 2279 1128 2349 vestris
1154 2275 1269 2372 depu-

199 2383 331 2455 lissem.
345 2389 427 2456 Non
442 2385 501 2455 ille
508 2385 612 2456 vobis
622 2389 822 2460 Saturnalia
833 2401 861 2434 ¹¹
872 2380 1135 2476 constituisset,
1147 2409 1268 2483 neque

198 2509 302 2568 tauto
326 2509 411 2568 aute
425 2495 526 2566 exitii
538 2506 568 2538 ¹²
583 2521 625 2578 ac
642 2495 706 2568 sati
724 2497 821 2570 diem
837 2499 1045 2598 reipublicae
1059 2498 1268 2574 denuntias·

197 2600 272 2691 set,
300 2630 420 2703 neque
445 2607 711 2696 commisisset,
734 2625 776 2680 ut
798 2613 961 2706 signum,
986 2626 1026 2680 nt
1046 2609 1155 2680 literne
1175 2632 1269 2692 suae,

197 2731 306 2798 testes
325 2715 484 2814 denique
512 2715 692 2790 manifesti
714 2720 860 2792 sceleris
891 2715 1266 2818 deprehenderentur.

196 2890 325 2956 lgruvlm
341 2916 376 2926 --
394 2889 471 2938 Cassii
489 2889 595 2956 adipem,
614 2889 644 2938 ld
659 2899 709 2949 m,
755 2883 913 2944 distribuere,
925 2887 1070 2950 disponere,
1084 2883 1214 2948 assignare.

195 2969 304 3019 Caesium
317 2969 429 3032 corporis
440 2969 557 3017 obesitate
570 2980 594 3016 et
606 2970 710 3034 pingue·
794 2981 833 3012 ro.
854 2965 941 3028 Neque
967 2979 1047 3032 uero,
1073 2979 1147 3028 quum
1174 2962 1271 3026 aliquid

195 3047 281 3096 tudine
295 3047 391 3095 medum
404 3057 428 3096 et
441 3047 568 3096 stolidum.
590 3047 659 3112 Quid
680 3047 710 3098 de
755 3045 924 3092 mandaverat.
944 3045 1061 3091 Homines
1075 3059 1141 3092 acres
1151 3053 1223 3105 atque
1242 3043 1267 3090 in

196 3141 227 3174 eo
252 3125 341 3173 dixerit
363 3127 503 3189 Asconius,
529 3125 615 3173 rouler
637 3143 710 3191 supra
754 3121 854 3186 agendis
874 3121 947 3170 rebus
969 3121 1108 3177 exercitati,
1130 3119 1198 3168 obire
1220 3119 1267 3184 ipsi

197 3221 252 3272 esp.
268 3212 300 3264 t,
319 3215 372 3254 uot.
383 3220 424 3254 ro.
753 3201 838 3267 potius
856 3203 952 3262 omnis,
974 3217 1048 3264 quam
1066 3199 1180 3248 mandare
1198 3199 1267 3256 eliis,

229 3293 257 3340 6.
285 3290 397 3340 Omnium
421 3289 511 3340 aeditus,
535 3291 710 3356 opportunum
753 3281 848 3340 solent3
864 3297 914 3348 quo
927 3281 1027 3328 nomine
1041 3279 1182 3346 Philippum
1196 3280 1266 3326 etiarn

195 3382 290 3438 tempus
303 3387 354 3436 quo
367 3370 429 3420 adiri
442 3371 545 3434 quisque
557 3379 660 3434 poterat.
674 3397 710 3407 -
752 3359 843 3410 aticubt
852 3359 1005 3410 commendat
1019 3360 1202 3416 Demosthenes.
1212 3361 1265 3407 No·

198 3452 311 3500 Tentare.
326 3449 506 3499 Animieeusus
520 3449 656 3514 explorare.
673 3475 708 3486 -
753 3452 792 3488 tus
814 3453 850 3490 est
871 3441 991 3508 apologus
1017 3440 1083 3508 spud
1105 3441 1211 3491 Gellium
1235 3441 1266 3487 de

194 3529 340 3582 Sollicitare.
357 3533 386 3580 lu
399 3540 479 3596 partes
491 3545 546 3578 suas
560 3529 661 3576 trahere.
752 3521 852 3569 Cassita.
862 3548 897 3558 -
910 3521 971 3568 Tam
984 3538 1074 3570 acrem.
1094 3521 1182 3572 Acrius
1196 3517 1265 3584 quod

232 3625 256 3672 7.
264 3611 293 3658 Ε.
302 3608 463 3660 eiconst'lium.
475 3607 608 3664 Calliditns,
617 3606 708 3670 ingenii
752 3601 800 3663 sihi
810 3601 924 3664 expediat
935 3603 1131 3666 perspicientem.
1145 3602 1268 3646 -Para·

195 3689 307 3736 versutis.
318 3688 462 3754 -Lr'rrgum
475 3689 523 3736 llrs
535 3683 707 3754 persuadendi.
752 3691 802 3730 mm
822 3681 854 3729 ad
875 3682 1010 3742 tentanda,
1032 3697 1087 3748 qum
1105 3695 1185 3728 rerum
1202 3678 1266 3726 ratio

194 3789 229 3800 -
249 3766 345 3814 Manus.
359 3767 462 3814 Animus
474 3767 506 3814 sd
518 3765 706 3834 exsequendam.
752 3762 874 3826 postulat,
891 3762 981 3808 omnin.

231 3844 256 3892 8.
271 3842 310 3892 Al.
326 3855 416 3892 ceteras
427 3861 447 3894 r.
460 3845 477 3892 J
479 3881 485 3896 .
495 3849 525 3892 V.
538 3849 565 3894 L.
792 3857 832 3890 tt.
851 3842 905 3887 Non
921 3841 962 3888 ille
976 3839 1046 3887 vobis
1058 3837 1207 3886 Saturnalia.
1222 3835 1263 3884 Al.

231 3937 255 3984 9.
279 3919 489 3968 Certosltomirtes.
508 3925 626 3988 Spectatus
641 3919 708 3970 fidei.
752 3919 828 3970 erodis.
852 3919 911 3968 Nou
932 3927 1094 3983 exspectasset
1111 3916 1143 3965 ad
1160 3914 1265 3964 medium
1324 3941 1329 3956 .

195 4027 228 4036 —
246 3998 391 4063 Descriptus.
411 4001 440 4048 ld
455 4011 505 4057 est,
526 4002 617 4051 divium
636 4011 661 4050 et
677 3999 709 4049 sd
754 3998 919 4058 decembrem,
938 3995 981 4045 sed
1000 3996 1078 4046 multo
1099 4005 1154 4044 aute
1173 3994 1264 4044 Urbem

195 4095 255 4142 quas
277 4078 381 4144 quisque
401 4079 465 4128 vices
489 4078 614 4128 obeundas
637 4091 708 4144 aptus
753 4076 913 4138 incendisset,
926 4087 972 4124 etc.

194 4170 256 4205 esset
271 4157 413 4207 destinatos.
434 4158 575 4208 Describere
596 4177 660 4224 saepo
673 4170 709 4206 est
793 4173 832 4204 ta.
847 4157 886 4204 Al.
902 4155 1011 4204 exitium.
1028 4155 1051 4203 J.
1063 4157 1093 4203 V.
1109 4157 1133 4203 L.
