2912 4654
320 395 517 465 ORATIO
542 399 646 466 PRO
669 396 1010 468 MLUENTlo.
1132 396 1200 470 165
1263 409 1269 419 '

133 514 207 586 haec
222 539 336 613 quam
354 518 512 614 primum
529 517 566 589 in
588 541 720 590 ornnes.
734 517 880 591 ordines
895 530 925 566 ¹²
944 524 1102 617 quaestio.
1116 545 1199 618 per·

132 623 272 698 seramr
288 623 332 696 ¹³.
416 699 418 704 ,

178 740 291 808 LVII.
314 741 455 810 Interea
473 737 641 837 quidem,
663 763 729 837 per
749 738 837 811 deos
852 739 1089 812 immortales!
1109 765 1201 836 quo·

131 849 231 918 uiam
268 849 392 919 omnia
429 849 620 932 commoda
656 864 803 938 nostra,
832 851 936 946 jura,
971 847 1201 936 libertatem,

131 955 287 1028 salutent
313 955 472 1056 denique
498 957 637 1057 legibus
660 958 886 1046 obtinemus,
912 983 933 1030 a
958 957 1097 1056 legibus
1125 982 1205 1030 non·

132 1065 345 1138 recedamus
365 1095 374 1138 :
395 1068 502 1140 simul
516 1085 552 1142 et
570 1068 660 1142 illud
675 1094 785 1167 quam
799 1071 845 1141 sit
859 1069 1087 1168 indignum1‚
1104 1072 1204 1166 cogi-

133 1191 254 1248 temus
270 1203 278 1246 :
298 1177 477 1276 populum
492 1203 682 1251 romanum
697 1173 795 1252 aliud
815 1203 913 1251 nnnc
931 1189 1061 1278 agere²
1074 1206 1084 1264 ;
1098 1177 1201 1249 vobis

84 1325 86 1328 ·
133 1286 398 1384 rempublicam
412 1303 448 1361 et
460 1288 625 1384 fortunas
639 1313 720 1362 suas
734 1291 975 1377 commisisse3
990 1289 1110 1388 ipsum
1125 1290 1203 1362 sine
1287 1281 1290 1286 ’

134 1421 220 1469 cura
235 1423 334 1488 esse3
352 1423 428 1470 non
446 1415 627 1488 metuere,
645 1425 692 1472 ne
710 1400 790 1498 lege
802 1426 863 1488 ea,
878 1424 986 1497 quarn
999 1423 1203 1496 numquam

135 1508 212 1604 ipse
227 1507 391 1602 jusserit,
410 1523 448 1580 et
465 1511 679 1607 quaetione,
699 1535 773 1608 qua
790 1535 828 1582 se
852 1510 1012 1589 solutum
1028 1509 1202 1581 liberum·

134 1641 208 1713 que
234 1641 313 1690 esse
335 1617 547 1707 arbitretur,
568 1645 790 1720 perpaucos
811 1619 981 1717 judiees³
1004 1619 1202 1717 adstringe·

134 1742 207 1798 tur.
224 1729 307 1824 Agit
321 1729 418 1800 enim
433 1731 483 1802 sic
496 1754 640 1804 causam
657 1735 697 1802 T.
714 1733 848 1820 Attius,
864 1730 1072 1806 adolescens
1085 1729 1205 1800 bouus

137 1851 172 1908 et
189 1836 364 1927 disertus,
379 1862 507 1910 omnes
525 1841 620 1910 cives
634 1839 775 1937 legibus
794 1842 910 1912 teneri
923 1837 1093 1916 omnibus
1112 1866 1119 1907 :
1138 1862 1203 1910 vos

135 1947 321 2020 attenditis
347 1963 384 2020 et
408 1948 569 2022 auditist
601 1951 765 2040 silentio,
795 1953 888 2022 sicut
909 1949 1027 2022 facere
1051 1947 1202 2022 debetis.

135 2064 173 2130 Α.
194 2059 398 2149 Cluentius,
424 2085 536 2157 eques
557 2085 748 2148 romanus,
768 2085 910 2134 causam
936 2058 1023 2132 dicit
1042 2085 1082 2132 ea
1104 2060 1204 2157 lege,

135 2193 207 2265 qua
221 2166 300 2265 lege
314 2183 515 2259 senatores,
529 2185 565 2242 et
580 2171 622 2257 ii,
641 2174 705 2267 qui
719 2172 966 2268 magistratum
977 2169 1203 2257 habuerunt,

135 2279 204 2352 soli
233 2295 406 2352 tenentur
428 2308 437 2350 ε
456 2281 544 2352 mihi
568 2307 635 2380 per
655 2307 738 2353 eum
751 2278 776 2367 ⁵,
799 2305 979 2368 recusare,
1003 2295 1039 2351 et
1064 2281 1101 2349 iu
1122 2303 1206 2350 arce

135 2390 225 2488 legis
244 2389 409 2488 praesidia
421 2394 641 2464 constituere
660 2390 879 2464 defensionis
896 2415 1001 2474 meae,
1018 2389 1201 2460 nonlicet.

135 2502 172 2572 si
191 2499 392 2572 obtinuerit
404 2527 548 2574 causam
564 2504 751 2575 Cluentius
769 2502 896 2598 (sicuti
908 2515 1024 2572 vestra
1037 2502 1203 2597 aequitate

135 2612 211 2681 nixi
235 2609 492 2706 confidimus),
513 2611 790 2700 existimabunt,
814 2610 848 2682 id
868 2610 972 2708 ·quod
997 2613 1082 2699 erit,
1108 2607 1210 2680 obri--

136 2719 258 2792 nuisse
268 2736 420 2820 propter
431 2724 695 2812 innocentium,
711 2725 885 2819 quoniam
898 2722 947 2792 ita
959 2717 1129 2790 defensus
1141 2721 1205 2805 sit;

136 2832 173 2902 in
188 2831 268 2930 lege
282 2847 421 2920 autern,
435 2858 547 2931 quam
558 2837 735 2932 attingere
754 2833 932 2918 uoluerit,
946 2828 1100 2926 praesidii
1114 2827 1207 2899 nihil

174 3037 215 3072 ra.
230 3025 261 3070 In
270 3041 352 3072 omnes
362 3023 468 3073 ordines.
484 3027 650 3090 Inoquiteset
694 3024 761 3090 apud
787 3023 934 3072 recentiores
962 3019 1123 3067 constitutum
1155 3029 1208 3082 est,

138 3103 162 3150 in
174 3101 282 3168 plebem.
295 3103 359 3153 Nam
371 3105 392 3152 si
403 3105 544 3154 Cluentium
555 3119 649 3152 musam
669 3106 672 3126 ¹
691 3107 876 3168 juratorumque
889 3101 1027 3153 conditioni
1041 3098 1133 3164 aliquid
1152 3117 1209 3149 sau·

139 3181 322 3247 dioereealege
334 3184 562 3248 qnaeadenrnnon
574 3186 649 3248 perti·
694 3186 758 3234 otius
770 3179 1046 3248 aorngustiuraeeedit.

139 3273 196 3320 net,
222 3278 320 3326 arqutun
347 3276 402 3324 eet,
423 3265 531 3329 reliquos
553 3279 651 3328 qnoque
730 3265 808 3313 LVll.
822 3262 1001 3326 uladignum.
1015 3261 1206 3325 Aliquorum,

139 3339 221 3390 eadem
230 3344 324 3392 ratione
332 3341 534 3408 haberioportet.
695 3343 817 3407 iur'quum.
828 3345 854 3392 J.
863 3344 894 3389 V.
906 3343 934 3390 1..
1196 3359 1201 3370 ¹

176 3421 218 3470 13.
249 3422 355 3483 Quaestio
393 3421 544 3487 perferam.
576 3425 652 3472 Recte
733 3439 757 3474 a.
771 3421 851 3471 Aliud
863 3435 1019 3487 ntmoagm.
1032 3423 1209 3468 Parumntten·

141 3500 238 3563 quidem
252 3502 361 3566 diepam
372 3502 458 3555 Cicero
476 3515 529 3550 non
540 3499 568 3548 in
583 3499 652 3564 equi·
697 3502 754 3552 dere
768 3501 891 3565 periculo,
910 3500 979 3565 quod
996 3501 1042 3564 ipsi
1055 3509 1209 3564 proponatur

142 3589 177 3628 te·
215 3580 412 3630 constituendam
456 3580 521 3628 hano
550 3580 652 3644 legem,
696 3581 728 3629 ab
748 3581 796 3640 iis,
819 3581 863 3644 qui
882 3596 938 3628 eum
958 3580 1048 3627 volunt
1067 3592 1131 3625 nova
1155 3577 1209 3638 lege

142 3660 182 3708 red
196 3661 286 3710 metius
304 3661 378 3708 etiem
396 3659 520 3710 rideretur
536 3661 557 3708 si
574 3675 653 3723 neque
697 3660 854 3724 adstringere.

142 3737 595 3801 &mendosaenatoreuutjudiom
609 3739 655 3787 de-
733 3741 759 3788 3.
780 3743 828 3788 Per
844 3753 939 3802 paucos
957 3734 1063 3799 judiees.
1086 3735 1132 3780 l’rr
1150 3745 1213 3790 vost

143 3829 296 3876 monstraret3
307 3833 385 3882 quum
394 3818 478 3868 eadem
488 3818 656 3868 ornnilturde·
699 3835 803 3882 qnorum
821 3816 940 3866 sententia
955 3813 987 3862 ad
1003 3813 1143 3860 universnm
1164 3825 1212 3874 po·

143 3893 245 3946 liniendo
257 3897 298 3946 lex
308 3909 352 3946 ert.
359 3898 522 3948 Juratoenim
529 3897 609 3959 judici
617 3897 655 3946 dei
698 3899 785 3962 pulum
793 3894 919 3962 pervadet.
1218 3951 1221 3956 Ι

143 3985 234 4024 tantm
244 3992 275 4023 ιο
287 3977 443 4026 eonscientiae
454 3977 566 4026 habenda
579 3977 654 4035 ratio;
736 3986 760 4033 4.
768 3974 840 4023 Delet
848 3973 958 4022 Lumbin.
967 3967 1098 4018 clauditis.
1107 3971 1131 4018 J.
1141 3969 1172 4015 V.
1181 3971 1213 4018 L.

144 4069 187 4102 ner
199 4057 232 4104 ita
245 4057 269 4104 ei
282 4055 444 4107 diffidendum
455 4069 483 4107 ut
496 4075 576 4123 poenae
589 4067 657 4106 meur
736 4050 950 4104 secmentati
957 4048 1023 4100 enlm
1032 4046 1214 4108 defendissem,

145 4133 174 4180 ad
194 4135 304 4186 officium
325 4137 445 4202 adigatur.
469 4137 545 4201 Quod
563 4136 656 4202 optime
700 4134 825 4196 nonlege.
