2958 4670
415 372 605 440 ORATIO
626 371 727 442 PRO
751 375 790 441 L
818 373 1048 442 MURENA.
1196 369 1267 468 539

205 493 254 564 cis
268 488 506 589 praestosuisti
524 518 532 561 z
547 491 682 582 [ateor;
704 493 768 564 sed
784 507 904 564 tamen
921 490 1012 564 illud
1025 492 1160 590 cogita,
1177 519 1267 566 non-

204 600 390 674 nullorum
404 604 604 674 amicorum
620 601 738 674 studia
755 603 871 673 minui
880 602 995 674 solere
1009 603 1047 674 in
1062 625 1140 691 eos,
1154 625 1174 673 a
1187 607 1268 700 qui·

203 712 274 784 bus
291 715 492 812 provincias
515 714 698 784 contemni
714 712 925 811 intelligant.

252 827 345 894 XXI.
367 829 424 912 Et,
449 825 623 921 quoniam
641 823 802 913 ostendi,
818 823 981 918 judices,
1008 845 1131 922 parem
1150 820 1266 920 digni-

204 946 313 1005 tatem
332 933 379 1004 ad
396 935 604 1006 consulatus
622 935 852 1032 petitionem,
879 934 1057 1032 disparem
1082 930 1266 1005 fortunam

201 1042 478 1141 provincialium
499 1043 731 1140 negotiorum
751 1044 787 1112 in
807 1046 982 1131 Murena,
1000 1056 1109 1140 atque
1130 1041 1167 1110 iu
1189 1039 1268 1110 sut·

202 1155 298 1250 picio
319 1153 428 1227 fuisse
447 1179 454 1225 ε
474 1152 590 1225 dicam
606 1152 680 1248 jam
698 1153 872 1252 apertius,
885 1153 923 1224 in
936 1175 1011 1250 quo
1026 1175 1127 1223 meus
1145 1173 1267 1222 neces·

201 1265 316 1336 sarius
337 1262 449 1335 fuerit
464 1261 615 1334 inferior
632 1263 794 1351 Servius,
810 1278 848 1336 st
863 1289 904 1335 ea
926 1263 1062 1349 dicam,
1080 1259 1184 1340 vobis
1199 1284 1266 1338 au·

202 1371 407 1461 dientibus,
428 1373 559 1444 amisso
577 1373 653 1468 jam
689 1385 900 1472 tempore¹,
925 1397 1006 1471 qum
1027 1373 1095 1470 ipsi
1118 1370 1205 1458 soli,
1225 1395 1265 1441 re

201 1486 360 1579 integra,
388 1505 480 1580 saepe
508 1481 593 1553 diri.
621 1485 746 1554 Petere
780 1483 1009 1556 consulatum
1041 1481 1179 1554 nescire
1203 1494 1265 1563 te,

201 1595 320 1682 Servi,
339 1618 499 1692 persaepe
523 1590 590 1663 tibi
613 1591 706 1682 dixi;
724 1607 762 1664 et
774 1595 865 1664 iniis
882 1591 992 1665 rebus
1004 1591 1109 1690 ipsis,
1126 1614 1216 1688 quas
1228 1604 1266 1660 te

202 1725 333 1801 magno
352 1718 389 1775 ot
406 1702 493 1793 forti
520 1703 641 1775 animo
660 1717 707 1790 et¹
721 1728 848 1800 agere,
871 1717 907 1774 et
934 1702 1053 1773 dicere
1077 1698 1265 1785 videbam,

201 1808 267 1883 tibi
290 1812 417 1884 solitus
438 1835 517 1883 sum
539 1811 684 1900 dicere,
712 1815 822 1910 magis
846 1828 882 1884 te
907 1810 1039 1884 fortem
1060 1825 1264 1883 senatorem

200 1921 289 1992 mihi
305 1921 442 2010 videri,
467 1946 576 2020 quam
603 1923 801 2020 sapientem
832 1921 1072 1994 candidatum.
1104 1920 1263 1990 Primum

199 2031 390 2103 aoctrsandi
409 2042 588 2103 terrores*
608 2046 644 2103 et
665 2037 789 2122 minas,
806 2033 939 2131 quibus
964 2049 1004 2105 tu
1023 2030 1185 2131 quotidie
1209 2030 1262 2101 uti

199 2142 359 2229 solebas,
379 2157 464 2214 sunt
484 2141 588 2213 [ortis
608 2144 692 2232 viri;
710 2143 773 2215 sed
792 2158 828 2215 et
843 2145 968 2242 populi
984 2136 1222 2242 opinionem³
1243 2163 1264 2209 a

199 2273 262 2350 spe
284 2251 504 2350 adipiscendi
523 2267 712 2341 avertunt,
734 2269 770 2325 et
788 2257 987 2326 amicorum
1004 2248 1263 2324 studia‘debili·

199 2377 286 2434 tant.
306 2365 435 2435 Nescio
454 2386 529 2460 quo
548 2379 654 2461 pacto
668 2388 810 2462 semper
826 2365 897 2437 hoc
910 2365 967 2454 fit,
984 2389 1106 2461 neque
1126 2365 1165 2433 in
1186 2381 1261 2431 uno

198 2487 260 2544 aut
276 2472 389 2544 altero
415 2473 702 2546 animadversum
720 2491 796 2562 est,
818 2475 881 2548 sed
905 2476 978 2570 jam
1003 2477 1041 2545 in
1071 2469 1259 2570 pluribus:

197 2583 433 2681 simulatque
457 2584 668 2666 candidatus
691 2589 952 2657 accusationem
976 2583 1140 2655 meditari
1164 2582 1262 2652 visus

197 2710 275 2784 est,
306 2711 346 2766 ut
365 2695 541 2768 honorem
565 2696 771 2793 desperasse
793 2695 964 2768 videatur.
987 2692 1112 2785 Quid⁴
1142 2691 1261 2788 ergo?

196 2821 379 2903 acceptam
399 2807 566 2901 injuriam
595 2807 764 2904 persequi
783 2830 854 2875 non
884 2804 1029 2902 placet?
1056 2806 1130 2872 imo
1156 2800 1260 2871 vehe-

196 2931 338 2986 menter
357 2915 501 3014 piacet:
535 2915 598 2987 sed
614 2914 711 2986 aliud
735 2931 879 3014 tempus
900 2931 952 2986 est
970 2911 1137 3012 petendi,
1163 2910 1259 2980 aliud

196 3025 452 3122 persequendi.
479 3027 674 3098 Petitorem
698 3049 786 3121 ego,
806 3026 1002 3124 praesertim
1030 3019 1260 3107 consulatus,

197 3129 324 3232 magna
335 3158 398 3232 spe
411 3190 420 3222 ,
434 3159 564 3233 magno
578 3139 719 3222 animo,
735 3138 873 3232 magnis
890 3136 1004 3232 copiis
1016 3147 1052 3204 et
1068 3132 1105 3202 in
1118 3129 1257 3216 forum,

195 3255 232 3314 et
250 3243 286 3315 in
306 3268 473 3342 campum
497 3243 625 3316 deduci
647 3245 730 3316 volo
754 3273 761 3313 ε
789 3270 863 3315 non
883 3243 998 3344 piacet
1027 3241 1116 3312 mihi
1137 3243 1258 3340 inqui·

227 3475 492 3542 XXI.1.Amissojam
500 3487 613 3540 tempore.
621 3477 704 3539 Quum
747 3481 828 3534 netst,
844 3477 1021 3526 accusationem
1040 3473 1155 3522 adversus
1173 3487 1214 3520 eos
1232 3489 1257 3520 su

190 3553 239 3614 jam
253 3553 348 3602 occasio
365 3555 489 3619 praeteriit.
496 3551 540 3593 ¹-
550 3557 584 3602 fle
596 3551 702 3620 integra.
747 3557 913 3606 instituturum
922 3557 1010 3619 sepius
1019 3554 1136 3601 minatum
1145 3563 1217 3598 esse.'

193 3631 274 3694 Quum
284 3645 334 3679 non
348 3635 434 3683 fmntra
447 3649 546 3682 monere
564 3651 667 3698 possem.
782 3639 809 3690 3.
821 3635 908 3702 Popnii
925 3634 1071 3699 opinionem.
1086 3626 1218 3689 Efficiam,
1231 3641 1259 3678 ut

229 3723 254 3758 a.
275 3713 413 3760 Accusandi
431 3725 542 3761 terrores.
557 3713 637 3762 Minas
649 3713 703 3762 ilias
746 3717 853 3782 populus
866 3717 992 3780 opinemr,
1002 3727 1056 3760 eum
1070 3711 1113 3774 qui
1124 3709 1257 3758 terroribus

192 3787 223 3834 de
238 3785 330 3837 ambitu
343 3791 485 3850 accusandi,
499 3807 561 3856 quos
568 3801 624 3842 tuos
633 3809 702 3842 eom·
746 3795 865 3858 ejusmodi
877 3795 967 3851 utitur,
984 3791 1086 3856 adipisci
1106 3789 1257 3836 consulatum

191 3867 308 3931 petitores
330 3881 413 3917 contre
431 3869 496 3933 leges
509 3885 577 3935 egere
598 3872 703 3921 animati·
745 3891 796 3923 non
808 3889 892 3940 posse,
904 3889 980 3937 quum
990 3869 1123 3942 iliiswminis
1136 3885 1162 3916 se
1170 3883 1256 3932 pamm

190 3945 309 3994 vertebas.
325 3949 434 4012 Apparet
448 3951 569 4010 Serrium,
582 3963 610 4000 ut
622 3952 702 3998 virum
747 3953 898 4000 consulatum
908 3966 1003 4016 sperare
1017 3947 1136 3996 ostendet.
1309 4005 1329 4016 ,ἢ

190 4024 283 4072 bonum
291 4035 316 4072 et
333 4025 473 4089 reipublice
481 4040 615 4086 amentem,
627 4047 701 4094 quum
782 4035 806 4091 a,
821 4029 929 4080 Lambin.
940 4031 975 4078 sio
987 4028 1110 4085 distinxit,
1120 4036 1149 4074 ut
1157 4025 1254 4095 saepius,

189 4103 326 4166 illegitimas
344 4105 489 4170 cupiditates
500 4107 527 4154 in
547 4109 638 4157 emulis
651 4125 701 4157 oer-
749 4109 815 4174 Quid
819 4115 833 4156 ι’
841 4125 908 4174 ergo.
918 4113 943 4159 J.
953 4109 983 4155 V.
994 4110 1022 4154 L.
