2956 4676
222 349 289 420 106
482 298 483 302 Ὺ
539 351 589 421 n.
616 351 961 422 rueramus

146 576 148 580 Ι
216 501 292 551 esse
310 477 515 550 fateamini?
533 479 704 567 Quonam
721 480 833 577 igitur
849 478 925 550 haec
939 475 1049 550 modo
1064 492 1163 577 gesta
1177 483 1285 554 sunt?

121 585 137 608 ”
216 594 390 688 Repetam
424 589 546 689 paullo
576 588 699 678 altius,
726 589 885 686 judiceS,
911 601 948 660 et
976 594 1116 677 omnia,
1138 614 1219 688 quae
1243 593 1282 663 in

216 700 388 772 diuturna
413 699 631 772 obscuritate
659 699 864 788 latuerunt,
893 701 942 772 sic
968 700 1145 798 aperiam,
1173 715 1283 772 ntea

217 833 365 882 cernere
387 810 502 884 oculis
520 810 722 883 videamini.
746 815 820 882 Vos
845 833 990 908 quaeso,
1011 824 1053 882 ut
1079 810 1199 882 adhuc
1223 835 1283 882 me

216 935 353 994 attente
378 921 541 1012 audistis,
575 924 684 1012 item,
713 947 793 1020 quae
815 921 955 1019 reliqua
980 937 1084 1010 sunt,
1105 921 1282 994 audiatist

218 1030 383 1129 profecto
403 1031 493 1103 nihil
517 1058 537 1104 a
557 1057 616 1128 me
641 1034 793 1121 dicetur,
812 1031 914 1130 quod
934 1057 1008 1103 non
1032 1033 1183 1130 dignum
1213 1033 1284 1104 hoc

217 1157 402 1216 conventu
433 1159 470 1215 et
497 1141 658 1234 silentio,
689 1142 840 1243 dignum
864 1145 989 1215 vestris
1015 1141 1142 1216 studiis
1174 1157 1284 1241 atque

216 1253 365 1325 auribus
382 1277 461 1328 esse
479 1253 653 1327 videatur.
973 1265 976 1278 '
1151 1345 1154 1352 Ι

264 1366 378 1452 Nam,
404 1377 445 1436 ut
474 1367 632 1463 primum
661 1369 901 1464 Oppianicus,
925 1389 969 1438 ex
994 1389 1057 1454 eo,
1080 1363 1180 1462 quod
1201 1367 1284 1435 Sca-

217 1473 368 1545 mander
383 1499 467 1546 reus
483 1489 560 1546 erat
575 1473 708 1563 factus,
730 1475 816 1573 quid
833 1474 902 1547 sibi
916 1474 1156 1574 impenderet,
1173 1475 1285 1572 coepit

216 1585 410 1680 suspicari3
429 1588 549 1656 statim
575 1607 612 1656 se
635 1585 681 1656 ad
707 1585 865 1658 hominis
884 1587 1040 1684 egentis,
1062 1583 1224 1674 audacis,
1245 1588 1283 1656 in

215 1692 359 1790 judiciis
377 1693 651 1791 corrumpendis
670 1697 874 1784 exercitati,
894 1711 973 1768 tum
996 1709 1117 1767 autern
1132 1694 1285 1791 judicis,

216 1802 353 1874 Staieni
369 1801 643 1876 familiaritatem
659 1805 860 1904 applicavit.
877 1811 925 1878 Ac
942 1809 1099 1904 primum
1118 1810 1285 1877 Scaman-

217 1909 291 1984 dro'
309 1937 392 2002 reo,
416 1927 555 1986 tannim
578 1916 703 2006 donis,
730 1915 842 2003 datis,
866 1916 1179 2013 muneribusque9
1202 1941 1284 2015 per·

217 2022 370 2114 fecerat,
387 2041 437 2098 ‚ut
462 2049 506 2097 eo
532 2041 678 2098 auctore
690 2035 724 2071 ¹⁰
750 2039 914 2097 uteretur
944 2025 1153 2125 cupidiore,
1175 2049 1286 2124 quam

217 2136 309 2208 fides
322 2136 453 2233 judicis
470 2135 688 2235 postulabat.
709 2141 793 2207 Post
811 2151 949 2222 autem,
968 2159 1083 2234 quum
1100 2150 1193 2208 esset
1208 2141 1286 2208 Sca·

218 2247 370 2320 mander
392 2251 502 2318 unius
524 2247 656 2319 Staleni
679 2249 857 2318 sententia
879 2247 1086 2335 absolutus,
1112 2261 1287 2345 patronus

139 2434 144 2448 ,
218 2373 339 2431 autem
366 2357 574 2431 Scamandri
595 2381 640 2430 ne
663 2383 726 2429 sua
743 2357 892 2455 quidem
914 2359 1114 2431 sententia¹
1122 2369 1131 2404 ¹
1156 2357 1287 2429 iibera-

217 2484 297 2555 tns3
318 2469 517 2542 acrioribus
534 2470 639 2542 saluti
652 2493 724 2542 suae
736 2468 904 2542 remediis
917 2468 1207 2541 subveniendum
1223 2491 1288 2566 pu-

217 2581 316 2650 tavit.
338 2585 430 2651 Turn
453 2606 472 2652 a
492 2581 656 2668 Staieno,
676 2585 770 2652 sicut
787 2579 832 2652 ab
851 2581 999 2652 homine
1015 2577 1060 2650 ad
1080 2579 1286 2677 excogitan·

219 2689 308 2762 dum
331 2692 557 2776 acutissimo,
580 2689 626 2764 ad
652 2691 860 2764 audendum
882 2689 1218 2790 impudentissimo,
1240 2689 1284 2760 ad

219 2799 453 2874 efficiendum
483 2805 658 2874 acerrimo
685 2802 790 2896 (haec
818 2803 916 2873 enim
942 2802 1002 2872 ille
1031 2818 1067 2874 et
1094 2800 1215 2898 aliqua
1244 2823 1286 2872 cx

219 2927 321 3012 parte
350 2913 528 3000 habebat,
553 2928 590 2986 et
613 2913 747 3007 majore
770 2927 934 3012 exparte
958 2937 996 2984 se
1019 2909 1152 2983 habere
1176 2911 1286 2982 simu-

219 3021 356 3120 labat),
375 3022 548 3095 auxilium
569 3025 676 3122 capiti
699 3037 736 3094 et
756 3021 911 3096 fortunis
932 3025 1007 3095 suis
1024 3039 1149 3122 petere
1165 3023 1284 3119 coepit.

268 3135 378 3205 XXV.
404 3139 482 3205 Jam
513 3133 583 3204 hoc
607 3159 682 3204 non
713 3135 903 3231 ignoratis,
927 3133 1086 3230 judices,
1116 3145 1156 3203 ut
1181 3133 1286 3202 etiam

219 3243 360 3332 bestie,
377 3242 471 3318 fame
487 3244 732 3333 dominante¹,
753 3246 971 3344 plerumque
985 3245 1031 3316 ad
1049 3269 1132 3316 eum
1148 3243 1287 3324 locum,

255 3462 281 3512 9.
303 3445 499 3513 versutasque.
513 3448 562 3500 Alii
574 3448 730 3514 simpliciter,
772 3447 931 3512 expedienda
941 3447 1050 3504 dedant,
1060 3447 1127 3496 velut
1138 3447 1289 3506 adventur,

220 3527 364 3577 mmm.
375 3529 480 3579 ΠΒ.
772 3543 827 3590 que
834 3527 1120 3590 mneptnasjndiainon
1129 3525 1288 3575 conveniunt.

258 3623 300 3658 ιο.
313 3611 426 3659 Auctore.
449 3609 590 3658 Defensore.
608 3606 729 3670 -capo
773 3605 1289 3670 hmb.exunccod.afautorenrrposuit.

220 3687 297 3739 dim.
322 3691 429 3738 Pettium
451 3690 606 3739 studiosior-e.
622 3687 733 3736 Staienus
815 3665 1291 3749 11.aenemiiam.tteeonactsuuaequt·

220 3769 472 3819 cuimiuubaolvendo
482 3767 630 3818 Scamandro
637 3775 731 3815 motum
777 3765 831 3814 dem
846 3781 896 3814 suar
909 3780 970 3812 voce
981 3765 1127 3824 absolutum
1145 3779 1222 3829 quum
1235 3775 1291 3812 anta

220 3848 326 3912 partium
340 3849 449 3920 atadipm
466 3863 516 3914 pre
538 3863 564 3895 so
583 3846 684 3903 tulerat,
704 3856 733 3894 nt
776 3843 851 3894 anem
864 3844 1080 3908 iudicii‚demiuo
1094 3843 1291 3910 capitatum-

221 3925 292 3973 solut
300 3942 355 3974 aum
366 3929 520 3988 absolverat,
534 3937 560 3975 et
570 3941 621 3974 uon
637 3925 732 3974 vidore·
777 3925 854 3974 sicut.
867 3927 945 3991 Supra
959 3939 1004 3976 at.

221 4005 732 4071 turnmeraajudax,redpttronm.l’oat-
812 4007 895 4055 xxv.
922 4021 944 4055 1.
961 4004 1117 4054 Daminernn.
1145 4006 1246 4052 Gener,
1266 4001 1291 4048 in

222 4099 248 4131 aa
269 4095 350 4134 autem
372 4087 510 4150 Oppianico
531 4085 630 4133 consilia
650 4085 733 4134 utun·
776 4085 849 4134 'l'hee
869 4101 908 4134 nn.
922 4087 1009 4146 coelic.
1021 4085 1179 4132 «donante».
1192 4082 1290 4132 Schdtz.
