2934 4680
238 396 285 476 40
564 395 612 462 Μ.
638 394 676 459 Τ.
703 391 981 463 CICERONIS

237 513 341 611 peius
361 512 518 610 legatum
541 534 682 611 semper
705 509 901 606 judicavit;
928 514 973 600 ii,
1000 512 1134 610 quibus
1162 539 1305 613 semper

238 637 315 694 erat
344 622 558 711 molestum,
583 620 628 692 ad
654 646 738 692 eum
767 619 1023 720 potissimum6
1044 647 1119 696 esse
1137 629 1323 712 missum,

239 731 526 828 speculatorem,
557 755 665 829 quam
700 731 857 828 legatum
888 733 1041 827 judicari
1073 736 1304 808 maluerunt?

236 842 387 913 Potestis
406 841 513 938 igitur
526 842 600 935 jam
618 843 854 932 constituere,
870 845 1049 933 Quirites,
1068 844 1162 916 hanc
1176 860 1303 918 aucto·

237 955 397 1040 ritatem,
415 951 539 1022 multis
557 965 706 1049 posteat
726 952 837 1024 rebus
860 955 987 1050 gestis,
1010 957 1222 1054 magnisque
1242 981 1302 1028 ve·

236 1066 319 1134 stris
334 1061 478 1157 judiciis
496 1061 767 1159 amplificatam,
782 1079 960 1161 quantum
974 1064 1072 1163 apud
1086 1064 1167 1139 illos
1182 1091 1302 1164 reges,

237 1188 415 1271 quantum
446 1171 544 1270 apud
571 1188 710 1244 exteras
732 1175 896 1246 nationes
919 1173 1108 1246 valituram
1131 1198 1208 1247 esse
1228 1179 1302 1247 exi·

236 1284 396 1354 stimetis.
1278 1363 1279 1368 .

281 1393 476 1491 Reliquum
498 1408 568 1481 est,
589 1407 631 1464 ut
658 1391 702 1463 de
727 1390 913 1481 felicitate,
938 1417 1049 1492 quam
1070 1410 1237 1492 praestare
1257 1394 1302 1466 de

232 1529 270 1575 se
289 1504 369 1600 ipso
390 1527 499 1574 nemo
520 1517 657 1600 potest,
674 1505 880 1574 meminisse
898 1519 935 1576 et
954 1529 1241 1577 commemorare
1258 1505 1303 1578 de
1325 1587 1328 1594 ¹

234 1614 348 1685 altero
368 1637 582 1710 possumus,
609 1613 701 1684 sicut
725 1636 870 1711 aequum
894 1629 948 1684 est
969 1614 1109 1685 homini
1131 1613 1177 1686 de
1199 1629 1301 1713 pote·

235 1741 325 1799 state
346 1725 517 1814 deorum,
539 1721 689 1797 amittet
715 1739 752 1797 et
770 1748 884 1823 pauca
913 1725 1084 1798 dicamus.
1108 1733 1185 1827 Ego
1205 1733 1303 1800 euim

235 1839 286 1907 sic
307 1837 495 1906 existimo:
518 1836 691 1921 Maximo,
710 1835 900 1923 Marcello,
918 1839 1098 1934 Scipioni,
1113 1840 1250 1927 Mario,
1267 1854 1305 1911 et

236 1949 363 2019 ceteris
396 1947 534 2042 maguis
562 1943 864 2042 imperatoribus,
896 1970 972 2017 uon
1004 1948 1122 2018 solum
1153 1963 1305 2048 propter

236 2060 428 2143 virtutem,
457 2053 520 2125 sed
546 2054 653 2124 etiam
680 2069 830 2153 propter
852 2053 1056 2145 fortunam,
1082 2061 1211 2156 saepius
1233 2061 1303 2129 im·

236 2167 335 2264 peria
355 2163 541 2251 mandata,
559 2177 669 2260 atque
688 2165 867 2235 exercitus
885 2191 961 2238 esse
985 2170 1206 2238 commissos.
1222 2171 1305 2238 Fuit

236 2277 330 2345 enim
356 2271 520 2370 prolecto
546 2271 763 2370 quibusdam
792 2277 941 2345 summis
963 2277 1046 2346 viris
1069 2277 1236 2372 quaedam
1258 2277 1304 2349 ad

236 2381 513 2481 amplitudinem
535 2397 572 2452 et
593 2381 763 2478 gloriam,
783 2396 819 2454 et
839 2381 884 2453 ad
901 2408 958 2455 res
976 2408 1120 2481 magnas
1134 2385 1232 2490 bene
1249 2411 1305 2484 ge

234 2493 363 2566 rendas
385 2492 556 2564 divinitus
580 2491 750 2588 adjuncta
772 2489 939 2563 fortuna:
967 2492 1012 2564 de
1041 2493 1150 2590 hujus
1178 2513 1303 2568 autem

234 2603 391 2676 hominis
419 2600 604 2687 felicitate,
633 2626 709 2700 quo
739 2600 784 2672 de
813 2626 911 2672 nunc
940 2603 1099 2702 agimus,
1128 2603 1196 2675 hac
1220 2620 1303 2677 utar

230 2712 478 2784 moderatione
503 2711 670 2799 dicendi,
697 2737 772 2783 uon
795 2715 896 2783 utin
919 2711 1014 2784 illius
1033 2729 1211 2810 potestate
1230 2715 1304 2788 fon

230 2839 358 2894 tunam
382 2827 536 2921 positam
563 2847 639 2898 esse
667 2822 801 2911 dicam,
825 2821 888 2893 sed
912 2837 953 2892 ut
978 2825 1155 2921 praeterita
1177 2829 1305 2898 memi-

231 2935 346 3024 nisse,
362 2933 505 3033 reliqua
533 2959 677 3034 sperare
702 2931 900 3018 videamur,
921 2957 967 3002 ne
989 2946 1051 3002 aut
1074 2934 1213 3004 invisae
1233 2935 1303 3006 diis

228 3044 494 3116 immortalibus
516 3048 632 3115 oratio
655 3057 797 3131 nostra,
820 3055 882 3112 aut
906 3042 1045 3137 ingrata
1074 3065 1150 3114 esse
1177 3041 1303 3116 videa·

230 3173 302 3225 tur.
321 3159 449 3251 Itaque
463 3179 539 3224 non
553 3178 632 3225 sum
652 3151 930 3250 praedicaturus,
947 3152 1126 3242 Quirites,
1145 3167 1303 3248 quantas

231 3262 289 3331 ille
312 3285 369 3331 res
392 3260 492 3331 domi
517 3263 739 3358 militiaeque,
763 3275 859 3332 terra
882 3261 1067 3358 marique,
1089 3276 1302 3360 quantaque

232 3475 266 3522 ira
278 3471 406 3537 legendam
417 3483 511 3532 censet,
524 3461 630 3536 «quibua
639 3488 683 3536 per
692 3481 742 3518 erat
785 3470 836 3518 lum
855 3472 944 3536 populi
967 3471 1089 3534 suffragiis
1112 3472 1133 3519 ei
1157 3472 1302 3524 mandatam

232 3553 359 3601 molestum
372 3573 392 3598 ι.
405 3551 430 3600 J.
440 3551 472 3596 V.
485 3553 512 3596 L.
786 3551 864 3598 fuerat
878 3549 982 3598 Gabinia
994 3551 1055 3614 lege.

266 3635 293 3681 6.
307 3629 409 3680 Aderam
418 3627 580 3693 potissimum.
596 3631 679 3691 Quum
692 3629 742 3691 ipse
824 3630 848 3678 8.
865 3627 967 3677 Ttmtde.
985 3629 1038 3690 Ne,
1052 3629 1119 3692 quod
1133 3629 1234 3678 alcoram
1248 3643 1301 3692 est,

232 3722 338 3778 quaestor
347 3720 440 3758 tantum
448 3717 472 3754 et
481 3706 572 3770 aliiqui
579 3707 643 3756 idam
652 3707 742 3754 bellurn
786 3707 881 3756 bomini
892 3707 1004 3754 tribuisse
1015 3707 1107 3754 videar.

232 3791 431 3838 administrabant
445 3789 477 3849 Q.
490 3785 619 3846 Metellus,
633 3787 671 3834 M.
686 3789 742 3833 Per·
822 3803 847 3849 9.
862 3785 943 3834 Invisa
956 3784 1003 3832 dtis
1016 3784 1201 3835 immortalibus.
1214 3789 1240 3835 Si
1252 3790 1302 3837 lor·

231 3884 319 3932 petua,
333 3868 470 3917 cumulares
480 3875 568 3913 emant.
786 3877 868 3914 tunam
879 3866 904 3911 in
914 3863 1024 3929 Pompeii
1033 3879 1106 3911 mana
1116 3865 1220 3928 positam
1230 3866 1301 3916 dixe·

269 3963 291 4006 7.
303 3949 400 3996 Postea.
410 3943 633 4009 Postliiapauieuae
640 3941 741 3992 bellum.
785 3945 845 4002 rim,
864 3959 919 4006 quae
931 3959 945 3989 a
961 3942 1007 3990 diis
1021 3941 1121 4006 pendet.
1135 3968 1171 3979 —
1184 3946 1299 4010 Ingrata.

230 4024 355 4070 —Rebas
374 4026 457 4088 gestis.
480 4025 570 4074 Contra
590 4023 687 4088 piratae.
706 4049 741 4058 --
785 4022 809 4069 Si
823 4037 867 4068 nec
881 4021 1001 4084 praeterita
1017 4022 1165 4078 meminisse,
1180 4038 1225 4070 nee
1238 4025 1299 4072 reli·

184 4151 192 4158 ,
235 4101 324 4150 Vestris
327 4102 434 4166 judiciis.
450 4103 524 4166 Quod
534 4103 679 4151 maritimum
689 4100 740 4148 bel·
785 4115 830 4162 qua
842 4115 937 4162 sperare
948 4099 1078 4145 vitlearuar.
