3026 4680
269 379 338 450 500
605 376 997 446 ARGUMENTUM.

208 558 218 578 Ι
306 505 458 560 Murenam
467 515 525 556 non
537 495 598 554 sine
608 495 718 555 ambitu
732 498 910 578 consulatum
922 495 1042 575 adipisci
1052 497 1179 574 potuisse
1189 485 1335 559 crederet:

306 599 408 658 Cicero
421 592 546 652 ostendit
556 593 586 650 in
597 605 722 671 utroque
734 613 833 672 parem
848 614 909 654 esse
922 593 1089 670 dignitatem
1105 595 1232 673 generis,
1255 597 1334 656 inte-

306 693 437 774 gritatis,
454 690 602 750 industriae
615 695 837 769 ceterorumque
853 701 1107 762 ornamentorum,
1121 691 1226 770 quibus
1242 695 1335 752 fretus

307 791 411 869 aliquis
431 788 468 847 ad
487 789 653 847 consulatus
665 789 834 866 petitionem
851 788 968 868 aggredi
982 790 1086 867 possit,
1103 803 1136 848 ut
1151 809 1245 868 neque
1259 795 1334 849 Mu-

306 908 376 948 rena
390 885 530 963 dignitate
544 905 560 943 a
572 885 702 963 Sulpicio
716 885 794 944 vinci
807 885 952 964 potuerit,
969 905 1062 964 neque
1079 885 1128 944 ille
1142 886 1220 946 bunc
1234 886 1335 966 digni-

308 1000 366 1044 tate
388 982 540 1061 superarit.
561 985 662 1060 ltaque
681 985 808 1060 primum
828 981 864 1041 de
882 983 1033 1062 utriusque
1055 1003 1160 1064 genere
1176 1003 1210 1042 ac
1225 983 1335 1044 nobili-

276 1145 277 1150 ,
307 1097 378 1154 tare,
393 1103 425 1154 q,
442 1078 549 1138 deinde
569 1078 606 1136 de
627 1093 793 1155 quaestura,
816 1093 876 1137 tum
896 1078 933 1137 do
954 1078 1042 1139 rebus
1062 1093 1130 1158 post
1157 1095 1334 1158 quaesturam

308 1181 394 1260 gestis
410 1179 487 1258 agit;
509 1177 560 1236 ubi
574 1175 700 1236 ostendit
716 1177 875 1256 Sulpicium
884 1178 1121 1257 jurisprudentiae
1134 1178 1240 1254 laude,
1263 1183 1334 1240 Mu-

308 1296 407 1336 renam
423 1275 465 1334 rei
478 1274 608 1332 militaris
624 1273 716 1351 gloria
730 1275 878 1346 floruisse,
902 1293 1043 1334 summam
1055 1291 1150 1334 autem
1164 1295 1225 1334 esse
1238 1275 1336 1354 digni-

312 1388 399 1442 tatem
415 1371 451 1430 ad
467 1370 648 1430 consulatum
661 1369 854 1431 obtinendum
867 1371 898 1429 in
911 1373 946 1430 iis
957 1372 1008 1449 qui
1021 1371 1138 1430 militari
1150 1371 1235 1432 laude
1250 1385 1335 1432 ante·-

308 1471 426 1540 eellant,
438 1466 542 1526 deinde
558 1467 588 1523 in
601 1465 717 1525 dicendi
728 1467 863 1526 bonitate
871 1489 879 1539 ;
887 1467 962 1545 juris
974 1467 1220 1528 civilisseientiam
1232 1489 1336 1547 quam·

308 1569 353 1626 vis
367 1568 484 1638 utilem,
506 1576 603 1623 tameu
619 1564 714 1624 minus
732 1565 857 1643 amplam
877 1578 907 1622 et
924 1565 1078 1642 gratiosam
1095 1585 1172 1638 esse,
1194 1566 1274 1626 e16.
1299 1572 1336 1626 Et

309 1666 447 1744 ‹pioniarn
468 1663 614 1741 Sulpicius
630 1660 793 1738 objecerat,
817 1683 847 1720 se
861 1662 892 1721 in
909 1675 1041 1741 praeturae
1056 1663 1193 1741 petitione
1207 1665 1336 1742 priorem

311 1782 373 1821 esse
390 1760 605 1832 renuntiatum,
634 1757 848 1816 demonstratur
864 1771 909 1817 ex·
923 1779 959 1817 eo
976 1779 1034 1818 non
1050 1760 1154 1838 sequi,
1175 1761 1335 1839 Sulpicium

309 1860 394 1917 etiam
408 1857 506 1936 priore
519 1857 585 1916 loco
596 1856 742 1914 consulem
757 1855 843 1914 fuisse
858 1855 1073 1935 designandum.
1091 1859 1126 1915 In
1139 1870 1273 1936 praeturae
1287 1878 1337 1937 pe·

311 1957 412 2015 titione
436 1959 567 2012 Murenae
593 1951 665 2010 duas
688 1971 734 2011 res
761 1951 904 2024 obfuisse,
930 1953 1115 2014 vehementer
1141 1954 1335 2027 desideratasr

310 2067 411 2119 unam,
421 2049 501 2128 quod
514 2067 603 2126 quum
617 2047 774 2108 aedilisnou
790 2049 905 2122 fuisset,
921 2070 1041 2124 munus,
1052 2051 1083 2110 h.·
1090 2071 1116 2109 e.
1126 2050 1211 2110 ludos
1225 2053 1337 2130 populo

310 2149 446 2221 deberet,
462 2148 597 2218 alteram,
612 2144 692 2224 quod
708 2146 729 2203 ii
742 2165 816 2223 quos
828 2147 859 2206 in
873 2147 1023 2225 provincia
1035 2167 1068 2206 ac
1082 2149 1223 2228 legatione
1234 2149 1337 2210 tibersa

309 2247 397 2306 litatis
412 2259 441 2304 et
455 2242 570 2305 virtutis
582 2262 640 2301 suae
654 2255 739 2300 testes
755 2241 917 2316 habuerat,
932 2243 1061 2304 nondum
1075 2245 1225 2323 provincia
1239 2245 1337 2305 deces-

311 2347 422 2404 sissent.
438 2347 603 2418 Utrumque
616 2341 645 2398 ei
667 2341 697 2397 in
717 2341 868 2400 consulatu
890 2342 1017 2420 petendo
1037 2343 1160 2401 multum
1183 2343 1336 2421 profuisse.

311 2445 385 2499 Nam
402 2457 506 2496 munus
517 2436 547 2493 in
561 2435 701 2514 petitione
717 2448 851 2513 praeturae
863 2436 1077 2511 desideratum,
1099 2439 1127 2496 in
1140 2453 1265 2518 praetura
1279 2459 1337 2499 am·

311 2536 472 2614 plissimum
492 2534 602 2610 populo
624 2531 752 2604 dedisse,
777 2545 806 2590 et
827 2538 859 2592 L.
884 2535 999 2596 Luculli
1028 2535 1203 2608 exercitum,
1227 2537 1280 2614 qui
1301 2533 1336 2594 ad

311 2629 490 2708 triumphum
511 2641 704 2700 convenerat,
726 2630 859 2687 eumdem
881 2632 1015 2690 comitem
1034 2639 1066 2690 L.
1079 2637 1209 2691 Murenae
1230 2646 1337 2711 praesto

312 2729 414 2799 luisse3
430 2727 504 2786 banc
519 2737 614 2784 antem
635 2725 756 2784 militum
778 2727 954 2786 voluntatem
974 2728 1005 2786 in
1029 2730 1146 2787 consule
1163 2729 1337 2788 declarando

311 2825 433 2883 rnttltum
444 2821 523 2900 apud
534 2821 698 2880 uuiversum
712 2821 855 2900 populum
868 2825 1211 2884 romanum'auctoritatis
1221 2825 1338 2896 babere,

315 2941 416 2997 ¹7·19·
438 2923 472 2977 ln
488 2919 551 2996 ipsa
571 2931 698 2996 praetura
711 2916 838 2994 gerenda
852 2923 984 2979 Murenae
997 2934 1105 2979 sortem
1115 2921 1188 2999 juris
1205 2921 1335 2993 dicundi,

313 3017 441 3095 Sulpicio
454 3015 640 3094 quaestionem
653 3017 802 3092 peculatus
814 3013 967 3093 obtigisse;
987 3017 1017 3074 in
1033 3018 1081 3076 illa
1097 3020 1234 3096 majorem
1254 3021 1338 3078 luisse

314 3115 479 3174 facultatem
498 3113 654 3173 multorum
676 3111 732 3170 sibi
749 3111 974 3172 benivolentiam
995 3114 1180 3193 adjungendi.
1200 3121 1236 3176 Et
1250 3103 1337 3194 quum

314 3225 380 3290 post
395 3223 549 3288 praeturam
565 3209 709 3285 Sulpicius
725 3209 756 3267 in
772 3210 953 3286 provinciam
969 3211 1012 3272 ire
1027 3213 1169 3284 noluerit,
1188 3218 1337 3272 Murenam

315 3313 344 3365 in
361 3305 486 3384 regenda
501 3305 595 3364 Gallia
608 3304 797 3382 Transalpina
814 3306 917 3365 multas
928 3307 1020 3366 bonas
1038 3309 1144 3385 gratias
1155 3329 1220 3368 cum
1232 3311 1338 3388 optima

314 3397 526 3464 existimatione
548 3401 693 3474 attulisse,
721 3421 766 3458 ao.
793 3407 941 3464 Postremo
962 3405 992 3464 in
1013 3407 1179 3466 consulatus
1204 3409 1338 3484 petitione

315 3501 445 3580 Sulpicio
457 3497 601 3566 obluisse,
614 3498 694 3576 quod
711 3518 792 3576 paene
811 3500 940 3576 quotidie
954 3503 984 3560 in
999 3498 1230 3563 accusationibus
1242 3504 1337 3563 elabo-

316 3600 406 3669 rarit,
428 3594 533 3674 quibus
547 3607 576 3652 et
588 3594 688 3672 populi
703 3595 869 3673 opinionem
887 3617 965 3676 aspe
982 3589 1161 3676 adipiscendi
1177 3603 1338 3660 consulatus

317 3694 463 3766 averterit,
471 3703 501 3750 et
510 3693 668 3750 amicerum
679 3690 772 3750 studia
786 3691 952 3767 debilitarit,
966 3708 995 3752 et
1008 3697 1163 3774 impeditus
1173 3699 1219 3772 sit,
1231 3717 1266 3755 ne
1277 3715 1338 3776 pos·

317 3808 360 3852 set
372 3809 487 3850 omnem
502 3808 621 3862 curam,
636 3809 755 3868 operam
769 3787 1003 3869 diligentiamque
1017 3792 1047 3850 in
1063 3795 1203 3871 petitione
1217 3813 1336 3872 ponere;

318 3890 442 3966 denique
459 3887 546 3946 etiam
567 3886 725 3944 multorum
750 3886 860 3945 animos
882 3888 1053 3959 offenderit,
1077 3893 1180 3949 ar-al.
1206 3897 1337 3970 Magnum

319 4006 392 4064 vero
410 3987 446 4043 ad
469 3991 620 4044 Murenam
641 3982 853 4061 preferendum
875 4001 1052 4045 momentum
1078 3989 1244 4062 accessisse,
1263 3984 1337 4067 quod

249 4157 259 4178 „
321 4106 409 4165 quum
431 4085 562 4144 homines
585 4085 745 4162 Sulpicium
767 4087 959 4146 remissiorem
986 4089 1016 4146 in
1042 4088 1167 4166 petendo
1188 4100 1335 4166 putarent,
