3020 4666
233 347 304 418 208
621 347 916 418 EXCURSUS.

229 494 294 562 que
317 486 471 561 congesta
489 469 659 554 exhibent,
679 471 761 536 nihil
778 494 901 536 moror.
922 471 1091 537 Pertinent
1108 473 1195 538 enim
1211 474 1254 539 ad
1269 499 1307 541 ea

230 596 398 666 tempora,
410 576 530 665 quibus
545 592 578 640 et
589 593 764 667 praetorum
779 577 944 666 paucitas,
959 594 992 642 et
1003 578 1177 665 provinciae
1190 581 1225 646 in
1237 582 1306 671 ipsa

228 699 367 777 praetura
384 681 603 771 gubernandae
626 681 660 746 id
678 683 899 771 postulabant.
923 681 1015 747 Idem
1037 682 1136 750 dicito
1155 683 1197 749 de
1216 709 1304 777 quae-

228 787 389 853 stionibus
405 805 477 853 tum
494 787 579 852 inter
594 811 647 871 se,
668 803 740 852 tum
762 783 859 852 etiam
875 811 952 852 cum
968 789 1111 874 urbana,
1131 807 1188 855 aut
1210 814 1305 880 pere·

227 895 318 983 grina
331 910 417 960 sorte
425 894 606 974 conjunctis
619 917 818 982 :quameem
830 892 871 959 ad
885 895 982 959 Tullii
993 919 1098 961 rerum
1109 899 1194 962 male
1207 913 1306 968 trans·

228 1001 291 1065 fert
306 1000 458 1090 Sigonius
474 999 515 1064 de
531 999 606 1066 Jud.
618 1001 720 1083 11,4‚
734 1021 837 1089 eaque
850 1000 892 1064 ad
906 1000 1010 1084 banc,
1025 1023 1089 1088 qua
1101 1001 1143 1065 de
1164 1003 1305 1092 agimus,

227 1104 450 1170 difficultatem
469 1104 648 1171 tollendam
667 1105 782 1171 utitur.
801 1104 841 1169 Ei
862 1105 965 1170 miror
982 1103 1158 1172 credidisse
1179 1108 1306 1172 Conra-

228 1212 307 1278 dum
322 1236 446 1304 parerg.
463 1215 497 1297 I,
520 1237 553 1295 1,
570 1223 586 1291 ς
604 1225 661 1300 ι“9,
685 1230 718 1278 et
733 1213 831 1296 alios,
853 1215 945 1302 quasi
961 1210 1050 1302 quod
1062 1214 1192 1279 volebat
1210 1215 1305 1304 Sigo-

228 1321 304 1385 nius
315 1319 599 1405 demonstraren't,
617 1343 720 1409 quum
737 1337 845 1385 tamen
860 1320 986 1402 omnia,
1000 1341 1075 1407 quaa
1087 1321 1121 1384 in
1135 1321 1221 1386 banc
1234 1343 1303 1385 rem

227 1425 348 1510 adfert,
361 1426 456 1491 facile
472 1428 657 1495 refutentur
674 1450 681 1491 :
701 1426 791 1515 quod
808 1427 983 1517 Sigoniana
999 1449 1075 1490 cum
1094 1427 1214 1491 nostris
1231 1449 1305 1492 con·

228 1533 344 1597 ferenti
354 1532 488 1621 patebit.
501 1530 682 1598 Sedunum
697 1549 799 1598 exstat
811 1531 1013 1621 exemplum,
1026 1531 1117 1620 quod
1132 1549 1304 1621 utramque

87 1681 92 1700 .
132 1675 134 1680 ·
225 1638 486 1721 jurisdictionem
512 1639 656 1705 Antonio
676 1637 826 1704 videatur
846 1661 998 1704 asserere.
1023 1639 1108 1702 Nam
1126 1639 1161 1702 in
1186 1639 1306 1704 celebri

226 1745 312 1810 SCto
325 1767 427 1835 graece
443 1768 601 1810 converso
616 1745 657 1827 Q.
670 1745 786 1810 Catulo
797 1762 830 1810 et
838 1745 884 1809 M.
897 1742 1023 1834 Lepido
1033 1765 1116 1808 coss.
1134 1767 1210 1809 ann.
1222 1742 1303 1830 675,

227 1852 264 1917 L.
279 1852 448 1917 Cornelius
462 1852 596 1916 Sisenna
609 1868 729 1940 praetor
743 1852 862 1921 dicitur
874 1858 941 1914 κατὰ
954 1858 1087 1924 munemel
1097 1859 1138 1912 tel
1151 1865 1200 1912 τῶν
1209 1859 1280 1923 ξένων
1294 1871 1304 1914 :

228 1956 318 2046 quod
338 1957 473 2023 Fulvius
493 1957 632 2023 Ursinus
650 1980 746 2021 aeneae
766 1957 852 2021 illius
877 1955 995 2020 tabulae
1013 1952 1185 2036 dominus,
1202 1952 1304 2018 etalii

226 2064 410 2146 vertebant,
435 2093 448 2120 α
466 2065 552 2129 inter
574 2064 679 2141 eires,
705 2080 738 2129 et
762 2038 950 2153 peregrinbs
963 2093 992 2145 r,
1013 2083 1125 2124 verum
1151 2060 1303 2150 Sigonius
1355 2070 1357 2089 ¹

228 2168 269 2236 de
285 2172 302 2235 J
305 2195 354 2236 ur.
369 2171 465 2236 Prov.
479 2172 511 2254 I,
529 2194 561 2253 1,
579 2168 763 2252 «urbanus,
779 2186 811 2234 et
827 2168 1019 2258 peregrinus
1032 2197 1062 2251 n,
1080 2190 1186 2255 eoque
1202 2167 1304 2232 veluti

226 2276 396 2366 singulari,
418 2267 622 2366 maximeque
645 2275 792 2340 notando
813 2275 1064 2356 conjunctarum
1086 2289 1162 2363 post
1180 2272 1303 2337 Sullam

221 2384 487 2466 jurisdictionum
500 2385 648 2475 exemplo
664 2407 743 2451 usus
759 2401 809 2450 est
822 2385 844 2449 l.
861 2409 890 2450 c.
908 2384 949 2449 de
965 2381 1038 2449 Jud.
1054 2383 1132 2465 etl,
1149 2405 1185 2469 75
1197 2401 1304 2469 neque

226 2491 288 2555 sibi
298 2490 509 2574 contradixit,
521 2487 561 2557 ut
568 2492 710 2557 Reitzius
719 2491 860 2582 putavit,
872 2492 930 2581 qui
945 2493 1023 2556 Exc.
1035 2490 1083 2554 lx
1097 2487 1138 2552 ad
1155 2487 1304 2576 Theoph.

218 2595 268 2668 ,de
292 2596 426 2660 Sisenna
448 2597 515 2687 egit
542 2599 745 2687 nuperrime,
770 2598 1020 2685 versionemque
1047 2593 1170 2683 Sigonii
1190 2591 1304 2682 proba·

226 2702 289 2784 vit,
310 2717 349 2766 ut
375 2717 470 2768 antea
493 2703 664 2769 Corradus
682 2705 704 2770 l.
727 2727 755 2770 c.
775 2709 793 2786 §
816 2705 856 2788 6,
873 2725 972 2792 quam
993 2703 1063 2790 ipsa
1085 2722 1187 2789 graeca
1206 2698 1303 2762 verba

226 2805 381 2892 suadent,
400 2833 439 2874 ac
453 2809 599 2895 Tullius,
617 2811 676 2900 qui
691 2834 751 2900 pro
768 2812 866 2876 Corn.
888 2825 997 2898 aperte
1016 2807 1115 2872 docet
1129 2820 1303 2894 pretorem

228 2915 392 2980 urbanum
409 2917 507 2984 luisse
526 2919 706 2984 Sisennam.
724 2919 798 3008 Ipse
815 2917 963 3006 profecto
978 2913 1119 2978 Reitzius
1136 2913 1221 2975 favet
1242 2933 1303 2974 no-

225 3022 297 3087 lens
310 3020 449 3106 Ursino,
466 3024 546 3089 dum
562 3041 735 3115 praeturam
750 3025 894 3089 Sisennae
909 3019 1073 3111 duplicem
1085 3015 1303 3082 comminisci·

227 3145 304 3202 tur:
327 3132 372 3195 ita
398 3133 485 3196 enim
503 3131 593 3219 prior
615 3131 784 3219 peregrina
800 3151 868 3194 esse
886 3128 1012 3216 potuit,
1039 3122 1138 3188 altera
1157 3121 1302 3206 urbana,

227 3256 265 3305 ut
280 3241 366 3305 illam
386 3239 538 3327 ambigue
553 3237 656 3302 Graeci
674 3236 836 3318 notarint,
851 3234 937 3299 hanc
950 3232 1077 3297 Tullius
1098 3229 1302 3294 intellexerit.

226 3347 429 3428 Coniecturae
447 3342 570 3409 fundus
589 3360 638 3408 est
652 3343 755 3427 Dion,
774 3365 791 3406 a
808 3365 875 3430 quo
891 3353 937 3412 τῆς
950 3339 1059 3408 baddo<
1081 3347 1161 3416 ἅρχων
1176 3334 1302 3423 piratici

227 3452 302 3517 belli
319 3468 486 3539 tempore,
502 3449 584 3512 XIII
606 3464 682 3536 post
701 3463 875 3537 praeturam
891 3445 984 3508 annis
1002 3444 1038 3507 L.
1055 3441 1188 3506 Sisenna
1209 3461 1302 3503 corn-

228 3572 438 3624 memorutur.
455 3553 519 3620 Sed
537 3577 646 3643 neque
664 3555 844 3619 necessario
858 3549 1071 3638 consequitur
1086 3553 1124 3610 en
1141 3568 1197 3628 eo,
1210 3545 1303 3634 quod

226 3681 318 3730 tanto
343 3661 512 3727 intervallo
533 3661 664 3726 Graeciaa
688 3659 869 3748 praefuerit,
893 3657 986 3722 illum
1010 3655 1144 3718 alteram
1170 3652 1303 3741 gessisse

226 3787 420 3859 praeturam:
438 3789 562 3855 neque,
581 3767 610 3831 si
627 3765 867 3847 conjiciendum
884 3778 950 3845 est,
966 3760 1107 3825 arbitror
1123 3757 1302 3847 quidquam

225 3899 295 3943 esse
309 3877 531 3960 verisImilius,
548 3898 647 3964 quam
664 3873 832 3939 Sisennam
850 3872 994 3960 legatum
1014 3867 1196 3932 existimare
1206 3866 1303 3931 Pom·

225 3981 288 4068 pcii
309 3981 515 4070 praetorium,
533 3979 667 4068 ejusque
690 4001 812 4042 nornen
832 3975 983 4064 Appiano
1004 3972 1191 4053 restimere,
1214 3967 1302 4057 apud

169 4151 170 4156 ,
226 4107 324 4175 quem
334 4135 343 4170 ,
355 4108 427 4176 pag.
446 4085 526 4173 393,
543 4084 689 4152 ed.'1⁸oll.
704 4083 833 4173 Graeciae
846 4080 1069 4172 praepositusa
1084 4077 1240 4167 Pompeio
1254 4072 1303 4138 di-
