3018 4664
456 343 459 353 ’
554 378 931 448 succursurum.
1202 371 1273 446 325

251 510 284 556 ut
292 496 370 556 illem
383 515 465 556 suem
479 495 569 574 legem
581 496 721 575 ngrariam
731 495 885 575 abjiceret,
899 514 992 573 neque
1003 513 1066 552 enm
1081 493 1117 552 nd
1130 496 1271 573 populum

252 596 326 654 ferre
341 594 469 654 auderet.
484 595 597 654 Etenim
613 595 674 674 ipsc
687 596 803 653 videtur
821 601 854 656 L.
866 595 999 667 Caecilio,
1016 594 1067 672 qui
1084 594 1138 653 suu
1151 595 1229 654 Rulli
1241 597 1273 654 in

248 685 399 751 'tribunatu
417 692 542 769 collega,
557 705 589 750 ut
605 691 667 768 ejus
681 694 736 768 legi
748 691 939 750 intercederet
950 693 1132 770 persuasisse.
1157 693 1272 754 lumin
1351 672 1353 686 Ι

250 801 324 848 orat.
335 808 390 866 pro
403 789 545 860 Sulla,n3,
556 813 568 838 α
581 793 624 847 Ex
638 788 687 846 illo
702 801 841 866 tempore,
852 787 954 865 inquit,
967 794 998 844 L.
1013 787 1142 846 Caecilius
1158 790 1246 846 multa
1257 809 1274 847 c

251 883 399 964 republica
417 885 489 962 egit3
507 884 626 962 agrariae
644 883 718 962 legi,
742 905 806 962 quse
822 897 912 943 totns
929 904 974 942 me
990 883 1165 963 reprehensa
1180 897 1210 942 et
1226 884 1275 943 nb·

247 981 323 1058 jecta
338 994 396 1054 est,
408 981 626 1040 intercessorem
640 978 702 1039 sore
713 981 859 1059 professus
872 994 940 1039 est».
953 981 1066 1052 Quibus
1080 1001 1115 1040 ex
1125 981 1221 1040 verbis
1233 981 1275 1040 in-

252 1072 398 1156 telligitur,
415 1079 534 1136 Rullum
556 1098 592 1136 ne
613 1098 712 1138 ausum
738 1077 857 1156 quidem
874 1097 935 1136 esse
958 1079 1051 1155 legem
1071 1078 1107 1136 ed
1133 1080 1274 1156 populum

250 1177 343 1248 ferre3
360 1188 389 1234 et
400 1175 479 1253 quod
490 1176 599 1235 Plinius
612 1175 685 1234 nist.
697 1179 839 1246 Nacvu,
856 1177 903 1247 30,
920 1174 969 1232 ubi
982 1176 1150 1234 Ciceronem
1163 1176 1273 1244 laudat,

251 1271 295 1330 his
304 1270 400 1330 verbis
415 1272 519 1330 utitur:
530 1277 584 1330 «Te
596 1271 725 1344 dicente,
739 1273 829 1350 legem
842 1273 997 1351 agrariam,
1008 1272 1065 1330 hoc
1076 1283 1128 1344 est,
1140 1272 1273 1330 elimenta

246 1389 298 1427 sue
317 1368 526 1427 abdicaverunt
541 1367 672 1437 tribus»,
689 1368 719 1426 id
731 1369 792 1446 jam
806 1369 950 1428 Manutius
966 1389 1024 1426 nou
1039 1369 1075 1426 ad
1089 1369 1225 1444 suffragiu
1243 1369 1271 1426 in

250 1464 386 1535 comitiis,
415 1467 465 1524 sed
479 1475 589 1522 tentum
607 1465 643 1522 ad
659 1464 895 1542 significationem
912 1465 1066 1524 voluntatis
1089 1465 1118 1522 in
1135 1465 1274 1522 concione

252 1564 354 1622 lactum
368 1563 551 1623 referendum
566 1583 642 1634 esse,
654 1583 723 1621 vere
730 1561 878 1639 judicavit.
