3018 4664
465 345 534 460 IN,
546 345 585 412 L.
612 345 922 431 CATILINAM,
946 349 973 416 Ι.
1183 349 1255 448 399

183 469 253 540 hac
268 481 368 538 tanta
383 464 604 563 frequentia,
627 492 672 538 ex
691 481 746 537 tot
762 469 832 538 tuis
851 469 972 539 amicis
986 493 1027 540 ac
1046 474 1254 544 necessariis
1286 477 1290 484 '

146 623 148 630 ,
185 575 372 650 salutavit?
396 579 430 648 si
455 574 525 648 hoc
549 590 630 672 post
656 575 848 646 hominnm
870 579 1082 649 memoriam
1104 583 1256 678 contigit

184 688 347 774 nemini,
381 685 480 756 vocis
511 699 696 782 exspectas
729 685 984 758 coutumeliam
1001 699 1026 774 ¹,
1061 714 1176 787 quum
1210 696 1258 764 sis
1285 721 1294 742 ¹

184 797 393 896 gravissimo
423 793 560 890 judicio
594 796 847 866 taciturnitatis
882 799 1101 894 oppressus?
1134 800 1255 891 Quid,

186 906 288 1005 quod
317 905 478 978 adventu
509 921 573 976 tuo
603 907 670 976 ista
701 903 870 978 subsellia
891 906 1115 980 vacuefacta²
1146 913 1258 983 sunt?

186 1016 288 1116 quod
309 1041 438 1089 omnes
459 1014 688 1101 consulares,
710 1017 774 1113 qui
795 1015 863 1086 tibi
883 1039 1042 1115 persaepe
1060 1018 1105 1090 ad
1123 1021 1256 1093 caedem

187 1129 376 1201 constituti
390 1125 557 1214 suerunt,
573 1126 678 1197 simul
693 1141 802 1223 atque
816 1125 990 1216 assedisti,
1000 1144 1139 1226 partem
1155 1133 1257 1203 istam

188 1237 443 1310 subselliorum
463 1235 598 1307 nudam
620 1249 730 1333 atque
749 1239 893 1307 inanem
915 1237 1166 1336 reliquerunt?
1184 1265 1259 1338 quo

188 1347 335 1420 tandem
359 1351 481 1418 animo
506 1345 577 1418 hoc
604 1346 672 1418 tibi
697 1345 888 1418 ferendum
913 1349 1040 1445 putas?
1065 1353 1165 1421 Servi
1187 1378 1261 1424 me-

190 1455 333 1530 lrercle³
348 1458 464 1528 meisi
479 1481 536 1528 me
548 1458 619 1528 isto
634 1469 739 1553 pacto
752 1471 975 1546 metuerent,
990 1473 1032 1528 ut
1045 1473 1080 1531 te
1091 1476 1261 1534 metuunt

191 1592 319 1640 omnes
345 1569 440 1638 cives
463 1568 535 1654 tui,
558 1565 706 1638 domum
731 1571 873 1638 meam⁴
898 1567 1175 1666 relinquendam
1195 1598 1262 1670 pu·

191 1693 327 1750 tarem:
345 1692 386 1748 tu
404 1675 471 1748 tibi
490 1673 620 1748 urbem
640 1703 715 1748 non
737 1675 946 1749 arbitraris?
964 1683 1027 1769 Et,
1047 1682 1077 1751 si
1096 1705 1156 1752 me
1172 1685 1262 1755 meis

192 1789 331 1862 civibus
346 1786 501 1884 injuria⁵
522 1803 732 1886 suspectum
750 1803 824 1859 tam
844 1791 998 1886 graviter
1016 1805 1126 1888 atque
1143 1791 1262 1863 olien-

193 1923 273 1970 sum
296 1899 478 1987 viderem3
494 1922 615 1970 carere
636 1921 694 1969 me
717 1897 892 1996 adspectu
914 1901 1064 1989 civium,
1081 1927 1191 1999 quam
1206 1903 1262 1976 in·

194 2005 292 2081 festis
318 2007 433 2080 oculis
463 2009 629 2079 omnium
661 2011 822 2106 conspici
849 2009 995 2082 mallem
1019 2040 1027 2081 :
1051 2027 1114 2098 tu,
1146 2038 1263 2111 quum

194 2121 412 2192 conscientia
422 2118 599 2192 scelerum
612 2133 759 2190 tuorum
770 2143 941 2216 agnoscas
955 2120 1080 2193 odium
1098 2125 1263 2194 omnium

194 2231 350 2323 justum,
372 2244 409 2302 et
432 2231 506 2324 jam
532 2228 600 2301 tibi
625 2228 687 2300 diu
709 2227 894 2320 debitum,
920 2228 1082 2320 dubitas,
1104 2257 1263 2330 quorum

197 2354 336 2410 mentes
351 2337 577 2437 sensusque⁶
600 2338 787 2426 vulneras,
804 2365 932 2412 eorum
951 2341 1161 2440 adspectum
1178 2367 1265 2440 prae·

197 2451 422 2546 sentiantque
446 2448 584 2538 vitare?
610 2450 645 2522 Si
670 2463 706 2520 te
734 2451 926 2547 parentes?
957 2453 1128 2524 timerent
1155 2467 1265 2551 atque

233 2713 289 2760 vlt.
318 2727 341 2759 1.
366 2712 502 2776 Exspectat
526 2711 707 2760 contumeliam.
751 2711 855 2760 Necesse
876 2713 988 2761 estenirn
1003 2724 1029 2761 ut
1043 2715 1183 2763 exardescat
1196 2715 1264 2764 audi·
1342 2737 1345 2748 ·

198 2789 272 2840 Nunc
290 2791 354 2838 hanc
377 2800 503 2854 exspectas
520 2791 708 2848 contumeliam,
752 2799 806 2851 tor,
819 2801 843 2837 et
855 2789 880 2837 in
894 2805 949 2838 cum
962 2789 1130 2854 indignatione
1149 2791 1265 2841 incitetur

198 2881 227 2918 ut
240 2868 339 2933 publice
354 2881 378 2918 et
391 2869 454 2918 clere
467 2885 528 2920 voce
539 2871 616 2918 buu·
625 2870 709 2934 patrie
753 2867 855 2927 leretur,
870 2883 946 2930 equo
960 2881 985 2914 se
998 2869 1100 2916 minori·
1110 2867 1164 2917 fieri
1177 2869 1263 2928 audit,

200 2947 337 3012 appelleris,
344 2964 420 3012 quum
428 2949 477 2996 hoc
486 2949 543 3014 ipso
550 2949 709 3012 silentio,quo
754 2961 825 3010 quem
838 2945 870 2994 ab
880 2947 930 2994 elio
941 2961 1035 2996 servos.

201 3030 227 3076 in
239 3037 325 3077 senatu
342 3043 368 3076 ee
381 3039 513 3092 exceptus,
524 3041 645 3093 tamquam
655 3043 709 3092 gra·
789 3027 814 3084 4.
831 3027 935 3073 mmm
955 3041 1043 3074 meam.
1056 3027 1133 3086 Cujus
1152 3025 1204 3090 ipse
1218 3027 1266 3076 do·

201 3107 299 3154 sissimo
308 3105 405 3172 jndicio
411 3107 528 3154 scelernm
537 3117 709 3168 tuorum,oon·
753 3104 834 3152 minus
842 3121 894 3152 sum
903 3139 910 3166 ‚
920 3105 946 3152 in
959 3116 1088 3169 quantuor
1100 3105 1269 3164 modoservie,

202 3185 281 3234 victus
294 3197 318 3234 et
336 3185 567 3235 condemnetuuie.
754 3183 796 3232 sed
818 3183 879 3231 nulli
893 3185 996 3233 omnino
1017 3183 1132 3244 nomint,
1145 3196 1214 3233 extre
1227 3203 1266 3234 me

238 3279 262 3312 a.
274 3266 314 3314 ΑΙ.
329 3279 424 3314 «vacua
434 3264 497 3312 iacta
511 3275 595 3314 suntn.
604 3267 630 3315 J.
638 3265 669 3313 V.
679 3267 709 3313 L.
753 3277 843 3319 unum.
858 3263 991 3328 quidquem
1002 3267 1064 3327 juris
1075 3277 1126 3326 est,
1141 3265 1205 3314 hanc
1220 3281 1265 3330 ego

238 3347 263 3394 3.
276 3345 348 3394 Servi
359 3343 500 3392 mehercule.
513 3345 711 3409 Magnnmetque
755 3355 879 3390 servorum
899 3356 969 3390 cause
983 3341 1158 3408 relinquerem
1172 3355 1199 3392 ta
1217 3345 1269 3392 Ur·

203 3425 323 3476 excellent
344 3426 418 3488 hujus
441 3423 491 3472 loci
513 3433 550 3474 eet
570 3421 710 3474 artificium.
756 3420 889 3484 bamque
899 3421 975 3470 invite
989 3433 1012 3472 te
1020 3425 1122 3489 mutar,
1131 3425 1269 3487 relinquen·

203 3507 306 3554 Confert
317 3505 382 3555 enim
396 3520 491 3554 reaecum
509 3503 628 3566 cauum,
638 3503 671 3552 ite
685 3511 712 3551 ut
756 3499 811 3548 dem
827 3515 876 3548 non
890 3501 1004 3564 putabis!

204 3601 229 3632 se
244 3586 342 3648 quidem
354 3585 467 3650 ingenue
478 3584 650 3646 humanitatis,
663 3583 711 3632 Ce-
793 3577 929 3646 5.1n'jeria.
939 3581 1019 3641 Si,val
1029 3581 1098 3630 nullo
1107 3583 1195 3629 merito
1205 3595 1268 3638 meo,

206 3663 297 3712 utinam
306 3679 364 3712 vero
373 3663 483 3729 superbe
495 3663 620 3725 cujusdem
627 3673 652 3712 et
662 3677 712 3711 non
757 3659 816 3708 odio
829 3675 867 3706 me
878 3676 929 3708 esse
942 3661 1036 3709 civibus
1047 3660 1162 3709 viderem.

207 3741 338 3790 tolerandae
350 3741 609 3806 crudelitatieplenum
628 3753 712 3792 onen-
792 3739 1011 3788 eremmomtoe
1019 3737 1268 3804 qnostuoedtpectu,
1324 3735 1326 3741 ’

207 3820 263 3878 dat3
276 3820 363 3869 deinde
376 3822 444 3884 qnod
453 3837 535 3870 semo·
552 3839 608 3872 cum
619 3820 714 3871 civibus
758 3833 826 3867 eures
833 3833 893 3881 quae
899 3817 1270 3866 sermonibustuiscontemlnee.

207 3909 348 3963 comparat,
369 3898 546 3964 profiteturque
569 3902 646 3964 pluris
662 3918 677 3949 a
690 3916 715 3948 ee
796 3915 819 3960 7.
830 3896 856 3944 u·
867 3907 891 3943 te
899 3908 1023 3960 parentes.
1037 3897 1131 3945 Crescit
1153 3894 1270 3960 gradatim

207 3996 288 4028 servos
311 3979 375 4038 fieri,
397 3995 469 4042 quam
483 3995 497 4026 ι
518 3979 622 4029 Catilina
637 3983 715 4036 cives,
760 3989 854 4040 orator,
866 3989 890 4026 et
902 3978 950 4038 jam
961 3991 1087 4042 peremunt
1102 3995 1131 4027 ac
1141 3979 1226 4042 patrie
1236 3993 1274 4026 ra·

208 4057 306 4106 mirifice
326 4059 355 4106 ad
377 4058 517 4106 struendum
542 4059 626 4106 odium
642 4059 714 4107 valet.
761 4059 840 4106 tiones
857 4059 971 4122 opponit.
