2976 4670
305 425 375 523 596
474 423 844 494 OBSERVATIONES
870 423 1201 496 APOLOGETTCAE

303 567 355 614 ter
376 547 531 628 dabatur,
555 547 773 611 controversia
798 544 840 610 de
862 548 931 636 ipsa
957 547 1153 640 proprietate
1175 547 1362 636 agitabatur,

303 655 513 746 probationes
537 652 733 734 edebantur,
759 669 791 717 et
811 650 975 718 definitiva
996 653 1153 716 sententia
1173 655 1364 718 ferebatur».

292 762 337 826 -Si
351 762 395 826 ita
411 783 445 825 se
463 781 514 824 res
528 758 695 839 habuerit,
712 781 788 822 vera
802 758 848 822 Cl.
867 759 1032 823 Heineccii
1050 760 1226 841 sententia,
1242 777 1276 824 et
1293 783 1364 848 prae·

303 869 398 956 cipue
410 867 444 930 in
458 866 504 930 rei
518 863 735 929 vindicatione
746 863 815 928 haec
826 865 1037 953 interrogatio
1053 865 1128 927 usui
1146 867 1273 930 venisse
1286 865 1365 928 vide·

302 989 374 1055 tur,
400 971 495 1060 quia,
519 970 578 1058 qui
605 971 732 1033 actione
755 970 935 1056 personali,
959 969 1087 1048 tutelae,
1111 970 1150 1034 V.
1178 971 1219 1036 G.
1247 971 1384 1064 mutui,

303 1077 521 1159 commodati,
539 1076 692 1166 depositi,
714 1073 874 1158 mandati,
894 1077 1102 1166 negotiorum
1119 1094 1303 1166 gestorum,
1317 1091 1365 1140 aut

303 1185 416 1266 simili,
440 1184 601 1273 obligatus
618 1198 703 1262 erat,
721 1205 839 1272 negare
857 1206 925 1248 non
942 1201 1082 1272 poterat,
1105 1206 1233 1248 seeum
1250 1206 1365 1264 esse,a

302 1314 371 1379 quo
392 1291 445 1372 jus
469 1312 566 1354 suum
588 1289 738 1377 persequi
757 1306 848 1354 actor
870 1288 1021 1382 deberet,
1048 1290 1071 1352 ii
1091 1313 1187 1372 vero,
1213 1313 1232 1353 a
1254 1289 1363 1378 quibus

293 1421 372 1463 rem
389 1394 575 1461 vindicabat
591 1411 696 1476 actor,
715 1395 940 1459 auctoritatem
958 1418 1042 1484 saepe
1062 1377 1290 1485 defugiebant,
1307 1397 1364 1459 sire

302 1519 471 1568 auctorem
496 1522 593 1564 suum
608 1500 665 1588 qui
686 1505 720 1564 se
736 1497 925 1566 defenderet
941 1501 1105 1566 laudando
1122 1501 1186 1590 (ι),
1210 1503 1278 1566 sive
1295 1501 1363 1564 dolo

295 1609 390 1674 malo
416 1609 587 1688 facientes,
618 1629 686 1694 quo
714 1606 822 1671 minus
849 1607 1054 1697 possiderent
1075 1607 1140 1696 (a),
1176 1631 1249 1696 quse
1270 1607 1363 1670 ¹fraus

301 1715 437 1780 demum
454 1713 554 1792 soto,
576 1708 680 1799 pridie
694 1710 768 1774 idus
791 1713 920 1776 martias
937 1735 1025 1776 anno
1044 1713 1083 1776 U.
1101 1715 1138 1776 C.
1156 1711 1218 1776 881
1241 1711 1282 1776 ad
1297 1734 1363 1800 pro·

300 1819 498 1909 positionem
522 1816 561 1879 D.
590 1815 745 1879 Hadriani
770 1816 854 1880 facto
877 1817 941 1904 (3),
966 1815 1114 1881 inefficax
1137 1816 1200 1881 fuit
1221 1815 1362 1881 reddita:

293 1939 402 2012 atque
420 1922 491 1986 baec
504 1920 616 1986 eadem
630 1921 712 1986 ratio
725 1937 773 1985 est
786 1944 845 1986 cur
859 1923 892 1986 in
907 1924 1035 1987 actione
1053 1923 1159 1987 noxali
1172 1923 1239 2011 (4),
1265 1921 1362 1987 damni

301 2030 416 2095 infecti
433 2027 498 2116 (5),
524 2026 566 2122 de
587 2027 740 2115 pauperie
760 2026 807 2114 (6)
837 2026 929 2116 (quae
947 2030 1131 2119 personales
1148 2029 1269 2116 sunt),
1297 2029 1362 2091 item

299 2137 340 2200 ¹in
365 2133 566 2214 actionibus,
586 2154 667 2219 quas
691 2132 764 2220 quis
785 2149 824 2196 ut
843 2133 944 2197 haeres
966 2134 1146 2199 sustinebat
1168 2134 1235 2222 (7),
1255 2135 1305 2198 illa
1320 2135 1362 2195 in·

298 2240 480 2331 terrogatio
496 2238 605 2302 locum
629 2237 796 2320 habuerit,
814 2239 890 2326 quia
910 2239 983 2326 quis
1003 2261 1121 2329 negare
1142 2257 1289 2328 poterat,
1306 2261 1363 2302 ser·

304 2371 384 2412 rum
405 2345 462 2433 qui
485 2366 603 2408 nouam
627 2360 801 2426 nocuerat,
819 2361 878 2408 aut
904 2345 987 2410 aedes
1010 2369 1029 2409 a
1057 2346 1177 2434 quibus
1200 2347 1296 2410 ruina
1315 2343 1363 2408 ds·

306 2473 463 2517 mnumve
479 2450 704 2531 metuebatur,
718 2465 776 2514 aut
790 2451 909 2514 arrimal
924 2450 1014 2539 quod
1034 2453 1223 2542 pauperiem
1240 2454 1361 2530 fecerat,

301 2580 403 2624 suum
423 2556 537 2637 fuisse,
561 2555 740 2639 ueletiam,
765 2577 799 2620 se
822 2556 983 2622 haeredem
1002 2574 1060 2622 aut
1074 2581 1113 2622 ex
1128 2582 1197 2624 asse
1217 2557 1362 2623 haeredem

305 2687 376 2728 esse
400 2662 486 2744 ejus,
512 2662 569 2748 qui
589 2661 717 2724 actione
740 2678 809 2726 erat
832 2662 993 2752 obligatus
997 2710 1050 2728 .....
1074 2667 1117 2729 At
1146 2681 1256 2752 potest
1282 2660 1361 2727 alicui

306 2791 376 2835 esse
394 2767 550 2849 dubium,
569 2789 651 2832 num
676 2784 762 2832 recte
781 2768 847 2833 vim
869 2769 957 2833 vocis
977 2780 1091 2834 artctor
1105 2770 1167 2852 sic,
1187 2769 1362 2858 poetelius,

306 2875 471 2965 ceperim:
489 2872 641 2961 equidem
657 2872 738 2938 illud
756 2872 915 2938 affirmare
927 2876 1052 2958 aude03
1070 2899 1166 2958 nam,
1184 2877 1260 2942 licet
1274 2877 1361 2965 ipsam

300 2997 459 3048 nostram
477 2981 668 3062 formulam,
691 2995 724 3044 et
749 2980 910 3069 quidquid
927 2981 971 3046 ad
994 3000 1136 3048 veterem
1160 2984 1225 3047 fori
1252 2977 1361 3047 romani

342 3295 380 3363 (ι)
397 3297 425 3344 L.
437 3293 497 3361 6,§
513 3297 529 3344 5
537 3329 544 3354 ‚
556 3311 585 3344 π.
599 3295 694 3345 delet.
705 3299 797 3362 empti·;
811 3299 828 3348 l.
841 3302 890 3362 63,
904 3301 920 3368 S
933 3319 957 3362 r,
971 3319 999 3353 rr.
1011 3303 1042 3352 de
1051 3305 1133 3354 Erict.

342 3409 381 3476 (a)
395 3407 422 3460 L.
435 3426 479 3472 η,
495 3408 552 3474 53,
571 3425 598 3458 π.
610 3407 641 3457 de
653 3409 700 3457 Rei
712 3411 780 3461 vind.
791 3411 808 3462 l.
819 3413 869 3474 36,
886 3431 926 3480 pr.
937 3431 966 3464 rr.
979 3417 1037 3468 eod.

344 3526 381 3592 (3)
399 3525 517 3590 legitima
529 3524 587 3573 SCti
607 3525 682 3574 verba
701 3539 842 3577 couserrm
862 3543 922 3579 sunt
939 3533 966 3580 in
977 3533 994 3581 l.
1008 3549 1056 3592 ao,
1074 3532 1135 3598 §⁶2
1150 3547 1179 3580 π.
1198 3531 1231 3580 de
1246 3532 1304 3580 lraer.
1317 3537 1357 3592 pst·

307 3618 414 3666 Primum
426 3625 507 3663 auteur
520 3613 551 3662 de
559 3614 708 3664 benuntia
721 3617 882 3680 petitionibus
893 3623 1025 3687 scriptum,
1038 3623 1096 3670 dein
1104 3621 1136 3671 sd
1146 3623 1205 3671 alias
1217 3624 1287 3672 edam
1296 3619 1360 3669 acuo-

308 3722 350 3755 nes
363 3702 504 3753 trrnslatum
513 3702 570 3753 suit.

344 3821 384 3887 (4)
400 3817 788 3883 1..1s,n.dettox.nct.1.5,
808 3825 855 3885 15,
869 3825 918 3888 16,
933 3841 962 3888 ¹7
974 3843 1042 3892 seqq.
1058 3843 1085 3876 π.
1097 3827 1127 3876 ds
1139 3829 1226 3879 luterr.
1237 3821 1358 3888 minuc·
1422 3841 1423 3904 q

345 3933 569 4002 (5)1·.ro,l.ao,
587 3933 763 4000 §n,rr.eod.

344 4049 384 4116 (6)
397 4051 426 4097 L.
440 4065 463 4110 p,
473 4067 500 4098 rr.
510 4049 590 4099 eccll.
604 4065 628 4113 r,
641 4047 709 4114 515,
725 4067 754 4099 rr.
766 4051 791 4098 Si
800 4051 886 4116 quadr.
895 4071 969 4122 paup.

343 4162 383 4230 (7)
397 4165 427 4212 L.
438 4178 472 4224 a,
488 4163 505 4211 l.
523 4164 578 4222 s,1.
592 4165 624 4229 5,
636 4163 705 4213 rude
718 4167 805 4216 interr.
820 4167 846 4215 in
858 4171 913 4218 Jur.
