2976 4670
349 399 439 468 PRO
463 397 829 478 JURECONSULTIS
854 397 1071 470 ROMANIS.
1175 397 1247 472 625

180 539 345 601 scentem,
365 516 560 600 defendens,
582 517 806 583 tmeretricios
828 539 955 583 amores
977 517 1246 610 ticinense-(1)

182 627 282 708 dicat,
301 624 532 712 «dandumque
547 625 650 708 aetati,
670 640 708 689 ut
725 624 857 688 liberior
874 625 915 708 sit
931 623 1165 704 adolescentia,
1180 651 1246 694 non

181 733 290 796 omnia
309 730 529 820 voluptatibus
551 728 767 818 denegentur,
791 751 858 794 non
880 751 1006 818 semper
1026 747 1157 819 superet
1173 755 1247 798 rere

181 837 232 901 illa
254 853 286 902 et
302 836 422 902 directa
437 837 536 910 ratio,
549 835 658 900 vincat
670 834 845 923 aliquando
862 834 1018 926 cupiditas
1033 837 1247 926 voluptasque

179 945 336 1008 rationem
345 969 366 1006 s.
381 941 445 1008 Sed
456 943 509 1005 hic
524 941 698 1030 quoerimus
708 987 717 1024 ,
728 941 808 1030 quid
824 941 1023 1007 censendum
1036 943 1093 1025 sit,
1110 943 1137 1008 si
1151 945 1246 1010 nullis

179 1051 326 1116 oratoriis
349 1048 576 1114 blandimentis
592 1065 649 1113 aut
663 1047 821 1115 illecebris
840 1071 936 1131 usus,
961 1049 1147 1137 nullamque
1162 1052 1246 1116 veri·

179 1157 252 1220 tatis
273 1153 494 1244 opprimendae
512 1176 656 1218 caussam
675 1153 819 1236 habens,
845 1153 907 1220 sub
929 1153 1024 1218 variis
1041 1156 1187 1242 personis
1210 1158 1244 1222 in
1285 1181 1288 1188 ¹

180 1261 373 1326 contrariam
401 1275 525 1349 partem
557 1258 691 1325 disserat
713 1258 779 1346 (a),
801 1283 831 1324 v.
856 1281 887 1348 g.
913 1282 1017 1347 quum
1039 1260 1074 1323 in
1098 1263 1244 1328 oratoriis
1264 1281 1266 1287 ·

177 1367 267 1430 libris
279 1366 417 1431 Scaevola
431 1382 464 1430 et
476 1367 609 1430 Crassus
619 1413 628 1447 ,
640 1364 792 1452 idemque
807 1365 861 1428 bic
876 1381 909 1428 et
920 1365 1102 1447 Antonius,
1115 1364 1156 1430 de
1172 1390 1243 1432 ora·

179 1473 269 1535 toriae
290 1472 430 1536 scientiae
448 1471 593 1535 terminis
616 1469 832 1548 dissentiunt,
853 1470 904 1533 vel
926 1493 1029 1557 quum
1050 1471 1082 1535 in
1101 1471 1243 1560 philoso-

177 1577 280 1665 phicis
296 1577 330 1642 L.
345 1579 545 1664 Torquatus,
559 1576 604 1640 M.
622 1577 718 1653 Cato,
734 1591 766 1640 et
785 1575 831 1640 M.
849 1575 924 1640 Piso
940 1574 981 1640 de
995 1575 1115 1640 linibus
1137 1577 1243 1641 bono·

178 1705 253 1746 rum
278 1699 309 1746 et
339 1682 499 1746 malorum
529 1679 653 1744 diversa
683 1681 865 1767 sapientum
893 1679 1021 1745 decreta
1051 1679 1243 1746 defendunt.
1351 1753 1356 1762 ,

176 1786 336 1874 Equidem
360 1787 528 1867 existimo,
553 1783 825 1850 considerandum
853 1807 940 1867 esse,
971 1784 1051 1872 quid
1076 1787 1246 1874 alibbipse

179 1893 293 1956 Cicero
319 1892 525 1981 profiteatur,
547 1892 668 1972 veluti,
700 1891 791 1979 quod
818 1888 858 1954 ad
881 1889 1138 1979 philosophicam
1160 1892 1245 1958 illam

178 1997 431 2087 disputationem
448 1999 579 2078 attinet,
594 1995 799 2061 adelicatulis
815 1997 883 2061 istis
900 1997 1031 2084 Epicuri
1044 1997 1147 2062 hortis
1161 2022 1248 2064 sum·

177 2127 233 2167 mo
260 2127 358 2194 opere
387 2103 593 2169 abhorruisse
625 2125 797 2168 romanum
828 2103 1079 2191 philosophum,
1109 2126 1148 2166 ex
1175 2106 1245 2170 aliis

177 2209 277 2297 ipsius
287 2210 413 2298 scriptis
430 2209 523 2274 facile
536 2225 634 2297 patet.
651 2209 706 2274 Sin
719 2233 756 2274 ea
773 2207 995 2274 nosdestituat
1010 2209 1104 2290 ratio,
1114 2209 1182 2273 haec
1199 2211 1241 2274 ab

176 2315 232 2378 illo
245 2315 405 2378 sententia
418 2315 546 2404 praelata
563 2314 845 2400 luissevidebitur,
857 2337 928 2403 quae
943 2313 1139 2380 firmioribus
1154 2339 1247 2404 argu·

178 2421 295 2483 mentis
322 2420 383 2484 luit
405 2421 552 2485 stabilita.
574 2423 774 2510 Frequenter
796 2437 904 2486 tamen
933 2421 1029 2486 etiarn
1059 2419 1164 2486 media
1194 2423 1247 2486 hic

176 2523 390 2589 insistendum
417 2542 466 2590 est
491 2526 561 2606 via,
589 2542 626 2590 ut
652 2549 758 2614 neque
782 2527 872 2609 haec,
905 2548 1011 2614 neque
1038 2526 1105 2610 illa,
1134 2528 1245 2616 opinio

177 2631 267 2694 omni
283 2654 322 2694 ex
337 2648 427 2719 perte
439 2629 662 2719 amplectenda
677 2632 734 2712 sit,
753 2630 809 2696 sed
822 2631 927 2696 media
941 2631 1089 2720 quiedam
1102 2655 1141 2696 ex
1159 2650 1247 2698 utra-

176 2758 241 2823 que
254 2734 470 2819 conficienda3
483 2737 577 2824 quale
595 2737 780 2824 exemplum
796 2737 899 2800 Crassi
919 2753 952 2800 et
967 2737 1100 2801 Antonii
1115 2735 1156 2800 de
1168 2759 1243 2804 ora·

174 2855 244 2905 tore
254 2840 441 2926 jurisperito
459 2839 677 2903 controversia
697 2838 806 2926 paullo
825 2861 924 2926 supra
939 2839 1033 2903 nobis
1052 2841 1197 2927 praebuit.

221 2942 498 3031 Quandoquidem
523 2944 649 3025 Tullio,
677 2960 843 3030 tamquam
874 2943 1000 3007 homini
1025 2944 1244 3030 considerate,

175 3066 340 3136 tamquam
355 3047 550 3137 philosopho
566 3063 680 3130 caute,
699 3063 862 3136 tamquam
879 3049 997 3111 oratori
1016 3072 1089 3113 raro
1104 3073 1141 3114 ac
1158 3049 1243 3115 diffi-

211 3287 248 3353 (ι)
267 3287 314 3335 Pro
326 3287 420 3346 Collo,
440 3303 494 3353 cap.
510 3289 540 3335 18
556 3298 581 3335 et
594 3301 636 3335 ao.

210 3385 248 3450 (a)
261 3385 348 3449 Neque
360 3396 452 3433 tentum
464 3383 509 3432 sub
522 3383 593 3432 variis
605 3382 729 3448 personis,
754 3379 797 3428 sed
809 3379 880 3429 etism
892 3379 939 3436 sub
952 3381 1052 3439 eadem,
1073 3383 1100 3430 in
1115 3383 1242 3431 Ciceronis

174 3475 271 3538 scriptis
278 3474 399 3522 contraria
406 3469 796 3540 disputantur.Aniquversione
806 3468 892 3532 dignus
905 3479 941 3517 est
953 3468 1024 3517 locus
1036 3469 1066 3516 de
1073 3471 1141 3520 Orat.
1150 3470 1196 3520 lib.
1205 3473 1240 3536 11,

173 3579 227 3627 cap.
242 3577 288 3623 to,
303 3563 347 3611 ubi
361 3563 460 3612 Crassus
468 3560 499 3612 sd
511 3537 649 3610 heronium
660 3557 741 3607 dicit:
758 3578 770 3601 ι
781 3559 842 3606 Mox
854 3569 877 3606 te
889 3557 975 3615 nobis,
983 3559 1093 3621 Antoni,
1105 3560 1240 3624 expolivit,

173 3651 347 3716 hominemque
360 3651 465 3702 reddidit
477 3685 485 3712 ‚
506 3667 562 3700 nam
573 3650 687 3698 hesterno
705 3663 814 3698 sermone
832 3647 906 3696 unius
918 3647 1044 3708 cuiusdam
1055 3651 1151 3714 operis,
1161 3659 1189 3698 ut
1198 3649 1241 3699 ·sit

173 3739 292 3798 Caecilius,
306 3741 420 3804 remigem
429 3739 535 3804 aliquem
545 3749 589 3786 sut
598 3737 720 3798 bajulum,
734 3736 807 3784 nobis
818 3745 939 3783 oratorem
951 3735 1128 3801 descripseras,
1139 3737 1239 3802 inopem

173 3826 301 3892 quemdem
314 3828 484 3886 humanitatis,
499 3838 571 3891 etque
585 3824 739 3874 inurbanum.
752 3825 815 3872 Tum
824 3822 964 3881 Aricinus,
976 3821 1029 3872 beri
1040 3825 1122 3883 enim,
1140 3825 1238 3888 iuquit,

174 3913 222 3961 boc
234 3913 294 3962 mibi
308 3930 503 3979 proposueram,
521 3925 564 3974 ut,
583 3915 603 3961 si
613 3924 636 3962 te
648 3911 800 3970 refellissem,
814 3911 861 3958 bos
878 3926 892 3957 s
907 3919 931 3957 te
948 3909 1080 3974 discipulos
1094 3911 1203 3978 (cottam
1212 3923 1238 3962 et

174 4001 319 4066 Sulpicium)
332 4002 492 4063 abducerem
505 4017 580 4060 nunc,
597 4000 684 4050 Catulo
693 3999 808 4047 audiente
821 3999 963 4056 etcertum,
974 3997 1170 4054 videosdebese,
1184 4015 1236 4048 uon

174 4105 222 4139 sam
235 4104 343 4152 pugnare
354 4100 433 4136 tecum
441 4123 448 4148 ,
457 4105 543 4152 quam,
554 4087 614 4153 quid
625 4089 677 4152 ipse
689 4087 790 4136 sentim
800 4118 809 4148 ,
828 4085 909 4135 dicere
920 4105 941 4133 s.

248 4180 310 4248 111.
332 4191 560 4255 repansorum.
1045 4175 1093 4255 4⁰
