2958 4670
290 381 359 466 543
612 383 660 449 ru.
682 383 721 448 r.
750 379 1039 450 crenuouls

287 506 382 587 viro,
405 501 451 574 de
468 499 664 574 divisorum
678 513 709 546 ¹⁰
726 501 886 590 iudiciis,
906 500 1010 574 etde
1030 501 1268 601 deprehensis
1288 527 1352 603 pe-

286 615 418 700 cuniis3
441 611 699 684 adolescenti¹¹
725 613 914 711 ingenioso
945 627 982 684 et
1010 611 1132 702 bono,
1154 618 1253 686 Serv.
1276 617 1352 688 Sul·

286 727 400 824 pici0‚
422 723 467 794 de
482 725 646 821 equitum
667 723 838 794 centuriis
851 733 900 810 ¹²3
920 725 967 793 M.
990 723 1139 809 Catoni,
1155 721 1296 796 homini
1315 727 1352 796 in

285 838 387 906 omni
411 835 541 905 virtute
557 834 746 905 excellenti
757 831 821 920 ‚de
837 833 952 930 ipsius
968 834 1216 922 accusatione,
1231 832 1277 904 de
1294 859 1350 906 se-

281 945 571 1032 natusconsulto,
588 942 634 1015 de
650 941 834 1042 republica
847 941 880 986 ¹³
896 941 1139 1040 respondebo.

334 1059 480 1128 XXVII.
510 1053 582 1126 Sed
603 1064 760 1153 pauca¹‚
784 1079 865 1152 quae
884 1078 1006 1125 meum
1023 1055 1183 1126 animum
1201 1069 1350 1153 repente

286 1179 497 1252 moverunt,
520 1166 621 1262 prius
645 1163 701 1236 de'
718 1167 756 1262 L.
769 1169 945 1236 'Mruenae
969 1161 1114 1236 fortuna
1136 1189 1348 1261 conquerar.

284 1279 375 1346 Nam
395 1299 510 1372 quum
525 1299 618 1371 saepe
638 1289 760 1363 antea,
776 1274 934 1370 judices,
957 1287 1056 1346 etex
1078 1274 1229 1347 aliorum
1248 1277 1351 1348 mise-

281 1383 357 1471 riis,
375 1397 411 1454 et
430 1409 475 1454 ex
489 1385 577 1454 meis
593 1385 687 1456 curis
704 1383 967 1482 laboribusque
985 1384 1223 1481 quotidianis,
1237 1384 1351 1458 fortu-

283 1507 389 1562 natos
414 1517 476 1564 cos
505 1493 672 1566 homines
697 1493 919 1590 judicarem,
940 1495 1005 1590 qui
1032 1497 1162 1568 remoti
1179 1521 1202 1569 a
1222 1496 1350 1569 studiis

282 1601 530 1690 ambitionis&
549 1608 665 1676 otium
693 1629 734 1676 ac
762 1605 1058 1702 tranquillitatem
1089 1607 1170 1676 vitae
1205 1603 1351 1704 sequuti

281 1726 384 1800 sunt3
408 1726 484 1782 tum
499 1737 586 1786 vero
605 1717 644 1784 in
664 1713 719 1786 bis
736 1721 776 1786 L.
800 1720 962 1788 Murenae
978 1718 1106 1804 tantis,
1125 1729 1271 1814 tamque
1285 1719 1350 1790 im-

280 1823 432 1918 provisis
459 1823 627 1919 periculis
658 1826 707 1895 ita
737 1849 818 1896 sum
848 1825 970 1896 animo
997 1811 1174 1913 affectus,
1206 1839 1351 1898 utnon

281 1955 411 2028 queam
440 1935 522 2004 satis
555 1959 674 2031 neque
702 1960 933 2006 communem
965 1931 1156 2007 omnium³
1181 1951 1349 2008 nostrum

281 2041 550 2128 conditionem,
565 2068 685 2141 neque
699 2042 810 2139 hujus
829 2059 998 2116 eventum
1013 2042 1273 2142 fortunamque
1285 2047 1351 2116 rni-

283 2155 423 2222 serari:
449 2156 513 2249 qui
538 2154 719 2248 primum,
739 2155 827 2226 dum
850 2180 895 2226 ex
918 2153 1143 2226 honoribusl
1168 2157 1352 2228 continuis

281 2259 423 2338 familiae
449 2262 703 2360 majorumque
721 2289 869 2336 suorum
892 2289 1008 2336 unum
1027 2263 1245 2336 adscendere
1268 2289 1351 2362 gra·

280 2370 560 2467 ‹lumdignitatls
568 2373 718 2444 conatus
729 2387 782 2444 est
793 2429 802 2462 ,
812 2377 908 2446 veuit
920 2377 956 2445 iu
971 2375 1188 2474 periculum,
1200 2390 1351 2462 coclea,

280 2506 359 2576 quae
374 2479 536 2568 relicta⁵‚
553 2497 589 2553 et
601 2481 696 2569 haec,
712 2509 792 2580 quae
805 2483 851 2556 ab
866 2486 945 2582 ipso
960 2499 1062 2582 parta
1074 2499 1174 2570 sunt,
1186 2486 1351 2574 amitten

280 2589 428 2676 deinde,
443 2607 593 2690 propter
604 2593 764 2664 studium
780 2619 881 2666 novae
894 2595 1026 2682 laudis,
1039 2596 1146 2676 edam
1163 2595 1199 2664 in
1217 2597 1352 2667 veteris

277 2697 430 2772 fortunae
457 2701 676 2776 discrimen⁶
695 2701 896 2776 adducitur.
920 2709 1009 2797 Quae
1027 2729 1142 2804 quum
1168 2705 1240 2776 sint
1266 2730 1352 2802 gra·

316 2864 511 2915 miliariorum.
530 2869 553 2914 A
566 2867 655 2930 quibus
673 2868 788 2931 pecuniee
832 2861 933 2920 wite,
944 2873 969 2909 et
989 2861 1049 2908 huie
1060 2860 1257 2910 tdmlniutnndn
1275 2863 1351 2911 volu·

278 2942 373 3005 populo
392 2959 438 3007 pro
451 2945 553 2992 Murena
569 2945 658 2993 dirim
669 2962 720 2994 esee
738 2949 788 2994 Ρο-
831 2949 910 3006 pilia
923 2952 947 2988 et
957 2942 1032 2989 vitm
1041 2941 1146 2990 oileum
1157 2955 1300 3006 preponere
1309 2941 1352 2990 de·

277 3023 381 3069 ammius
394 3023 498 3072 dicebat.
832 3021 964 3070 creverint.

315 3117 355 3149 ιι.
376 3103 540 3152 Adolescenti.
562 3103 640 3151 Servii
663 3101 731 3162 filio,
745 3105 788 3166 qui
869 3113 894 3147 ²·
912 3103 934 3146 A
946 3098 1031 3147 studiis
1049 3097 1197 3147 molitionu-
1214 3101 1285 3162 Quot
1299 3098 1350 3148 bo·

276 3189 401 3241 peternam
414 3196 508 3228 caueam
519 3180 639 3229 tuebatur.
833 3178 910 3226 mines
930 3179 1024 3242 egregie
1043 3177 1158 3227 describit
1178 3187 1205 3225 et
1217 3177 1301 3226 lendet
1316 3177 1350 3226 de

314 3271 354 3304 ru.
362 3259 400 3304 De
412 3260 518 3322 equitum
528 3261 708 3310 centurib.AL.
716 3261 789 3310 Nette
832 3255 906 3306 offic.
922 3261 948 3318 1,
959 3273 1001 3306 ao.

277 3337 385 3385 Murena
396 3339 509 3403 privigno
521 3339 553 3387 ad
562 3339 691 3403 prandium
703 3341 788 3389 inrite-
868 3338 892 3384 3.
911 3337 1023 3385 Omnium
1043 3347 1160 3384 norm.
1183 3335 1233 3399 Qui
1257 3334 1348 3383 ennii·

275 3417 320 3476 tie,
334 3427 359 3465 et
376 3417 477 3468 fortasse
487 3419 598 3477 tentetis,
608 3429 635 3465 ut
656 3418 718 3467 inin
734 3434 788 3466 net·-
831 3415 971 3465 ambitionis
981 3425 1104 3471 amur,
1120 3425 1163 3463 ent
1179 3415 1346 3477 magistr-m

274 3505 349 3544 retur.
832 3497 943 3558 μήπω.

313 3577 352 3623 ι3.
366 3579 402 3624 De
419 3575 551 3640 republica.
565 3574 640 3638 Quod
657 3592 682 3623 se
699 3576 783 3640 reipu-
867 3583 891 3630 4.
903 3571 1043 3621 Honoribus
1050 3570 1179 3620 comburi.
1187 3569 1274 3620 Exilia
1282 3585 1348 3634 pre·

271 3653 343 3704 blicae
355 3655 459 3703 utilitate
480 3655 512 3702 ad
525 3653 687 3702 accusandum
705 3654 787 3703 eddu·
830 3662 947 3716 turaque
957 3651 984 3699 in
997 3653 1049 3712 eju·
1062 3649 1153 3698 iamdiu
1164 3648 1239 3697 veluti
1247 3647 1347 3712 gentilis

273 3745 339 3782 ctum
353 3735 414 3783 Cato
427 3733 529 3782 dixerat.
829 3731 970 3780 honorent.
1050 3727 1053 3735 '

307 3815 417 3862 xxvtt.
436 3831 456 3861 r.
466 3814 514 3861 Sed
520 3831 614 3878 pauca.
625 3811 743 3862 Excurdo
754 3813 785 3861 ed
865 3811 890 3857 5.
907 3809 1009 3857 delictor
1021 3809 1171 3872 Dignitatem
1184 3816 1209 3854 et
1227 3805 1345 3871 eplendo-

270 3983 342 4018 veant
356 3973 477 4030 Murena,
487 3973 569 4033 cnjus,
581 3985 656 4035 quum
666 3972 699 4019 ob
708 3971 783 4018 virtu·
828 3969 893 4016 tibus
904 3979 1012 4032 partum.

269 4057 318 4094 tem
329 4049 420 4098 invidia
431 4050 531 4108 laboret,
538 4065 609 4098 cause
616 4062 671 4098 enm
679 4050 782 4097 eliorum
862 4049 888 4096 6.
901 4045 1116 4108 *Veteriefnrtunoe
1133 4043 1272 4093 disertam
1285 4045 1342 4091 Pri-

268 4127 372 4174 iortunie
386 4129 594 4188 communicatur,
604 4131 707 4192 quinon
720 4129 781 4191 reip.
826 4141 893 4174 mum
903 4138 939 4174 eet
953 4127 975 4174 ei
988 4124 1137 4186 timendum,
1151 4139 1183 4172 ne
1195 4123 1287 4172 evitem
1298 4121 1342 4168 di-
