2962 4682
258 334 311 420 as,
576 334 625 402 n.
651 337 690 403 r.
716 337 995 410 crcnnoms

259 469 472 553 poneretur,
491 469 532 524 ut
551 453 648 527 idem
673 481 757 527 cum
776 459 973 556 iugurtha,
1000 462 1098 534 idem
1118 490 1199 536 cum
1229 472 1323 540 Cim-

257 564 348 654 bris,
372 566 470 638 idem
500 587 583 635 cum
611 569 783 639 Teutonis
810 567 949 641 bellum
975 571 1267 650 administraret:
1287 584 1324 650 in

258 680 338 772 ipso
361 679 425 746 Cn.
450 676 639 772 Pompeio,
665 677 799 773 inquo
824 683 910 750 novi
939 687 1110 756 constitui
1135 690 1227 762 nihil
1249 691 1323 762 vult

258 786 300 874 Q.
314 779 480 872 Catulus,
495 808 605 881 quam
623 784 735 857 multa
749 788 820 858 sint
833 814 943 880 nova,
963 807 1129 866 summa9
1147 801 1191 889 Q.
1208 802 1321 873 Catuli

258 896 463 982 voluntate,
485 897 697 983 constituta,
711 897 963 972 recordamini.

263 1065 275 1073 ,.
305 1011 400 1078 XXI.
427 1003 526 1096 Quid
551 1009 742 1078 enim-'tam
765 1035 920 1098 novum,
943 1038 1053 1109 quam
1072 1017 1322 1094 adolescentu-

256 1117 373 1203 lum¹‚
389 1116 590 1213 privatum,
620 1121 817 1188 exercitum
843 1119 980 1193 difficili
1005 1127 1212 1224 reipublicae
1233 1145 1323 1202 tem·

258 1237 369 1325 pore²
397 1225 601 1297 conficere?
627 1225 811 1299 confecit:
840 1229 926 1303 huic
954 1238 1133 1330 pracesse?
1157 1239 1322 1336 praefuit:

256 1361 333 1414 rem
347 1339 483 1434 optime
501 1334 614 1407 ductu
631 1361 699 1408 suo
715 1342 862 1433 gerere?
879 1341 1023 1438 gessit³.
1041 1347 1137 1437 Quid
1150 1361 1223 1418 tam
1239 1376 1324 1448 prae·

256 1461 312 1517 ter
339 1443 655 1533 consuetudinem,
695 1471 804 1542 quam
841 1449 980 1522 homini
1012 1456 1322 1552 peradulescenti,

257 1557 360 1651 cujus
381 1580 401 1626 a
422 1557 602 1626 senatorio
630 1554 743 1650 gradu
763 1573 853 1630 aetas
866 1561 974 1659 longe
1000 1564 1187 1658 abesset⁴‚
1209 1573 1322 1670 impe·

256 1669 351 1738 rium
369 1679 477 1762 atque
496 1666 692 1736 exercitum
716 1665 819 1738 dari?
841 1671 1019 1744 Siciliam⁵
1036 1680 1194 1774 permitti
1216 1698 1323 1780 atque

261 1776 431 1862 Africam,
451 1773 664 1872 bellumque
692 1779 731 1846 in
759 1803 799 1848 ea
822 1780 1172 1862 administrandum?
1193 1790 1263 1865 fuit
1287 1798 1323 1866 in

256 1889 312 1958 his
324 1887 518 1985 provinciis
536 1886 708 1983 singulari
725 1888 950 1980 innocentia,
967 1899 1154 1992 gravitate,
1171 1904 1323 1992 virtute;

254 1998 392 2070 bellum
411 1999 449 2066 in
468 1994 585 2068 Africa
600 1999 794 2069 maximum
808 2000 983 2093 confecit,
998 2010 1171 2082 victorem
1187 2019 1323 2088 exerci-

255 2101 335 2182 tum
365 2102 601 2207 deportavit⁶.
636 2108 734 2198 Quid
761 2136 846 2183 vero
875 2127 946 2184 tam
975 2119 1193 2212 inauditum,
1214 2150 1323 2222 quam

253 2222 416 2318 equitem
434 2241 626 2290 romanum
643 2219 866 2318 triumphare
877 2226 914 2295 7?
931 2239 967 2296 at
985 2253 1061 2299 cam
1079 2255 1229 2331 quoque
1246 2263 1323 2308 rem

255 2331 414 2430 populus
438 2352 611 2399 romanus
637 2354 712 2400 non
739 2331 850 2404 modo
875 2334 980 2423 vidit,
1008 2339 1203 2414 sedetiam
1223 2349 1323 2417 omni

200 2488 204 2497 ·
255 2442 376 2514 studio
396 2438 578 2511 visendam
605 2453 641 2510 et
672 2444 1020 2518 concelebrandam8
1049 2457 1198 2549 putavit.
1227 2459 1323 2548 Quid

254 2567 328 2622 tam
345 2551 570 2640 inusitatum,
588 2576 697 2646 quam
717 2569 776 2641 ut,
795 2555 910 2651 quum
929 2558 1002 2632 duo
1021 2568 1186 2640 consules
1200 2572 1323 2644 claris·

254 2787 331 2852 phum
343 2802 399 2833 cum
412 2784 508 2833 dnobus
524 2785 575 2844 ejus
586 2781 644 2834 liliia
657 2785 715 2848 egit.
730 2775 766 2823 —'
810 2793 991 2857 spectabantur,
1010 2815 1101 2864 genus,
1119 2805 1196 2862 ordo,
1219 2823 1320 2869 cencres,

257 2867 316 2915 Cum
343 2862 456 2914 cimbris.
483 2865 585 2928 Populia
610 2865 766 2927 Germaniae,
810 2875 870 2910 tutas
892 2877 916 2913 et
935 2869 1101 2933 magistratus.
1126 2877 1222 2926 Primus
1242 2893 1322 2932 antem

253 2945 285 2995 ad
303 2947 383 2994 sinum
397 2943 525 2994 Codanum
540 2955 564 2992 et
577 2946 604 2991 in
618 2945 705 2992 insulis
715 2945 766 3006 ejus
809 2943 962 3005 magistratus
972 2961 1093 3010 quaestura
1102 2953 1148 3002 fnit
1157 2971 1244 3015 ;ncmo
1253 2977 1322 3010 una·

253 3027 321 3074 sinus
333 3022 513 3082 incolentibnr3
522 3039 585 3087 qnos
598 3024 693 3072 ltaliam
702 3024 767 3072 inra-
810 3029 851 3068 tor
866 3019 918 3070 fieri
931 3037 1029 3089 poterat
1042 3032 1089 3079 nisi
1102 3045 1208 3096 quaestor
1227 3039 1320 3091 fnisset.

254 3105 337 3155 dentes
349 3120 396 3168 qna
413 3114 490 3167 strage
505 3103 595 3151 fuderit
608 3105 701 3152 Mariua
719 3118 765 3151 no·
809 3102 876 3148 AEtaa
889 3107 1008 3154 senatoria
1022 3108 1068 3156 fuit
1084 3128 1163 3162 annus
1180 3117 1223 3179 qni
1237 3135 1322 3185 seque.

254 3200 306 3236 rum
318 3195 361 3234 est.
375 3183 413 3232 cf.
425 3183 488 3231 Plnt.
502 3182 528 3229 in
540 3185 605 3231 Mar.
616 3181 662 3230 snb
676 3183 728 3230 init
810 3191 876 3228 retur
896 3197 1057 3250 quaesturam,
1076 3191 1103 3238 id
1120 3205 1170 3254 est,
1192 3197 1322 3250 vicesima,

289 3281 316 3328 9.
333 3264 397 3320 Alii,
412 3283 423 3304 ι
433 3276 573 3324 summaque
585 3263 667 3312 Catuli
678 3261 765 3310 volun·
809 3261 934 3326 septimus.

217 3361 220 3368 ·
254 3353 330 3392 rate·-
343 3341 449 3391 J.V.Is.
845 3341 869 3390 5.
885 3341 1006 3395 siciliam.
1021 3347 1112 3396 Contra
1124 3351 1271 3406 Carbonem.
1286 3387 1320 3396 -

287 3423 360 3471 m.
372 3435 394 3468 1.
402 3419 623 3468 Adulescentulum.
634 3422 769 3488 Pompeins‘
808 3418 1027 3482 Africamcontra
1032 3429 1166 3478 Domitium
1171 3443 1196 3480 et
1202 3435 1321 3488 Hiarbana

251 3514 300 3550 tres
318 3510 342 3548 et
360 3497 447 3563 viginti
466 3497 592 3546 dumtaxat
614 3514 691 3547 annos
711 3512 763 3546 crat
805 3499 927 3549 Numidiae
938 3518 1027 3568 regem.

251 3592 332 3630 natur.
843 3579 868 3626 6.
878 3580 1029 3644 Deporravic.
1041 3585 1150 3636 Reduxit
1158 3590 1185 3638 in
1194 3595 1306 3656 patriam,

289 3676 312 3710 a.
331 3657 437 3726 Difficili
452 3656 512 3721 reip.
530 3669 644 3722 tempore.
664 3658 763 3708 Sullano
844 3658 1319 3728 7.Triumplare.Eforica,dc}1in-ba

251 3739 332 3800 hello,
342 3737 495 3804 periclitante
506 3738 592 3801 repub.
807 3751 874 3798 rege,
887 3739 914 3785 1..
926 3740 990 3788 Sulla
1002 3742 1132 3807 dictatore,
1142 3753 1186 3813 qni
1198 3757 1318 3820 Pompeio

290 3820 313 3866 ³.
343 3817 428 3866 Gessit.
453 3815 520 3863 Vicit
544 3816 622 3873 enim,
651 3815 763 3880 cepitque
807 3817 937 3865 revertenti
951 3820 1048 3870 obviarn
1061 3827 1154 3888 prodiit
1166 3843 1191 3880 ct
1199 3834 1317 3897 Magnum

252 3896 399 3945 Carbonem.
807 3893 944 3958 appellavit.
1124 3949 1128 3959 Ι

290 3983 315 4031 t.
331 3976 402 4024 AEtas
413 3976 484 4041 longe
494 3974 593 4022 abesset.
607 3976 636 4021 In
648 3973 764 4020 senatori·
843 3973 867 4020 8.
889 3974 981 4025 Aberat
997 3991 1044 4027 oct
1064 3987 1281 4041 concelebrandam
1294 4017 1316 4046 n.

252 4053 298 4102 bns
305 4054 422 4118 eligendis
429 4054 482 4102 hnc
491 4052 599 4118 quinque
610 4051 762 4117 potissimum
805 4052 870 4100 Dant
881 4053 954 4104 MSS.
970 4059 994 4106 J.
1006 4059 1037 4104 V.
1048 4061 1074 4108 L.
