3020 4666
348 341 544 412 ORATIO
565 344 664 411 PRO
690 343 730 410 A.
756 344 1033 414 CLUENTIO.
1148 347 1216 444 189

151 465 317 560 gnitate3
345 467 464 534 Teano
488 461 661 560 apulo&
688 475 797 559 atque
823 469 971 538 Luceria
998 470 1136 565 equites
1159 496 1217 544 ro·

155 597 303 660 manos,
328 571 597 644 honestissimos
625 571 816 657 homines,
847 574 1048 648 laudatores
1077 577 1214 652 videtis.

154 683 318 754 Bovimo
330 691 372 768 ¹²,
393 695 543 778 totoque
559 707 601 752 ex
623 684 766 754 Samnio
780 707 892 780 quum
911 685 1133 760 laudationes
1147 689 1214 760 ho-

155 792 364 862 nestissimae
399 793 511 862 missac
550 806 654 876 sunt,
693 806 773 862 tum
808 789 972 864 homines
1008 797 1215 893 amplissimi

154 899 444 997 nobilissimique
472 907 763 972 venerantiam
793 904 857 998 qui
885 906 921 972 in
950 927 1035 1000 agro
1060 908 1216 986 Larinati

154 1005 311 1106 pradia,
342 1011 407 1107 qui
435 1011 599 1107 negotia,
632 1012 696 1107 qui
722 1035 778 1082 res
804 1014 985 1107 pecuarias
999 1003 1027 1055 ¹¹³
1061 1012 1214 1102 habent,

155 1119 299 1194 honesti
321 1119 507 1208 hominm,
525 1135 561 1192 et
580 1143 721 1192 summo
737 1119 928 1217 splendore
946 1119 1100 1218 praediti,
1122 1122 1213 1194 diffi-

154 1231 219 1302 cile
248 1230 354 1302 dictu
381 1244 453 1319 est,
478 1251 589 1328 quam
615 1231 688 1300 sint
713 1229 875 1316 solliciti,
902 1253 1012 1326 quam
1040 1229 1215 1304 laborent.

155 1343 233 1410 Non
254 1339 366 1410 multi
377 1344 406 1392 ¹⁴
428 1338 517 1410 mihi
537 1339 583 1411 ab
605 1363 682 1410 uno
705 1343 756 1410 sic
773 1337 873 1435 diligi
895 1339 1074 1424 videntur,
1096 1355 1137 1412 ut
1157 1339 1217 1413 hie

155 1447 198 1520 ab
214 1450 273 1520 his
293 1451 481 1522 universis.

199 1563 307 1630 LXX.
337 1564 456 1652 Quam
479 1585 556 1632 non
581 1559 705 1632 abesse
729 1558 775 1630 ab
794 1558 903 1654 hujus
920 1559 1055 1656 judicio
1076 1566 1115 1634 L.
1129 1568 1213 1637 ,Vo-

155 1666 372 1760 lusienum1,
402 1695 548 1744 summo
579 1669 770 1768 splendore
803 1669 990 1752 hominem,
1015 1695 1057 1744 ae
1081 1674 1215 1746 virtute

158 1779 364 1874 praeditum,
389 1778 537 1854 vellem!
560 1783 677 1871 Quam
708 1781 836 1853 vellem
866 1795 1076 1877 praesetnem
1110 1807 1215 1881 posse

158 1891 190 1958 P.
214 1888 420 1960 Helvidium
448 1888 603 1978 Rufum,
633 1892 792 1988 equitem
818 1913 1025 1972 romanum,
1048 1894 1213 1972 omnium

158 1999 441 2085 ornatissimum,
464 1998 671 2072 nominare!
695 2002 778 2097 qui,
799 2024 932 2097 quum,
955 1998 1065 2094 hujus
1086 2027 1211 2094 causa,

157 2104 228 2178 dies
254 2123 455 2204 noctesque
476 2109 656 2204 vigilaret,
683 2124 719 2182 et
737 2135 851 2206 quum
877 2132 933 2180 me
955 2109 1049 2182 hanc
1069 2135 1212 2185 causam

159 2216 316 2305 doceret,
339 2219 377 2290 in
394 2217 562 2291 morbum
579 2243 723 2317 gravem
736 2219 1057 2318 periculosumque
1069 2222 1212 2296 incidit:

157 2329 193 2398 in
206 2353 279 2425 quo
303 2344 426 2402 tamen
447 2354 522 2400 nen
544 2332 662 2402 minus
683 2327 728 2402 de
749 2332 865 2428 capite
883 2329 1010 2424 hujus,
1036 2333 1211 2428 quamde

161 2441 312 2510 suavita
337 2437 488 2511 laborat.
513 2443 578 2512 Cn.
599 2439 762 2512 Tudicii²
783 2444 976 2527 senatoris,
996 2443 1061 2510 viri
1082 2446 1210 2540 optimi

158 2561 192 2616 et
207 2547 469 2637 honestissimi,
490 2574 555 2647 per
576 2545 735 2622 studium
756 2545 814 2624 et³
835 2550 1061 2636 testimonio,
1077 2565 1113 2620 et
1135 2552 1210 2624 lau-

161 2654 294 2730 datione
319 2663 556 2755 eognoscetis.
584 2661 719 2732 Eadem
745 2685 830 2760 spe,
856 2657 918 2732 sed
946 2659 1082 2754 majore
1106 2685 1210 2734 vere·

163 2953 234 3004 Garat.
252 2955 384 3021 legendum
404 2977 416 2998 ι
428 2955 540 3004 Frentani
555 2976 579 3015 a,
598 2970 660 3019 quoe
703 2954 861 3020 Depecueria
874 2970 900 3002 re
913 2955 1030 3003 uillosa
1044 2955 1127 3004 Amen.
1140 2955 1212 3006 Vert-

163 3045 270 3082 nouom
292 3035 354 3083 Plin.
377 3036 427 3094 ill,
453 3049 498 3096 ¹²5
520 3049 574 3097 quae
593 3035 661 3096 regio
703 3031 841 3082 Olim«ree
854 3032 1003 3097 pecuniariae
1014 3053 1035 3081 ι.

162 3112 360 3176 complectebatur
373 3113 494 3170 Omina,
505 3113 659 3174 Histonium,
740 3121 781 3169 ιι.
805 3112 861 3159 Non
882 3111 957 3160 ruem.
979 3113 1071 3160 Paucos
1088 3112 1209 3174 invenies,

163 3189 272 3240 larinum.
283 3193 405 3257 Repoeuit
413 3189 509 3242 Schiitr..
520 3217 553 3228 -
563 3193 662 3240 Horru-
703 3192 746 3255 qni
757 3208 771 3238 a
790 3187 907 3240 fidtutmo
923 3191 1001 3238 amico
1019 3191 1053 3239 sie
1071 3191 1212 3256 diligantur,

162 3267 206 3314 cini
215 3269 251 3318 hie
259 3272 334 3318 vieini
342 3282 411 3329 arant,
426 3286 530 3334 quonam
539 3285 595 3332 ager
604 3287 661 3336 pare
703 3283 732 3320 ut
745 3271 785 3319 ille
796 3271 827 3318 ab
839 3271 957 3318 unirereia
966 3281 1066 3322 amatur.

163 3358 194 3392 eet
201 3349 289 3409 lirani,
301 3360 327 3398 et
338 3349 398 3398 urba
406 3349 527 3413 precipua
536 3349 617 3398 Teate.
739 3351 818 3398 Lxx.
839 3363 861 3398 t.
883 3349 1044 3398 Volusienum.
1062 3352 1119 3414 legi
1131 3351 1212 3400 mallet

197 3441 234 3475 ιι,
251 3430 332 3478 Teano
347 3429 438 3492 Apulo.
451 3427 526 3492 Quod
535 3429 569 3476 sic
579 3427 662 3492 appel·
705 3450 718 3472 ι
729 3429 879 3476 Volusenum
888 3450 901 3470 ι
917 3431 1056 3490 Manutius,
1070 3431 1137 3494 qnod
1151 3447 1214 3479 non·

163 3501 209 3550 lant
218 3516 264 3554 uta
275 3509 359 3556 Teano
372 3507 480 3556 Sidicino
492 3507 660 3570 distinguatur.
704 3507 778 3556 nullae
794 3509 972 3572 exscripserunt
984 3508 1041 3558 edd.
1057 3511 1148 3558 Venma
1160 3509 1216 3558 vul.

164 3579 217 3632 Viti.
228 3599 278 3648 nep.
291 3602 316 3648 9.
679 3593 682 3600 '
704 3597 782 3651 gatam
802 3598 853 3635 tum
867 3588 1039 3653 manuscripti,
1062 3599 1114 3636 tum
1126 3588 1214 3635 inauri·

199 3677 234 3710 aa.
243 3665 360 3713 Boviano.
372 3665 452 3728 Caput
462 3663 508 3712 luit
519 3663 661 3710 Samnitium
704 3666 759 3730 ptio
768 3677 839 3714 vetue
854 3677 943 3716 tuetur.

164 3737 316 3802 Pentronum,
328 3753 414 3806 postea
426 3742 477 3806 lege
490 3743 506 3790 J
507 3741 555 3790 ulia
565 3742 662 3789 eolouia
741 3761 766 3793 a.
784 3745 884 3794 Tudicii.
896 3745 965 3804 alti,
982 3743 1074 3792 Tudici.
1093 3745 1215 3792 Grrerinra

166 3817 221 3866 laeta
228 3831 269 3868 eet.
279 3823 334 3879 Fuit
342 3821 447 3887 duplex,
456 3831 524 3868 vetut
532 3837 559 3870 ac
569 3836 662 3868 norum
706 3824 836 3888 sequimur.
848 3825 874 3872 J.
885 3827 916 3870 V.
929 3826 957 3872 L.

166 3893 297 3948 Bovianum.
743 3899 1096 3964 3.Et.Cod.Franc.t'n,quem
1106 3901 1216 3964 sequitur

201 3979 238 4026 1³.
249 3979 289 4026 lies
295 3978 436 4043 pecuarias.
447 3978 497 4041 Qui
505 3993 592 4044 pecora
601 3979 664 4028 alen·
708 3981 825 4029 Graevius.
838 3978 888 4025 Alii
899 3979 961 4026 l'orte
974 3979 1059 4026 malint
1072 3996 1117 4040 ex,
1132 3997 1218 4044 qnem-

167 4049 211 4112 (lo,
224 4071 308 4117 pascua
324 4057 485 4106 conducendo
501 4073 552 4106 teta
566 4069 662 4121 augent.
708 4056 840 4107 admodum
853 4057 903 4119 ipse
913 4059 1056 4118 conjecerat.
1070 4061 1094 4110 J.
1104 4061 1136 4107 V.
1149 4063 1177 4108 1..
