3018 4664
245 369 320 454 ara
598 365 979 466 aaauuasruu.

283 499 371 561 esset,
391 499 577 556 narraverat,
597 485 702 547 doceat
722 487 876 547 Catilinam
896 487 1008 566 ipsum,
1032 487 1070 548 ad
1086 485 1195 547 bellum
1216 491 1319 567 patriae
1423 481 1426 486 ¹

284 583 469 645 inferendum
482 583 512 642 in
524 595 619 642 castra
632 585 787 659 Malliana,
804 584 906 643 nonin
918 583 1050 643 exsilium
1064 582 1178 643 abiisse.
1198 588 1236 644 Se
1249 586 1318 665 qui-

282 681 348 741 dem
362 681 424 759 ejus
440 681 483 739 rei
498 679 638 740 invidiam
648 680 728 740 haud
741 681 921 754 detrectare,
938 682 962 740 si
975 681 1006 740 in
1023 681 1157 740 exsilium
1170 681 1270 756 iverit,
1287 697 1319 743 et

285 779 412 838 consulis
430 777 516 837 minis
530 777 638 857 ejectus
653 798 715 838 esse
737 777 859 838 dicatur.
883 778 941 840 Sed
956 798 1023 838 eum
1046 799 1106 838 non
1127 799 1189 839 esse
1208 781 1318 840 iturum

282 877 450 948 confirmat,
467 896 495 948 7.
510 875 568 936 Sed
581 895 640 934 non
655 889 712 936 tam
722 876 760 934 de
770 896 830 935 uno
843 875 942 948 hoste,
956 889 985 935 et
1000 874 1037 934 de
1048 895 1084 934 eo
1099 877 1150 954 qui
1160 897 1190 935 se
1204 877 1317 936 bostem

282 975 416 1047 fateatur,
431 971 576 1052 agendum
590 992 668 1048 esse,
689 973 828 1052 quamde
847 973 883 1032 iis
907 974 959 1051 qui
979 972 1162 1032 dissimulent
1174 986 1204 1032 et
1217 979 1317 1033 Romae

280 1071 483 1130 remanserint.
494 1073 610 1130 Horum
620 1091 671 1130 sex
686 1089 791 1150 genera
803 1091 881 1142 esse,
894 1070 1001 1150 quibus
1014 1069 1133 1150 singulis
1144 1071 1317 1130 medicinam

282 1168 394 1227 consilii
406 1169 452 1226 sui
470 1187 501 1229 se
517 1167 672 1227 allaturum
686 1166 822 1232 ostendit.
844 1168 973 1228 Primum
988 1187 1089 1227 eorum
1101 1169 1154 1248 qui
1167 1187 1272 1246 magno
1284 1169 1316 1226 in

282 1285 340 1325 aerc
355 1265 467 1338 alieno,
478 1263 603 1342 majores
614 1265 701 1324 etiarn
715 1265 909 1344 possessiones
920 1263 1065 1339 habeant,
1081 1284 1205 1344 quorum
1217 1285 1317 1324 amore

282 1363 390 1424 adduci
407 1359 445 1424 ad
469 1383 508 1422 aas
524 1363 650 1423 alienum
669 1363 886 1423 dissolvendum
908 1365 964 1423 illis
986 1363 1148 1423 vendendis
1169 1384 1228 1424 non
1250 1383 1317 1443 pos-

245 1480 247 1488 ’
281 1463 352 1532 sint,
366 1455 393 1519 8.
413 1459 548 1520 Alterum
562 1480 682 1534 eorum,
694 1461 745 1539 qui
759 1480 935 1540 quamquam
951 1475 1122 1540 premantur
1136 1481 1193 1520 aere
1204 1461 1313 1535 alieno,

279 1557 508 1618 dominationem
523 1570 618 1616 nmen
632 1570 820 1637 exspectent,
834 1557 1038 1637 honoresque,
1056 1578 1131 1637 quos
1146 1557 1244 1636 quieta
1262 1578 1314 1617 re-

280 1653 399 1735 publica
424 1653 593 1733 desperent,
614 1654 785 1734 perturbata
805 1655 944 1734 consequi
966 1674 997 1714 se
1020 1674 1105 1733 posse
1125 1653 1314 1713 arbitrentur.

279 1753 410 1813 Tertium
426 1773 516 1832 genus
532 1772 595 1812 esse
610 1771 648 1811 ex
660 1752 695 1812 iis
708 1753 849 1826 coloniis,
863 1772 936 1831 quas
950 1752 1031 1812 Sulla
1047 1753 1243 1824 constituerit,
1262 1751 1314 1830 qui

280 1870 312 1910 se
327 1849 481 1930 insperatis
500 1847 631 1928 pecuniis
650 1851 848 1929 sumptuosius
867 1848 1004 1927 jactarint
1024 1862 1054 1908 et
1071 1849 1101 1907 in
1122 1869 1257 1929 magnum
1273 1869 1314 1908 aas

279 1948 406 2007 alienum
417 1946 584 2021 inciderint,
592 1947 642 2025 qui
654 1949 741 2007 etiam
751 1947 908 2006 nonnullos
920 1961 1045 2025 agrestes
1054 1945 1186 2006 homines
1198 1960 1313 2026 egentes

279 2045 310 2104 in
330 2043 462 2103 eamdem
483 2063 565 2122 spem
581 2043 751 2123 rapinarum
764 2057 898 2104 veterum
919 2043 1104 2123 impulerint,
1117 2064 1147 2122 9.
1169 2049 1313 2118 Quartum

278 2160 391 2213 eorum,
404 2141 455 2218 qui
469 2140 574 2221 partim
586 2141 705 2214 inertia,
719 2142 825 2220 partim
839 2141 913 2200 male
926 2138 1054 2219 gerendo
1066 2140 1193 2219 negotio,
1206 2141 1312 2220 partim

278 2236 442 2317 sumptibus
456 2237 486 2296 in
500 2251 599 2296 vetere
610 2255 667 2296 aere
680 2237 774 2297 alieno
782 2237 926 2297 vacillent.
937 2238 1078 2312 Quintum
1089 2236 1311 2316 parricidarum,

276 2335 459 2404 sicariorum,
469 2334 595 2412 denique
606 2334 736 2393 omnium
749 2334 989 2393 facinorosorum.
1001 2339 1182 2394 Postremum
1196 2355 1311 2410 eorum,

275 2433 327 2510 qui
339 2431 423 2511 quasi
434 2431 564 2491 Catilina
576 2432 726 2490 cohortem
742 2433 908 2510 praetoriam
921 2433 1117 2506 constituant,
1131 2453 1175 2491 ιο.
1187 2433 1239 2493 His
1251 2453 1311 2492 om·

277 2525 364 2586 nibus
378 2526 514 2605 praesidia
534 2527 681 2586 luculenta
695 2540 782 2605 atque
798 2540 968 2585 ornamenta
982 2530 1092 2606 opponi
1109 2548 1194 2606 posse
1211 2541 1311 2588 osten-

276 2622 338 2696 dit,
360 2623 456 2682 ethis
481 2624 609 2698 omissis,
630 2624 654 2683 si
678 2625 747 2702 ipsae
767 2643 877 2696 causae,
899 2643 965 2702 quae
987 2623 1064 2682 inter
1084 2645 1115 2683 se
1139 2626 1308 2705 confligant,

277 2718 500 2797 contendantur,
518 2723 614 2796 lacile,
631 2743 719 2802 quam
730 2723 773 2782 illi
782 2724 917 2802 jaceant,
929 2723 1050 2803 intelligi
1065 2745 1169 2805 posse,
1188 2746 1234 2784 ιι.
1247 2731 1310 2786 lta-

206 2836 208 2845 ’
275 2840 334 2899 que
347 2821 425 2880 cives
439 2819 516 2880 bene
531 2840 659 2900 sperare,
673 2839 717 2880 ra.
743 2821 874 2881 Catilinae
883 2835 980 2880 autem
995 2823 1090 2882 socios
1102 2823 1206 2883 iterum
1219 2824 1308 2899 exire,

274 2930 324 2975 aut
343 2917 369 2976 si
391 2931 527 2977 maneant
547 2919 695 2995 quiescere
706 2917 806 2996 jubet;
828 2931 957 2977 ceterum
976 2921 1088 2999 populo
1104 2920 1260 2999 pollicetur
1277 2941 1309 2980 se

272 3028 441 3073 curaturum
457 3028 489 3073 ut
504 3013 612 3073 bellum
627 3003 815 3085 intestinum,
833 3014 915 3074 nullo
930 3015 1072 3090 tumultu,
1092 3037 1123 3076 se
1134 3037 1194 3076 uno
1211 3031 1308 3098 togato

275 3110 350 3170 duce
364 3112 491 3185 sedetur,
505 3113 699 3191 hortaturque
713 3113 857 3187 Quirites,
874 3127 908 3172 ut
921 3114 1021 3173 salutis
1032 3113 1201 3194 reipublicae
1220 3135 1309 3176 causa

273 3207 396 3270 deorum
410 3209 618 3269 immortalium
631 3210 771 3270 auxilium
782 3211 959 3291 implorent,
979 3211 1024 3270 13.
