2976 4670
406 390 596 460 ORATIO
621 385 721 482 Pnjo
746 391 785 459 L.
812 390 1042 459 MURENA.
1189 391 1254 466 561

194 535 276 598 sua,
299 513 525 609 compensari
550 524 682 609 putant
697 533 814 608 posse.
838 515 965 608 Itaque
981 527 1019 582 et
1035 510 1105 610 legi
1126 512 1258 603 Fabiu,

194 643 275 715 quae
293 635 348 692 est
371 619 416 690 de
439 643 593 692 numero
617 634 855 707 sectatorum,
875 635 911 692 et
932 626 1260 714 senatusconsulto,

195 731 295 828 quod
318 745 372 802 est
393 736 432 804 L.
456 727 615 804 Caesare⁸
641 729 965 820 consulendum,
996 733 1258 805 restiterunt:

194 841 294 915 nulla
320 857 374 914 est
398 846 496 914 enim
521 865 651 940 poena,
674 867 754 939 quae
779 843 892 940 possit
919 839 1183 914 observantiam
1208 859 1261 916 te·

193 953 364 1022 uuiorum
376 951 422 1024 ab
438 952 509 1024 hoc
522 966 642 1024 vetere
656 953 821 1024 instituto
837 948 1043 1023 officiorum
1056 953 1257 1026 excludere.

177 1105 179 1110 -
241 1063 285 1132 At
302 1062 504 1159 spectacula
519 1075 604 1133 sunt
621 1061 784 1132 tributim
799 1060 932 1149 datam,
951 1076 990 1132 et
1006 1062 1050 1134 ad
1065 1063 1260 1161 prandium

184 1159 302 1268 ⁸vulgo
315 1173 452 1248 ,vocati
473 1177 548 1244 Etsi
566 1173 637 1243 hoc
658 1170 793 1243 lactum
813 1195 834 1242 a
852 1175 1004 1242 Murena
1021 1175 1189 1261 omnino,
1199 1175 1259 1269 ju·

194 1281 311 1365 dices,
332 1307 407 1354 non
424 1298 497 1371 est;
510 1282 556 1354 ab
572 1284 650 1378 ejus
666 1285 789 1354 amicis
802 1295 924 1354 autern
941 1307 1042 1354 more
1053 1294 1082 1325 ¹¹
1100 1301 1135 1356 et
1149 1286 1260 1359 modo

193 1389 327 1462 factum
344 1406 419 1464 est:
438 1409 558 1466 tamen
573 1392 779 1465 admonitus
791 1408 830 1464 re
844 1397 939 1491 ipsa,
951 1393 1134 1483 recordor,
1149 1421 1263 1493 quan-

193 1517 270 1572 tum
290 1502 345 1574 hae
369 1505 602 1601 quaestiones,
623 1507 661 1574 in
684 1517 811 1576 senatu
828 1502 976 1592 habite,
998 1518 1259 1602 punctorum¹²

193 1611 321 1699 nobis,
345 1617 467 1702 Servi,
497 1614 728 1712 detraxerint.
757 1612 867 1704 Quod
895 1617 992 1685 cuim
1021 1628 1164 1712 tempus
1194 1615 1262 1688 fuit

193 1736 256 1793 aut
281 1737 429 1812 nostra,
461 1738 523 1796 aut
551 1739 696 1824 patrum
726 1738 936 1796 nostrorum
965 1728 1160 1814 memoria,
1186 1752 1261 1824 quo

193 1831 287 1919 haec,
306 1836 380 1905 sive
400 1834 550 1922 ambitio
570 1850 639 1920 est,
660 1835 733 1906 sive
750 1833 963 1922 liberalitas,
983 1859 1058 1907 nou
1076 1834 1202 1924 fuerit,
1221 1851 1262 1908 ut

191 1943 295 2016 locus
318 1958 355 2016 et
369 1947 407 2016 in
429 1949 538 2034 circo,
556 1960 593 2028 et
613 1945 649 2014 iu
673 1943 754 2016 loro
780 1944 927 2016 daretur
944 1949 1066 2017 amicis
1087 1961 1124 2017 et
1143 1947 1261 2018 tribu-

191 2053 314 2126 libus?
333 2055 409 2126 haec
428 2054 595 2128 homiues
616 2056 800 2127 tenuiores
818 2056 1000 2154 primum,
1015 2055 1182 2129 noudum
1198 2064 1260 2156 qui

192 2187 212 2234 a
228 2166 302 2235 suis
321 2163 514 2236 tribulibus
530 2178 651 2236 vetere
669 2167 836 2236 instituto
852 2165 1211 2262 assequebanturss...

596 2279 694 2344 Deest
709 2280 862 2344 nonnihil.

240 2381 382 2448 XXXV.
396 2378 606 2452 Praefectum
621 2379 787 2452 labrum¹
806 2380 917 2454 semel
931 2380 1052 2452 locum
1066 2381 1261 2456 tribulibus

192 2491 264 2560 suis
287 2487 451 2560 dedisse:
470 2490 561 2588 quid
583 2499 770 2563 statuent²
791 2492 830 2561 in
850 2491 947 2562 viros
968 2492 1177 2589 primarios,
1196 2497 1262 2590 qui

192 2599 229 2668 in
253 2599 350 2670 circo
376 2612 468 2671 totas
490 2596 698 2688 tabernss³‚
722 2597 912 2672 tribulium
935 2625 1059 2691 causa,
1082 2626 1264 2700 compara·

190 2709 303 2780 runt?
320 2715 402 2780 Haec
422 2711 544 2782 omnia
563 2725 803 2795 sectatorum,
825 2708 1136 2806 spectaculorum,
1156 2737 1262 2808 pran-

227 2859 250 2905 8.
265 2859 292 2906 t.
308 2857 402 2906 Cessare
416 2859 522 2908 consuls.
542 2859 622 2908 Caessr
635 2859 701 2915 etc.
747 2854 840 2904 tudine.
854 2854 988 2903 -Μοάο,
1003 2855 1074 2906 Certs
1096 2857 1200 2929 quadum
1221 2877 1260 2908 ra.

191 2936 410 3000 Figulusproximo
420 2949 476 2985 rute
485 2936 627 2986 Ciceronem
638 2951 704 2984 suno
748 2934 828 2991 tiouo;
842 2948 893 2980 nou
907 2933 1074 2982 immoderate.

190 3014 302 3062 consules
316 3015 422 3062 luerunt.
432 3017 514 3078 Quum
525 3028 606 3064 sutem
614 3017 640 3063 in
652 3015 704 3063 dies
788 3029 827 3060 rs.
841 3015 999 3061 Punctorum.
1010 3013 1193 3078 Suffragiorum.

190 3091 297 3140 smbitus
315 3093 412 3144 licentis
436 3105 564 3156 cresceret,
585 3107 610 3144 et
624 3105 705 3160 sperts
788 3093 829 3139 13.
848 3090 927 3140 Verbs
948 3091 1047 3142 lsoee...
1072 3096 1263 3157 assequebantur

190 3171 705 3236 hscsissdhouoresgrssssrivelletcstili·
750 3183 865 3236 corrupte
878 3182 952 3232 suut,
965 3186 1011 3218 uec
1031 3172 1083 3219 sine
1103 3171 1172 3220 libris
1192 3177 1263 3225 novis

191 3252 328 3318 us‚psucis
339 3252 425 3302 diebus
431 3264 487 3302 aute
494 3252 707 3312 comiti-,censuit
750 3251 840 3314 corrigi
851 3261 962 3314 possunt.
973 3253 1002 3298 In
1015 3251 1061 3300 Ms
1071 3251 1275 3320 Guelferbytanus

190 3332 643 3392 seustus‚utlexsmbitussuctsetism
650 3347 707 3378 cum
750 3331 856 3396 spatium
870 3330 942 3378 unius
960 3347 1043 3378 versus
1060 3331 1131 3379 inrue
1152 3335 1264 3383 relictum

190 3427 263 3476 poeus
277 3412 393 3471 serretur,
402 3422 583 3460 etssctstoruur
593 3426 707 3459 uumerus
750 3421 786 3459 est
797 3411 860 3458 iuter
872 3410 991 3478 tenuiores
1005 3423 1029 3459 et
1043 3411 1092 3475 qui.
1103 3411 1170 3459 Idem
1186 3429 1231 3476 pro
1245 3431 1263 3462 a

190 3489 340 3542 definiretur.
349 3491 395 3540 eui
401 3491 611 3540 seustusconsulto
617 3492 649 3554 Q.
654 3493 707 3540 Mu·
717 3555 720 3560 ,
749 3489 837 3550 habet,
846 3502 875 3538 ut
886 3489 942 3538 edd.
950 3490 1087 3555 principes,
1096 3507 1134 3539 ea.
1144 3493 1214 3552 ruit,
1222 3492 1266 3557 qus'

192 3573 241 3620 tius
252 3573 379 3620 Orestinus
393 3572 505 3622 tribunus
515 3573 551 3636 pl.
568 3573 594 3620 iu
605 3573 705 3636 gruttam
750 3585 781 3617 ss
795 3587 811 3616 u
820 3569 885 3624 suis,
897 3580 945 3617 etc.
956 3571 1049 3618 Ernest.
1060 3571 1085 3617 J.
1096 3568 1263 3620 V.L.-Cor-

190 3649 303 3702 Catilium
317 3633 458 3702 intercessit.¹
749 3660 836 3715 ruptus
843 3649 905 3698 adso
915 3660 938 3697 et
946 3651 1045 3698 mutilus
1054 3650 1134 3708 locus,
1144 3662 1172 3698 ut
1181 3651 1263 3700 nullus

226 3745 251 3793 9.
264 3731 515 3780 natitantem
524 3732 656 3781 uoluerunt
664 3766 671 3791 ,
680 3742 705 3779 et
748 3728 806 3777 iude
817 3745 902 3777 sensus
914 3731 967 3776 esui
977 3731 1063 3794 possit.

190 3824 235 3872 per
249 3808 374 3858 tribunum
385 3811 464 3875 plebis
472 3813 666 3860 intercesserunt.
783 3810 896 3858 XXXV.
911 3823 932 3856 1.
942 3805 1088 3874 Praefectum
1089 3805 1202 3872 fabrum.
1211 3807 1263 3857 Att-

230 3902 268 3934 ro.
286 3887 404 3936 Tributs'm
414 3889 485 3938 data.
503 3891 537 3937 At
549 3892 613 3938 euim
631 3889 702 3946 locs,
748 3888 809 3952 quid
819 3887 865 3936 sub
879 3889 928 3936 hoc
941 3887 1014 3935 initio
1032 3887 1190 3936 desiderstur.

190 3965 280 4031 quibus
288 3978 453 4031 spectarentur
462 3967 532 4030 ludi,
543 3971 646 4018 Murcus
655 3985 704 4016 susr
785 3984 808 4017 s.
821 3967 860 4016 Al.
871 3966 907 4014 s'ta
918 3977 1005 4016 tuetur.
1016 3970 1032 4015 J
1036 3967 1079 4015 Ν.
1095 3967 1123 4015 L.

191 4046 269 4094 tribus
281 4046 422 4095 homiuibus
436 4047 568 4097 distribuit.
786 4045 809 4094 3.
825 4053 899 4102 Totas
916 4047 1040 4096 tabernas.
1053 4047 1089 4094 Ut
1101 4062 1132 4095 ex
1149 4046 1179 4095 lis
1191 4047 1265 4097 ludos

184 4173 186 4178 ,
229 4127 427 4178 sr.More.Nou
439 4138 721 4192 repugusutscousus·,
752 4137 862 4192 spectare
873 4126 977 4190 possint.

268 4218 330 4284 ΙΙΙ.
359 4230 586 4294 nemnem.
1099 4209 1146 4283 36
