3018 4664
261 333 333 418 ssa
601 325 977 396 succursurum.

266 517 269 526 ,
298 453 463 530 cendo‚per
475 449 607 510 Fulviam
620 448 773 519 effecerat,
786 461 820 504 ut
834 453 870 520 Q.
882 448 987 508 Curius
998 446 1118 508 consilia
1132 449 1263 508 Catilinae
1272 447 1329 522 sibi

299 549 445 631 proderet.
462 544 509 606 al
522 546 579 604 hoc
590 545 729 622 collegam
746 565 830 603 suum
844 545 1002 604 Antonium
1019 545 1153 622 pactione
1170 547 1328 624 provinciae

299 644 483 726 [Macedonia
498 644 525 701 ei
537 643 598 702 sine
611 655 690 700 sorte
704 643 858 719 concessa]
874 643 1059 720 perpulerat,
1086 663 1123 702 ne
1137 657 1237 702 contra
1248 663 1327 702 rem-

298 745 446 824 publicam
465 741 593 800 sentiret.
617 741 732 800 Circurn
749 760 779 798 se
799 740 934 818 presidia
954 739 1113 798 amicorum
1130 753 1217 818 atque
1236 741 1328 800 clien-

299 843 370 900 tium
384 840 498 899 ooculte
512 835 638 896 habebat
650 865 671 892 ι.
687 837 811 894 Comitia
827 837 990 896 consularia
1006 857 1095 913 quum
1111 837 1219 896 indicta
1234 851 1328 897 essent

298 941 329 998 in
343 952 409 996 ante
423 936 500 994 diem
511 954 558 992 xta
571 934 757 1010 kal.nov.(ar
770 933 852 1009 oct),
863 936 965 993 Cicero
979 933 1071 1011 pridie
1081 933 1118 992 de
1129 935 1328 1012 conjuratione

298 1035 429 1096 Catilinae
440 1031 477 1090 ad
493 1043 623 1090 senatum
635 1029 748 1100 retulit,
775 1029 955 1106 perfecitque
972 1041 1003 1086 ut
1016 1030 1133 1088 comitia
1149 1031 1179 1088 in
1197 1030 1226 1088 d.
1238 1051 1256 1088 v
1269 1032 1327 1088 kal.

297 1152 364 1190 nov.
378 1130 429 1210 (ad
441 1133 509 1201 oct.)
521 1127 719 1185 differrentur.
730 1124 874 1184 Postridie
891 1124 1035 1202 frequenti
1046 1140 1147 1184 senatu
1160 1127 1262 1186 Cicero
1276 1132 1328 1186 Ca·

297 1231 407 1289 tilinam
421 1226 573 1295 excitavit,
591 1237 677 1301 atque
691 1243 758 1280 eum
774 1222 924 1294 derebus,
938 1243 1002 1300 quae
1018 1222 1054 1281 ad
1069 1243 1100 1282 se
1112 1225 1204 1284 allatae
1218 1239 1327 1295 essent,

297 1327 394 1387 dicere
410 1323 504 1402 jussit.
526 1321 580 1382 Ille
600 1339 659 1378 non
680 1341 710 1378 se
731 1320 881 1398 purgavit,
904 1319 955 1378 sed
970 1320 1109 1379 indicavit
1128 1335 1215 1399 atque
1235 1322 1329 1382 induit

296 1425 430 1503 (Ciopro
445 1424 614 1488 Murena‚c.
625 1416 661 1474 25
669 1414 689 1494 l.
698 1420 821 1476 Senatus
836 1436 906 1474 vero
916 1415 1044 1476 decrevit
1055 1440 1061 1474 :
1071 1443 1083 1470 s
1095 1417 1198 1476 darent
1209 1437 1327 1496 operam

298 1517 431 1578 consules
454 1536 490 1574 nc
510 1513 582 1592 quid
597 1513 761 1591 respublica
779 1514 945 1571 detrimenti
958 1527 1106 1591 caperet».
1128 1519 1195 1588 Quo
1212 1513 1328 1572 decreto

299 1635 380 1675 more
393 1632 513 1673 romano
526 1612 658 1688 (Sallust.
683 1631 708 1668 c.
729 1617 779 1685 ²9)
793 1611 971 1688 magistratui
986 1611 1108 1669 maxima
1122 1625 1249 1689 potestas
1261 1631 1328 1690 per-

297 1711 482 1780 mittebatur,
497 1709 656 1768 exercitum
671 1727 784 1785 parare,
795 1706 903 1766 bellum
918 1727 1036 1784 gerere,
1048 1727 1182 1766 coercere
1194 1708 1328 1767 omnibus

297 1808 390 1869 modis
404 1807 498 1866 socios
513 1818 599 1882 atque
616 1805 711 1876 cives,
735 1805 814 1864 domi
831 1805 997 1880 militiaeque
1011 1805 1164 1883 imperium
1180 1819 1266 1882 atque
1277 1805 1328 1882 ju-

298 1906 406 1964 dicium
427 1921 570 1962 summum
592 1900 709 1960 habere.
731 1901 820 1960 Venit
844 1902 1029 1960 comitiorum
1060 1901 1122 1960 dics
1145 1923 1164 1960 v
1182 1904 1237 1960 kal.
1260 1922 1327 1960 nov.

298 2005 401 2063 Cicero
415 2020 505 2078 quum
520 1998 686 2075 conjuratos
701 2018 768 2056 cum
781 1998 883 2076 gladiis
898 1999 927 2056 in
942 2018 1075 2076 campum
1091 1999 1197 2058 deduci
1215 2019 1229 2056 a
1248 2000 1327 2058 Cati—

297 2103 356 2160 lina
372 2099 576 2176 comperisset‚
591 2094 740 2153 descendit
753 2095 783 2153 in
797 2115 932 2173 campum
946 2095 1036 2154 lorica
1049 2109 1141 2154 tectus
1151 2109 1181 2154 et
1192 2096 1327 2174 presidio

300 2195 522 2256 fortissimorum
535 2193 666 2250 virorum
682 2192 818 2248 munitus.
831 2192 970 2248 Consules
984 2191 1169 2268 designantur
1179 2197 1215 2250 D.
1227 2194 1328 2252 lunius

299 2295 413 2354 Silanus
425 2306 455 2350 ct
467 2296 501 2350 L.
516 2288 642 2348 Licinius
657 2292 788 2346 Murena.
802 2287 925 2346 Catilina
939 2307 1029 2364 quum
1040 2289 1067 2346 ei
1084 2309 1136 2347 nec
1148 2290 1250 2366 petitio
1263 2310 1329 2348 con·

299 2392 424 2460 sulatus,
437 2407 532 2463 neque
548 2383 660 2444 insidiae
675 2385 786 2442 consuli
801 2385 883 2443 factae
896 2403 1036 2462 prospere
1051 2387 1210 2458 cessissent,
1223 2387 1328 2446 consti·

300 2488 354 2544 tuit
369 2485 477 2542 bellum
491 2483 585 2540 facere
598 2493 627 2538 et
640 2493 769 2538 extrema
785 2481 882 2538 omnia
896 2480 1030 2558 experiri.
1049 2481 1140 2558 Igitur
1154 2488 1184 2539 C.
1197 2484 1328 2542 Mallium

298 2582 415 2642 Fesulas
431 2593 518 2656 atque
532 2579 562 2636 iu
576 2596 639 2634 cam
654 2589 765 2654 partem
778 2577 916 2647 Etruriae,
933 2577 1090 2653 Septimum
1105 2578 1259 2655 quemdam
1274 2585 1328 2639 Ca-

298 2692 418 2761 mertem
432 2678 463 2734 in
477 2695 578 2754 agrum
590 2676 745 2746 Picenum,
762 2678 794 2734 C.
805 2678 821 2732 J
825 2675 914 2732 ulium
929 2673 959 2732 in
974 2673 1111 2752 Apuliam
1126 2676 1242 2736 dimisit.
1264 2681 1329 2754 lpse

299 2775 506 2854 conjurationis
519 2772 666 2850 principes
687 2771 859 2849 intempesta
874 2782 960 2828 nocte
979 2773 1151 2830 convocavit
1164 2773 1193 2830 in
1209 2773 1329 2834 domum

299 2875 341 2930 Μ.
353 2865 448 2926 Porcii
463 2865 575 2942 Laecae(
587 2873 651 2941 quae
668 2864 722 2920 fuit
734 2865 766 2922 in
777 2863 844 2922 vico
857 2866 932 2920 t'rttcr
934 2861 1075 2936 sulcarim
1092 2863 1188 2943 dicto)
1198 2867 1260 2924 a.d.
1271 2888 1328 2926 vur

301 2967 339 3028 id.
355 2985 423 3024 nov.
439 2962 499 3022 Ubi
514 2981 604 3037 quum
616 2961 692 3018 inter
706 2961 762 3018 alia
776 2959 894 3018 dixisset
908 2981 938 3020 se
955 2961 1086 3020 Mallium
1102 2963 1284 3040 praemisisse,
1299 2978 1330 3022 et

300 3064 338 3124 ad
353 3060 512 3121 exercitum
524 3058 668 3136 proficisci
683 3077 806 3136 cupere,
821 3056 845 3115 si
854 3058 934 3135 prius
948 3058 1116 3117 Ciceronem
1130 3061 1329 3140 oppressisset,

300 3167 331 3222 C.
344 3157 495 3220 Cornelius
508 3175 595 3233 eques
609 3167 638 3213 et
650 3155 879 3231 L.Vargunteitts
893 3170 1009 3214 senator
1024 3157 1234 3216 constituerunt
1245 3179 1329 3217 mane

302 3278 346 3313 vrr
363 3254 401 3312 id.
413 3273 482 3311 nov.
496 3271 562 3310 cum
583 3251 701 3310 armatis
717 3250 884 3310 hominibus
898 3252 973 3310 sicut
985 3251 1139 3312 salutatum
1156 3254 1275 3312 introire
1290 3255 1328 3314 ad

300 3352 484 3416 Ciceronem,
499 3367 532 3406 ac
554 3346 590 3404 de
612 3347 769 3426 improviso
789 3345 869 3404 dorni
887 3367 946 3406 suae
967 3349 1139 3427 imparatum
1163 3351 1327 3410 confodere.

302 3446 406 3508 Curius
417 3464 470 3522 per
481 3444 611 3504 Fulviam
624 3445 720 3502 statim
731 3444 864 3502 Ciceroni
877 3442 985 3513 dolum,
995 3445 1046 3522 qui
1058 3445 1225 3524 parabatur,
1237 3467 1329 3508 enun-

304 3547 364 3604 tiat.
386 3549 413 3600 Is
429 3541 516 3619 igitur
531 3541 649 3600 domum
664 3559 744 3600 suam
757 3539 917 3618 majoribus
934 3541 1075 3618 praesidiis
1089 3544 1226 3614 munivit,
1247 3543 1328 3615 illos,

302 3643 354 3722 qui
374 3659 439 3698 euru
464 3637 644 3696 interfecturi
657 3637 814 3705 venissent,
839 3636 929 3712 janua
942 3637 1073 3696 exclusit.
1089 3643 1165 3696 Tum
1183 3640 1284 3698 Cicero
1298 3661 1330 3710 vr

299 3741 338 3802 id.
349 3757 416 3797 nov.
432 3749 562 3794 senatum
576 3735 605 3792 in
621 3734 712 3792 aedem
727 3733 807 3792 lovis
820 3733 959 3803 Statoris,
973 3753 1039 3812 quae
1052 3748 1114 3794 erat
1124 3735 1154 3794 in
1172 3737 1217 3794 via
1228 3741 1329 3808 Sacra,

299 3857 358 3916 qua
373 3834 410 3894 ad
425 3833 565 3892 Palatium
580 3830 759 3901 ascenditur,
775 3831 953 3889 convocavit
967 3832 1055 3890 Venit
1074 3832 1176 3892 eodem
1191 3835 1330 3904 Catilina;

300 3934 474 4009 simulatque
486 3928 603 4002 assedit,
617 3949 715 3988 omnes
729 3927 895 3986 consuleres
905 3941 1017 4006 partem
1031 3929 1113 3990 istam
1127 3929 1330 3990 subselliorum

302 4029 409 4088 nudam
426 4040 512 4103 atque
530 4027 645 4086 manem
660 4026 846 4104 reliquerunt.
869 4029 951 4083 Tunc
971 4027 1072 4087 consul
1085 4027 1186 4088 Cicero
1199 4027 1331 4106 indigna·
