3020 4668
587 391 871 462 mmmmm
1196 391 1266 490 349

191 513 320 593 exempli
333 512 426 572 multo
441 509 607 572 accirratius
619 532 708 591 qnam
722 512 813 573 ceteri
827 522 959 572 veterum
970 523 1123 572 auctorum
1133 513 1192 572 loci
1205 513 1270 573 iliu·

192 625 276 672 strat.
291 616 367 672 Nam
378 611 503 670 Pullium
513 609 561 688 (P.
581 613 695 668 Villium
707 609 842 690 suspicor
855 609 1041 669 scribendum
1058 611 1131 689 esse)
1142 624 1172 671 et
1185 616 1268 671 Fun-

192 707 331 782 danium,
350 707 483 766 tribunos
503 703 613 786 plebis,
639 706 743 778 tradit,
768 707 847 766 dictu
861 705 911 764 die
929 705 1157 785 perduellionis,
1177 726 1268 785 quum

193 804 291 864 imber
306 804 423 864 comitia
436 802 618 876 diremisset,
637 817 741 883 postea
754 808 787 863 P.
801 802 907 864 Clodio
921 803 1042 864 multam
1055 804 1198 883 irrogasse
1213 825 1272 863 ‹rxx

192 903 318 962 millium
332 902 417 974 aeris3
437 919 498 980 quo
509 899 654 980 judieioa
673 900 785 980 populo
805 899 958 960 damnatus
973 913 1025 960 esi
1032 903 1142 960 Verum
1157 899 1215 958 hoc
1228 901 1270 961 ita

193 998 329 1078 disputo,
350 1010 384 1057 ut
398 997 517 1056 minime
528 994 677 1071 dubitem,
694 995 843 1056 Rabirium
863 995 902 1056 ad
919 998 1062 1077 populum
1077 1017 1270 1076 provocasse,

192 1097 243 1155 ier
257 1095 335 1155 enim
349 1092 475 1174 jubebat
492 1094 625 1176 (Livius,
639 1097 671 1166 1,
692 1113 757 1174 cap.
771 1091 841 1174 26):
860 1092 911 1153 sed
925 1113 963 1152 ex
977 1093 1027 1153 illa
1037 1094 1188 1156 Ciceronis
1201 1095 1268 1174 glo-

192 1192 319 1251 riatione
334 1203 364 1250 et
377 1189 489 1251 tribuni
503 1191 624 1269 querela
639 1189 801 1264 concludo,
812 1189 939 1250 consulis
954 1202 1129 1270 senatusque
1142 1191 1270 1250 auctori·

195 1299 255 1347 rate
268 1286 411 1347 abolitum
422 1286 511 1347 fuisse
521 1285 603 1366 quod
613 1284 782 1358 duumviri,
804 1299 906 1346 contre
917 1286 1011 1366 legem
1023 1307 1040 1345 a
1052 1299 1179 1368 praetore
1193 1285 1272 1361 dati,
1304 1303 1307 1312 ’

192 1385 416 1465 judicaverant3
437 1385 497 1445 imo
512 1385 686 1463 preclarum
699 1382 773 1444 illud
784 1390 821 1459 Q.
835 1384 947 1444 Metelli
961 1383 1072 1444 facinus
1081 1383 1272 1463 adjudicium

195 1483 234 1542 de
246 1483 337 1542 multa
349 1481 537 1542 referendum
553 1502 616 1542 esse
633 1482 753 1542 omnino
768 1481 941 1557 arbitrarer,
963 1483 1020 1542 nisi
1033 1483 1198 1542 absolutum
1209 1503 1273 1542 esse

194 1580 350 1642 Rabirium
363 1580 467 1660 populi
480 1580 625 1659 suffragiis
644 1580 799 1642 Suetonius
819 1581 968 1652 innuerem
994 1592 1199 1660 servatumque
1217 1599 1271 1641 sur

195 1678 321 1752 virtute,
340 1697 401 1737 non
414 1691 548 1758 emptum
563 1677 636 1738 alius
651 1678 802 1757 cujusdam
815 1697 889 1760 ope,
903 1678 1045 1759 optimum
1056 1677 1159 1752 civem,
1168 1677 1272 1738 Cicero

196 1776 261 1855 ipse
275 1775 417 1838 indiceret
432 1777 476 1858 (in
484 1778 636 1852 Pisonem,
648 1798 713 1858 cap.
723 1775 763 1857 n).

237 1877 358 1952 ltaque,
381 1888 415 1934 ut
433 1895 529 1947 error,
549 1875 601 1954 qni
618 1876 775 1954 superbae
789 1894 822 1934 re
837 1873 976 1947 invaluit,
999 1874 1117 1954 penitus
1139 1873 1270 1946 tollatur,

198 1970 416 2032 inscribendam
432 1973 594 2032 orationem
619 1975 661 2030 ad
682 1975 824 2048 Quin'tes,
841 1991 902 2032 non
913 1991 971 2048 pm
981 1973 1191 2048 perduelliones
1207 1991 1273 2047 reo,

196 2066 321 2143 strideo3
334 2089 512 2148 quamquam
524 2070 604 2130 bunc
618 2069 735 2131 titulum
750 2070 983 2149 antiquissimum
996 2089 1059 2129 esse
1070 2089 1131 2128 non
1145 2087 1255 2148 negem.
