2962 4682
256 351 303 420 m
578 344 994 438 urmmmms

255 473 345 544 hora
360 463 575 542 undecima⁸
594 471 631 539 in
655 465 804 566 publico
827 465 950 540 valens
970 471 1068 541 visus
1095 484 1206 559 esset,
1236 483 1320 544 ante

255 597 400 656 noctem
411 593 592 667 mortuus,
606 593 643 649 et
653 576 844 674 postridie,
856 592 1049 676 aritequam
1063 578 1213 666 luceret,
1225 603 1321 652 com·
1381 591 1386 599 '

253 693 383 765 bustus
398 703 461 762 est.
479 691 598 786 Atque
613 687 713 758 hunc
730 701 871 759 tantum
890 713 1084 760 moerorem
1101 693 1205 762 matri
1220 693 1320 789 prius

256 801 445 873 bominum
459 821 602 882 rumor,
617 821 725 893 quam
743 799 936 894 quisquam
951 823 995 870 ex
1013 800 1204 898 Oppianici
1220 798 1320 872 fami·

256 913 302 983 lia
319 909 548 982 renuntiavit.
566 905 630 978 Illa
651 931 765 1003 quum
782 932 858 978 uno
876 921 1041 1007 tempore
1058 909 1233 999 audisset,
1252 909 1321 982 sibi

255 1047 332 1094 non
357 1019 475 1092 solum
500 1015 637 1106 filium,
665 1015 728 1088 sed
759 1020 867 1088 etiam
890 1019 1165 1115 exsequiarum9
1186 1042 1320 1090 munus

257 1145 436 1230 ereptum,
458 1130 630 1200 larinum
652 1124 841 1198 confestim
858 1127 1056 1198 exanimata
1073 1129 1190 1214 venit,
1212 1142 1248 1200 et
1270 1127 1319 1200 ibi

253 1241 297 1314 de
320 1244 460 1338 integro
477 1236 586 1309 funus
597 1235 672 1331 jam
691 1236 835 1335 sepulto
851 1235 927 1311 filio
940 1236 1036 1309 lecit.
1054 1241 1138 1310 Dies
1155 1238 1320 1311 nondum

254 1353 379 1425 decem
404 1353 699 1434 intercesserant,
721 1371 835 1444 quum
857 1345 918 1418 ille
940 1347 1030 1420 alter
1047 1346 1182 1420 fitius¹0
1204 1347 1321 1434 infans

254 1470 458 1534 necatur¹¹.
475 1462 603 1556 Itaque
625 1453 733 1528 nubit
761 1459 967 1556 Oppianico.
989 1461 1164 1532 continuo
1191 1461 1320 1550 Sassia,

213 1605 216 1612 >
253 1569 387 1642 laetanti
400 1567 473 1663 jam
495 1567 636 1654 animo,
660 1579 698 1636 et
716 1588 781 1663 spe
799 1568 975 1664 optima¹²
998 1567 1224 1642 confirmato.
1246 1576 1321 1643 Nec

254 1683 405 1768 mirum,
425 1701 506 1775 quae
527 1700 565 1748 se
582 1700 660 1747 non
677 1675 898 1773 nuptialibus
919 1677 1046 1770 donis,
1076 1679 1138 1753 sed
1161 1680 1320 1753 liliorum

254 1785 443 1862 funeribus
464 1785 649 1858 delinitam
663 1785 811 1858 videret.
831 1790 902 1876 lta,
927 1789 1027 1886 quod
1046 1791 1156 1864 ceteri
1172 1807 1321 1890 propter

254 1899 387 1972 liberos
403 1898 566 1996 pecunias
579 1893 782 1993 cupidiores
799 1895 918 1968 solent
930 1895 960 1941 ¹³
979 1923 1076 1988 esse,
1098 1901 1159 1974 ille
1171 1917 1321 2001 propter

256 2012 446 2107 pecuniam
464 2005 596 2078 liberos
615 2007 778 2078 amittere
794 2006 989 2102 jucundius
1004 2033 1081 2084 esse
1097 2010 1213 2084 duxit.

303 2125 345 2190 X„
364 2120 505 2206 Sentio,
521 2115 680 2211 judices,
698 2140 763 2187 vos
780 2141 848 2216 pro
867 2133 985 2191 vestra
1003 2120 1246 2213 humanitate,
1264 2122 1321 2196 his

254 2231 361 2303 tantis
386 2225 581 2300 sceleribus
606 2224 763 2299 breviter
789 2251 810 2299 a
838 2253 896 2300 me
916 2228 1183 2320 demonstratis,
1210 2233 1320 2307 rehe-

254 2354 395 2411 menter
420 2361 497 2410 esse
523 2347 761 2408 commotos¹.
786 2340 873 2428 Quo·
896 2340 1039 2412 tandem
1060 2344 1170 2442 igitur
1199 2345 1321 2418 animo

198 2447 200 2452 ’
253 2448 362 2522 fuisse
376 2447 456 2518 illos
466 2444 687 2518 arbitramini
698 2500 708 2535 ,
721 2445 856 2546 quibus
868 2449 924 2521 his
937 2450 982 2524 de
993 2451 1102 2524 rebus
1118 2479 1193 2525 non
1209 2454 1320 2527 modo

254 2556 475 2630 audiendum
489 2554 576 2646 suit,
586 2580 710 2629 verum
720 2558 827 2630 etiam
837 2558 1094 2655 judicandum?
1103 2568 1177 2635 Vos
1189 2565 1321 2637 auditis

257 2670 304 2740 de
320 2692 380 2759 eo,
398 2669 438 2739 in
451 2691 561 2766 quem
579 2666 718 2763 judices
736 2693 812 2740 non
836 2674 942 2761 estis;
967 2671 1012 2744 de
1028 2699 1091 2765 eo,
1111 2700 1223 2773 quem
1244 2701 1321 2748 nou

254 2889 322 2956 quod
334 2903 384 2936 nou
400 2887 487 2951 procul
503 2903 519 2935 ι
532 2885 634 2936 Falerno
645 2885 767 2947 dislabstt
809 2885 875 2948 lilio,
887 2906 989 2942 vacuam
1000 2892 1099 2942 domm
1113 2893 1220 2944 scelestis
1228 2895 1322 2960 nuptiis

255 2972 356 3020 alterum
366 2968 490 3032 Apulum,
502 2968 543 3016 cni
553 2982 619 3016 nune
627 2977 697 3015 resto
707 2965 767 3014 looo
810 2967 903 3019 secun.
913 2972 985 3022 Catil.
1001 2975 1041 3023 15.

255 3065 344 3100 nomen
353 3058 389 3096 est
400 3048 510 3097 Ciuitate.
849 3055 889 3087 11.
903 3041 983 3103 Olim,
993 3055 1132 3094 necaretur.
1144 3047 1169 3096 J.
1178 3048 1210 3093 V.
1223 3049 1251 3096 L.

289 3132 316 3178 8.
335 3130 403 3177 Hora
416 3127 553 3176 undecinrn
570 3127 638 3174 llors
649 3141 698 3174 una
710 3133 767 3176 ente
849 3121 1052 3186 ¹²·Speoptimn.
1064 3121 1143 3174 Abeo
1154 3141 1241 3190 nempe
1251 3141 1322 3190 posse

254 3209 330 3258 „lem
357 3203 519 3256 minimam,
550 3205 606 3253 Jm
641 3204 764 3266 diximus,
809 3196 913 3248 interfici
926 3197 1105 3268 filinm,qnem
1118 3202 1217 3267 oderat,
1233 3204 1323 3256 Cluen·

255 3285 367 3352 quolibet
394 3284 453 3332 anni
480 3294 608 3348 tmpore,
636 3282 766 3334 duodecim
810 3277 879 3327 unm.

254 3365 368 3412 horarum
388 3361 471 3410 civiles
489 3361 540 3410 dies
557 3361 624 3425 apud
640 3363 766 3414 Romme
848 3358 1318 3427 ¹3·Gullelmiu⁸coujirlobtt‚qnnn...

254 3443 340 3503 luisse,
350 3441 500 3506 totidemque
508 3451 607 3498 noctem
619 3440 652 3488 ita
661 3452 689 3490 nt
697 3441 766 3492 hora
808 3437 913 3486 soleant.
924 3441 940 3488 J
942 3475 949 3489 .
957 3441 990 3488 V.
1000 3441 1028 3488 L.

254 3533 335 3574 astute
343 3522 478 3586 longiores,
486 3519 566 3568 biems
577 3529 662 3568 contre
671 3520 766 3572 brevio·
844 3517 879 3566 X·
894 3533 916 3564 ¹·
931 3517 1074 3567 mmm.
1086 3518 1193 3568 Solones·
1204 3518 1243 3568 his
1254 3519 1322 3582 iudi·

254 3621 293 3655 res
305 3612 392 3653 munt
808 3610 865 3644 cum
873 3595 1001 3645 effectibus
1007 3598 1085 3646 utitur
1093 3609 1186 3658 orator,
1195 3599 1322 3663 utprioree

289 3701 314 3748 9.
323 3679 505 3746 Exsequinrum
514 3695 610 3730 munus.
623 3679 699 3744 Quod
707 3698 765 3746 prn-
808 3675 939 3740 Oppianici
952 3675 1047 3739 judices
1061 3677 1087 3726 vi
1099 3676 1247 3726 veriutisad
1265 3695 1321 3728 eum

254 3763 342 3830 pinqni
354 3761 435 3810 solent
448 3759 524 3808 obire.
541 3759 613 3808 Unde
626 3769 702 3808 mater
713 3763 766 3810 En·
810 3753 974 3803 &mundum
990 3767 1088 3804 coneto·
1103 3756 1176 3806 fnisse
1193 3758 1319 3819 ostendat,

254 3837 765 3909 ryall::Necrulnerslavivestetegsnsn
809 3833 929 3898 simulque
946 3835 1110 3900 suspicionem
1130 3837 1216 3885 tentati
1233 3836 1322 3898 judicii

293 3937 335 3968 ιο.
346 3919 416 3967 Alter
416 3917 498 3987 filius.
510 3917 590 3966 Novia
599 3928 669 3967 natus
677 3918 766 3984 pariter
810 3927 859 3961 non
870 3912 901 3960 ad
914 3913 1070 3974 Cluentium,
1084 3915 1114 3963 ds
1127 3915 1195 3964 exitu
1209 3927 1258 3964 tem
1269 3932 1321 3964 ms-

255 4014 348 4049 veneuo
368 3997 472 4049 tollitur.
493 3999 571 4048 Porro
591 3999 681 4064 pariter
699 3998 765 4063 apud
809 3991 903 4040 nileetn
915 3993 1322 4060 reionrninoseemnm,pertinere

254 4079 393 4130 Sallustium
406 4078 520 4141 legimns,
529 4079 670 4140 Catilinam,
682 4088 768 4126 necato
814 4077 971 4128 demonstret.
