<?xml version="1.0" encoding="UTF-8"?>
<!DOCTYPE html PUBLIC "-//W3C//DTD XHTML 1.0 Transitional//EN"
    "http://www.w3.org/TR/xhtml1/DTD/xhtml1-transitional.dtd">
<html xmlns="http://www.w3.org/1999/xhtml" xml:lang="en" lang="en">
 <head>
  <title>
</title>
<meta http-equiv="Content-Type" content="text/html;charset=utf-8" />
  <meta name='ocr-system' content='tesseract 3.04.00' />
  <meta name='ocr-capabilities' content='ocr_page ocr_carea ocr_par ocr_line ocrx_word'/>
</head>
<body>
  <div class='ocr_page' id='page_1' title='image "./mtciceronisquae00lemagoog_0175.png"; bbox 0 0 2956 4676; ppageno 0'>
   <div class='ocr_carea' id='block_1_1' title="bbox 247 382 981 474">
    <p class='ocr_par' dir='ltr' id='par_1_1' title="bbox 247 382 981 474">
     <span class='ocr_line' id='line_1_1' title="bbox 247 382 981 474; baseline 0 -20"><span class='ocrx_word' id='word_1_1' title='bbox 247 382 314 455; x_wconf 82' lang='lat'><strong>166</strong></span> <span class='ocrx_word' id='word_1_2' title='bbox 564 383 613 453; x_wconf 80' lang='lat' dir='ltr'><strong>rt.</strong></span> <span class='ocrx_word' id='word_1_3' title='bbox 634 385 674 453; x_wconf 81' lang='lat' dir='ltr'><strong>r.</strong></span> <span class='ocrx_word' id='word_1_4' title='bbox 700 384 981 474; x_wconf 78' lang='lat' dir='ltr'><strong>mennonls</strong></span> 
     </span>
    </p>
   </div>
   <div class='ocr_carea' id='block_1_2' title="bbox 237 502 1308 1486">
    <p class='ocr_par' dir='ltr' id='par_1_2' title="bbox 237 502 1308 1486">
     <span class='ocr_line' id='line_1_2' title="bbox 238 502 1304 605; baseline -0.001 -28"><span class='ocrx_word' id='word_1_5' title='bbox 238 505 348 578; x_wconf 72' lang='lat' dir='ltr'><strong>fiune</strong></span> <span class='ocrx_word' id='word_1_6' title='bbox 358 502 384 576; x_wconf 80' lang='lat'><strong>⁶.</strong></span> <span class='ocrx_word' id='word_1_7' title='bbox 400 504 466 576; x_wconf 81' lang='lat' dir='ltr'><strong>llic</strong></span> <span class='ocrx_word' id='word_1_8' title='bbox 478 527 576 576; x_wconf 87' lang='lat' dir='ltr'><strong>nunc</strong></span> <span class='ocrx_word' id='word_1_9' title='bbox 589 521 644 577; x_wconf 82' lang='lat' dir='ltr'><strong>eet</strong></span> <span class='ocrx_word' id='word_1_10' title='bbox 657 505 852 602; x_wconf 76' lang='lat' dir='ltr'><strong>quiddam,</strong></span> <span class='ocrx_word' id='word_1_11' title='bbox 870 507 969 605; x_wconf 90' lang='lat' dir='ltr'><strong>quod</strong></span> <span class='ocrx_word' id='word_1_12' title='bbox 985 507 1097 578; x_wconf 84' lang='lat' dir='ltr'><strong>adme</strong></span> <span class='ocrx_word' id='word_1_13' title='bbox 1108 507 1304 605; x_wconf 79' lang='lat' dir='ltr'><strong>pertineat,</strong></span> 
     </span>
     <span class='ocr_line' id='line_1_3' title="bbox 238 614 1306 716; baseline -0.002 -28"><span class='ocrx_word' id='word_1_14' title='bbox 238 617 283 688; x_wconf 88' lang='lat' dir='ltr'><strong>de</strong></span> <span class='ocrx_word' id='word_1_15' title='bbox 298 641 373 713; x_wconf 88' lang='lat' dir='ltr'><strong>quo</strong></span> <span class='ocrx_word' id='word_1_16' title='bbox 388 629 471 687; x_wconf 82' lang='lat' dir='ltr'><strong>ante</strong></span> <span class='ocrx_word' id='word_1_17' title='bbox 492 614 581 704; x_wconf 86' lang='lat' dir='ltr'>dixi,</span> <span class='ocrx_word' id='word_1_18' title='bbox 605 617 706 714; x_wconf 92' lang='lat' dir='ltr'><strong>quod</strong></span> <span class='ocrx_word' id='word_1_19' title='bbox 720 641 788 716; x_wconf 86' lang='lat' dir='ltr'><strong>ego</strong></span> <span class='ocrx_word' id='word_1_20' title='bbox 810 618 948 715; x_wconf 90' lang='lat' dir='ltr'><strong>populo</strong></span> <span class='ocrx_word' id='word_1_21' title='bbox 970 642 1123 688; x_wconf 88' lang='lat' dir='ltr'><strong>romano</strong></span> <span class='ocrx_word' id='word_1_22' title='bbox 1137 631 1306 715; x_wconf 67' lang='lat' dir='ltr'><strong>prestare</strong></span> 
     </span>
     <span class='ocr_line' id='line_1_4' title="bbox 239 726 1305 822; baseline -0.003 -24"><span class='ocrx_word' id='word_1_23' title='bbox 239 727 409 814; x_wconf 83' lang='lat' dir='ltr'>debeam,</span> <span class='ocrx_word' id='word_1_24' title='bbox 433 727 607 822; x_wconf 81' lang='lat' dir='ltr'><strong>quoniam</strong></span> <span class='ocrx_word' id='word_1_25' title='bbox 627 729 656 796; x_wconf 87' lang='lat' dir='ltr'><strong>is</strong></span> <span class='ocrx_word' id='word_1_26' title='bbox 678 749 766 798; x_wconf 85' lang='lat' dir='ltr'><strong>meae</strong></span> <span class='ocrx_word' id='word_1_27' title='bbox 790 731 869 798; x_wconf 78' lang='lat' dir='ltr'><strong>vite</strong></span> <span class='ocrx_word' id='word_1_28' title='bbox 892 741 1006 800; x_wconf 72' lang='lat' dir='ltr'><strong>stetur</strong></span> <span class='ocrx_word' id='word_1_29' title='bbox 1026 742 1098 814; x_wconf 77' lang='lat' dir='ltr'><strong>eet,</strong></span> <span class='ocrx_word' id='word_1_30' title='bbox 1120 741 1163 797; x_wconf 90' lang='lat' dir='ltr'><strong>ut</strong></span> <span class='ocrx_word' id='word_1_31' title='bbox 1185 726 1305 796; x_wconf 87' lang='lat' dir='ltr'><strong>omnis</strong></span> 
     </span>
     <span class='ocr_line' id='line_1_5' title="bbox 237 834 1306 934; baseline -0.002 -27"><span class='ocrx_word' id='word_1_32' title='bbox 237 837 326 907; x_wconf 87' lang='lat' dir='ltr'><strong>mihi</strong></span> <span class='ocrx_word' id='word_1_33' title='bbox 340 859 426 907; x_wconf 83' lang='lat' dir='ltr'><strong>cura</strong></span> <span class='ocrx_word' id='word_1_34' title='bbox 449 849 556 932; x_wconf 84' lang='lat' dir='ltr'><strong>atque</strong></span> <span class='ocrx_word' id='word_1_35' title='bbox 570 859 680 934; x_wconf 85' lang='lat' dir='ltr'><strong>opera</strong></span> <span class='ocrx_word' id='word_1_36' title='bbox 696 840 814 934; x_wconf 77' lang='lat' dir='ltr'><strong>posita</strong></span> <span class='ocrx_word' id='word_1_37' title='bbox 832 837 880 909; x_wconf 85' lang='lat' dir='ltr'><strong>sit</strong></span> <span class='ocrx_word' id='word_1_38' title='bbox 898 839 937 910; x_wconf 92' lang='lat' dir='ltr'><strong>in</strong></span> <span class='ocrx_word' id='word_1_39' title='bbox 953 838 1119 907; x_wconf 86' lang='lat' dir='ltr'><strong>omnium</strong></span> <span class='ocrx_word' id='word_1_40' title='bbox 1133 834 1306 934; x_wconf 83' lang='lat' dir='ltr'><strong>periculis</strong></span> 
     </span>
     <span class='ocr_line' id='line_1_6' title="bbox 239 943 1307 1044; baseline -0.001 -28"><span class='ocrx_word' id='word_1_41' title='bbox 239 943 486 1016; x_wconf 78' lang='lat' dir='ltr'><strong>defendendis.</strong></span> <span class='ocrx_word' id='word_1_42' title='bbox 513 944 643 1032; x_wconf 83' lang='lat' dir='ltr'><strong>Video,</strong></span> <span class='ocrx_word' id='word_1_43' title='bbox 666 961 818 1042; x_wconf 77' lang='lat' dir='ltr'><strong>quanto,</strong></span> <span class='ocrx_word' id='word_1_44' title='bbox 841 961 878 1018; x_wconf 86' lang='lat' dir='ltr'><strong>et</strong></span> <span class='ocrx_word' id='word_1_45' title='bbox 902 967 1011 1044; x_wconf 82' lang='lat' dir='ltr'><strong>quarn</strong></span> <span class='ocrx_word' id='word_1_46' title='bbox 1031 947 1250 1044; x_wconf 86' lang='lat' dir='ltr'><strong>periculosa,</strong></span> <span class='ocrx_word' id='word_1_47' title='bbox 1269 959 1307 1017; x_wconf 87' lang='lat' dir='ltr'><strong>et</strong></span> 
     </span>
     <span class='ocr_line' id='line_1_7' title="bbox 239 1054 1305 1155; baseline -0.002 -27"><span class='ocrx_word' id='word_1_48' title='bbox 239 1079 348 1155; x_wconf 81' lang='lat' dir='ltr'><strong>quani</strong></span> <span class='ocrx_word' id='word_1_49' title='bbox 378 1054 519 1126; x_wconf 86' lang='lat' dir='ltr'><strong>infinita</strong></span> <span class='ocrx_word' id='word_1_50' title='bbox 549 1057 727 1152; x_wconf 81' lang='lat' dir='ltr'><strong>quaettio⁷</strong></span> <span class='ocrx_word' id='word_1_51' title='bbox 752 1069 913 1129; x_wconf 80' lang='lat' dir='ltr'><strong>tentetur</strong></span> <span class='ocrx_word' id='word_1_52' title='bbox 938 1057 983 1129; x_wconf 80' lang='lat' dir='ltr'><strong>ab</strong></span> <span class='ocrx_word' id='word_1_53' title='bbox 1013 1054 1305 1144; x_wconf 75' lang='lat' dir='ltr'><strong>accusatoribus,</strong></span> 
     </span>
     <span class='ocr_line' id='line_1_8' title="bbox 238 1167 1306 1264; baseline 0 -28"><span class='ocrx_word' id='word_1_54' title='bbox 238 1190 352 1264; x_wconf 87' lang='lat' dir='ltr'><strong>quum</strong></span> <span class='ocrx_word' id='word_1_55' title='bbox 371 1189 450 1238; x_wconf 84' lang='lat' dir='ltr'><strong>earn</strong></span> <span class='ocrx_word' id='word_1_56' title='bbox 471 1167 606 1263; x_wconf 83' lang='lat' dir='ltr'><strong>legem,</strong></span> <span class='ocrx_word' id='word_1_57' title='bbox 633 1191 713 1262; x_wconf 82' lang='lat' dir='ltr'><strong>quae</strong></span> <span class='ocrx_word' id='word_1_58' title='bbox 736 1170 774 1238; x_wconf 90' lang='lat' dir='ltr'><strong>in</strong></span> <span class='ocrx_word' id='word_1_59' title='bbox 797 1183 960 1240; x_wconf 79' lang='lat' dir='ltr'><strong>nostrum</strong></span> <span class='ocrx_word' id='word_1_60' title='bbox 984 1167 1153 1239; x_wconf 84' lang='lat' dir='ltr'><strong>ordinem</strong></span> <span class='ocrx_word' id='word_1_61' title='bbox 1172 1167 1306 1263; x_wconf 79' lang='lat' dir='ltr'><strong>scripta</strong></span> 
     </span>
     <span class='ocr_line' id='line_1_9' title="bbox 240 1277 1306 1375; baseline -0.002 -27"><span class='ocrx_word' id='word_1_62' title='bbox 240 1277 301 1363; x_wconf 82' lang='lat' dir='ltr'><strong>sit,</strong></span> <span class='ocrx_word' id='word_1_63' title='bbox 325 1278 362 1348; x_wconf 92' lang='lat' dir='ltr'><strong>in</strong></span> <span class='ocrx_word' id='word_1_64' title='bbox 383 1277 562 1375; x_wconf 86' lang='lat' dir='ltr'><strong>populum</strong></span> <span class='ocrx_word' id='word_1_65' title='bbox 581 1301 772 1348; x_wconf 82' lang='lat' dir='ltr'><strong>romanum</strong></span> <span class='ocrx_word' id='word_1_66' title='bbox 797 1277 991 1350; x_wconf 79' lang='lat' dir='ltr'><strong>transferre</strong></span> <span class='ocrx_word' id='word_1_67' title='bbox 1015 1293 1203 1350; x_wconf 87' lang='lat' dir='ltr'><strong>conentur.</strong></span> <span class='ocrx_word' id='word_1_68' title='bbox 1225 1281 1306 1369; x_wconf 81' lang='lat' dir='ltr'><strong>Qun</strong></span> 
     </span>
     <span class='ocr_line' id='line_1_10' title="bbox 237 1387 1308 1486; baseline 0.001 -31"><span class='ocrx_word' id='word_1_69' title='bbox 237 1387 273 1457; x_wconf 88' lang='lat' dir='ltr'><strong>in</strong></span> <span class='ocrx_word' id='word_1_70' title='bbox 291 1388 368 1485; x_wconf 78' lang='lat' dir='ltr'><strong>lege</strong></span> <span class='ocrx_word' id='word_1_71' title='bbox 389 1401 460 1474; x_wconf 83' lang='lat' dir='ltr'><strong>est,</strong></span> <span class='ocrx_word' id='word_1_72' title='bbox 478 1411 543 1472; x_wconf 81' lang='lat' dir='ltr'><strong>out</strong></span> <span class='ocrx_word' id='word_1_73' title='bbox 557 1411 746 1460; x_wconf 71' lang='lat' dir='ltr'><strong>cotem...</strong></span> <span class='ocrx_word' id='word_1_74' title='bbox 767 1387 867 1485; x_wconf 89' lang='lat' dir='ltr'><strong>quod</strong></span> <span class='ocrx_word' id='word_1_75' title='bbox 887 1411 996 1486; x_wconf 79' lang='lat' dir='ltr'><strong>quam</strong></span> <span class='ocrx_word' id='word_1_76' title='bbox 1015 1388 1086 1457; x_wconf 82' lang='lat' dir='ltr'><strong>lete</strong></span> <span class='ocrx_word' id='word_1_77' title='bbox 1103 1400 1243 1484; x_wconf 79' lang='lat' dir='ltr'><strong>pateat,</strong></span> <span class='ocrx_word' id='word_1_78' title='bbox 1259 1387 1308 1456; x_wconf 78' lang='lat' dir='ltr'><strong>vi·</strong></span> 
     </span>
    </p>
   </div>
   <div class='ocr_carea' id='block_1_3' title="bbox 120 1497 1304 1595">
    <p class='ocr_par' dir='ltr' id='par_1_3' title="bbox 120 1497 1304 1595">
     <span class='ocr_line' id='line_1_11' title="bbox 120 1497 1304 1595; baseline -0.003 -26"><span class='ocrx_word' id='word_1_79' title='bbox 120 1582 124 1590; x_wconf 75' lang='lat'><strong>,</strong></span> <span class='ocrx_word' id='word_1_80' title='bbox 236 1497 352 1569; x_wconf 82' lang='lat' dir='ltr'><strong>detis:</strong></span> <span class='ocrx_word' id='word_1_81' title='bbox 371 1519 634 1568; x_wconf 69' lang='lat' dir='ltr'><strong>contenente...</strong></span> <span class='ocrx_word' id='word_1_82' title='bbox 651 1522 753 1595; x_wconf 84' lang='lat' dir='ltr'><strong>aeque</strong></span> <span class='ocrx_word' id='word_1_83' title='bbox 772 1497 955 1570; x_wconf 84' lang='lat' dir='ltr'><strong>inlinitum</strong></span> <span class='ocrx_word' id='word_1_84' title='bbox 975 1512 1012 1568; x_wconf 88' lang='lat' dir='ltr'><strong>et</strong></span> <span class='ocrx_word' id='word_1_85' title='bbox 1025 1501 1207 1567; x_wconf 86' lang='lat' dir='ltr'><strong>incertum</strong></span> <span class='ocrx_word' id='word_1_86' title='bbox 1227 1509 1304 1566; x_wconf 82' lang='lat' dir='ltr'><strong>eet:</strong></span> 
     </span>
    </p>
   </div>
   <div class='ocr_carea' id='block_1_4' title="bbox 162 1605 1309 3124">
    <p class='ocr_par' dir='ltr' id='par_1_4' title="bbox 162 1605 1309 3124">
     <span class='ocr_line' id='line_1_12' title="bbox 238 1605 1306 1705; baseline -0.003 -27"><span class='ocrx_word' id='word_1_87' title='bbox 238 1629 523 1680; x_wconf 73' lang='lat' dir='ltr'><strong>consererem...</strong></span> <span class='ocrx_word' id='word_1_88' title='bbox 538 1606 608 1680; x_wconf 88' lang='lat' dir='ltr'><strong>hoc</strong></span> <span class='ocrx_word' id='word_1_89' title='bbox 622 1633 710 1680; x_wconf 85' lang='lat' dir='ltr'><strong>vero</strong></span> <span class='ocrx_word' id='word_1_90' title='bbox 725 1631 840 1705; x_wconf 89' lang='lat' dir='ltr'><strong>quum</strong></span> <span class='ocrx_word' id='word_1_91' title='bbox 856 1612 1036 1681; x_wconf 86' lang='lat' dir='ltr'><strong>incertum</strong></span> <span class='ocrx_word' id='word_1_92' title='bbox 1051 1621 1088 1677; x_wconf 85' lang='lat' dir='ltr'><strong>et</strong></span> <span class='ocrx_word' id='word_1_93' title='bbox 1104 1605 1306 1692; x_wconf 83' lang='lat' dir='ltr'><strong>infinitum,</strong></span> 
     </span>
     <span class='ocr_line' id='line_1_13' title="bbox 162 1715 1306 1792; baseline 0.002 -4"><span class='ocrx_word' id='word_1_94' title='bbox 162 1729 168 1746; x_wconf 76' lang='grc'><strong>“</strong></span> <span class='ocrx_word' id='word_1_95' title='bbox 237 1731 315 1788; x_wconf 87' lang='lat' dir='ltr'><strong>tum</strong></span> <span class='ocrx_word' id='word_1_96' title='bbox 334 1715 529 1790; x_wconf 71' lang='lat' dir='ltr'><strong>obscenum</strong></span> <span class='ocrx_word' id='word_1_97' title='bbox 550 1734 586 1790; x_wconf 89' lang='lat' dir='ltr'><strong>et</strong></span> <span class='ocrx_word' id='word_1_98' title='bbox 608 1720 791 1791; x_wconf 84' lang='lat' dir='ltr'><strong>occultum</strong></span> <span class='ocrx_word' id='word_1_99' title='bbox 814 1737 870 1792; x_wconf 81' lang='lat' dir='ltr'><strong>eet</strong></span> <span class='ocrx_word' id='word_1_100' title='bbox 892 1747 900 1789; x_wconf 94' lang='lat'><strong>:</strong></span> <span class='ocrx_word' id='word_1_101' title='bbox 928 1740 1112 1792; x_wconf 65' lang='lat' dir='ltr'><strong>remotive</strong></span> <span class='ocrx_word' id='word_1_102' title='bbox 1133 1739 1306 1790; x_wconf 78' lang='lat' dir='ltr'><strong>rrermo-</strong></span> 
     </span>
     <span class='ocr_line' id='line_1_14' title="bbox 237 1828 1306 1926; baseline 0 -28"><span class='ocrx_word' id='word_1_103' title='bbox 237 1851 334 1898; x_wconf 79' lang='lat' dir='ltr'><strong>niort</strong></span> <span class='ocrx_word' id='word_1_104' title='bbox 355 1851 548 1900; x_wconf 65' lang='lat' dir='ltr'><strong>niuniu...</strong></span> <span class='ocrx_word' id='word_1_105' title='bbox 573 1832 655 1924; x_wconf 83' lang='lat' dir='ltr'><strong>quis</strong></span> <span class='ocrx_word' id='word_1_106' title='bbox 678 1829 725 1899; x_wconf 89' lang='lat' dir='ltr'><strong>de</strong></span> <span class='ocrx_word' id='word_1_107' title='bbox 748 1828 856 1926; x_wconf 81' lang='lat' dir='ltr'><strong>plebe</strong></span> <span class='ocrx_word' id='word_1_108' title='bbox 881 1849 1032 1900; x_wconf 78' lang='lat' dir='ltr'><strong>romana</strong></span> <span class='ocrx_word' id='word_1_109' title='bbox 1057 1829 1306 1898; x_wconf 84' lang='lat' dir='ltr'><strong>testimonium</strong></span> 
     </span>
     <span class='ocr_line' id='line_1_15' title="bbox 237 1935 1306 2035; baseline 0.002 -29"><span class='ocrx_word' id='word_1_110' title='bbox 237 1935 328 2006; x_wconf 80' lang='lat' dir='ltr'><strong>dixit</strong></span> <span class='ocrx_word' id='word_1_111' title='bbox 349 1954 541 2032; x_wconf 85' lang='lat' dir='ltr'><strong>umquam,</strong></span> <span class='ocrx_word' id='word_1_112' title='bbox 562 1938 714 2008; x_wconf 81' lang='lat' dir='ltr'><strong>coinon</strong></span> <span class='ocrx_word' id='word_1_113' title='bbox 734 1937 805 2008; x_wconf 86' lang='lat' dir='ltr'><strong>hoc</strong></span> <span class='ocrx_word' id='word_1_114' title='bbox 829 1937 1049 2035; x_wconf 87' lang='lat' dir='ltr'><strong>periculum,</strong></span> <span class='ocrx_word' id='word_1_115' title='bbox 1066 1942 1104 2008; x_wconf 67' lang='lat'><strong>1³.</strong></span> <span class='ocrx_word' id='word_1_116' title='bbox 1123 1939 1221 2008; x_wconf 82' lang='lat' dir='ltr'><strong>Attio</strong></span> <span class='ocrx_word' id='word_1_117' title='bbox 1241 1963 1306 2009; x_wconf 78' lang='lat' dir='ltr'><strong>uri·</strong></span> 
     </span>
     <span class='ocr_line' id='line_1_16' title="bbox 238 2045 1306 2145; baseline 0.004 -29"><span class='ocrx_word' id='word_1_118' title='bbox 238 2058 355 2130; x_wconf 85' lang='lat' dir='ltr'><strong>ctore,</strong></span> <span class='ocrx_word' id='word_1_119' title='bbox 371 2059 537 2143; x_wconf 71' lang='lat' dir='ltr'><strong>perunum</strong></span> <span class='ocrx_word' id='word_1_120' title='bbox 553 2071 631 2116; x_wconf 79' lang='lat' dir='ltr'><strong>esse</strong></span> <span class='ocrx_word' id='word_1_121' title='bbox 647 2047 819 2128; x_wconf 79' lang='lat' dir='ltr'><strong>videatis?</strong></span> <span class='ocrx_word' id='word_1_122' title='bbox 835 2073 919 2118; x_wconf 82' lang='lat' dir='ltr'><strong>nem</strong></span> <span class='ocrx_word' id='word_1_123' title='bbox 933 2047 1117 2120; x_wconf 83' lang='lat' dir='ltr'><strong>dicturum</strong></span> <span class='ocrx_word' id='word_1_124' title='bbox 1128 2045 1144 2091; x_wconf 80' lang='lat'><strong>⁸</strong></span> <span class='ocrx_word' id='word_1_125' title='bbox 1156 2047 1306 2145; x_wconf 84' lang='lat' dir='ltr'><strong>quidem</strong></span> 
     </span>
     <span class='ocr_line' id='line_1_17' title="bbox 238 2155 1306 2255; baseline 0.001 -27"><span class='ocrx_word' id='word_1_126' title='bbox 238 2170 354 2244; x_wconf 84' lang='lat' dir='ltr'><strong>certe,</strong></span> <span class='ocrx_word' id='word_1_127' title='bbox 376 2157 406 2226; x_wconf 81' lang='lat' dir='ltr'><strong>ei</strong></span> <span class='ocrx_word' id='word_1_128' title='bbox 422 2155 493 2228; x_wconf 91' lang='lat' dir='ltr'><strong>hoc</strong></span> <span class='ocrx_word' id='word_1_129' title='bbox 508 2155 686 2250; x_wconf 87' lang='lat' dir='ltr'><strong>judicium</strong></span> <span class='ocrx_word' id='word_1_130' title='bbox 706 2157 804 2254; x_wconf 87' lang='lat' dir='ltr'><strong>plebi</strong></span> <span class='ocrx_word' id='word_1_131' title='bbox 825 2181 984 2230; x_wconf 71' lang='lat' dir='ltr'><strong>romane</strong></span> <span class='ocrx_word' id='word_1_132' title='bbox 999 2160 1227 2255; x_wconf 80' lang='lat' dir='ltr'><strong>propositum</strong></span> <span class='ocrx_word' id='word_1_133' title='bbox 1242 2160 1306 2246; x_wconf 84' lang='lat' dir='ltr'><strong>sit,</strong></span> 
     </span>
     <span class='ocr_line' id='line_1_18' title="bbox 237 2266 1308 2364; baseline 0 -26"><span class='ocrx_word' id='word_1_134' title='bbox 237 2268 421 2338; x_wconf 86' lang='lat' dir='ltr'><strong>neminem</strong></span> <span class='ocrx_word' id='word_1_135' title='bbox 445 2290 615 2364; x_wconf 80' lang='lat' dir='ltr'><strong>umquam</strong></span> <span class='ocrx_word' id='word_1_136' title='bbox 639 2291 717 2339; x_wconf 88' lang='lat' dir='ltr'><strong>esse</strong></span> <span class='ocrx_word' id='word_1_137' title='bbox 739 2266 927 2340; x_wconf 83' lang='lat' dir='ltr'><strong>confirmo.</strong></span> <span class='ocrx_word' id='word_1_138' title='bbox 950 2267 1020 2338; x_wconf 86' lang='lat' dir='ltr'><strong>Sed</strong></span> <span class='ocrx_word' id='word_1_139' title='bbox 1041 2267 1111 2338; x_wconf 89' lang='lat' dir='ltr'><strong>hoc</strong></span> <span class='ocrx_word' id='word_1_140' title='bbox 1130 2268 1308 2364; x_wconf 88' lang='lat' dir='ltr'><strong>polliceor</strong></span> 
     </span>
     <span class='ocr_line' id='line_1_19' title="bbox 237 2375 1306 2476; baseline 0.003 -28"><span class='ocrx_word' id='word_1_141' title='bbox 237 2376 424 2464; x_wconf 79' lang='lat' dir='ltr'><strong>omnibus,</strong></span> <span class='ocrx_word' id='word_1_142' title='bbox 443 2381 472 2447; x_wconf 86' lang='lat' dir='ltr'><strong>si</strong></span> <span class='ocrx_word' id='word_1_143' title='bbox 493 2379 552 2448; x_wconf 89' lang='lat' dir='ltr'><strong>oui</strong></span> <span class='ocrx_word' id='word_1_144' title='bbox 574 2375 668 2449; x_wconf 79' lang='lat' dir='ltr'><strong>forte</strong></span> <span class='ocrx_word' id='word_1_145' title='bbox 689 2378 758 2450; x_wconf 84' lang='lat' dir='ltr'><strong>hac</strong></span> <span class='ocrx_word' id='word_1_146' title='bbox 780 2377 858 2475; x_wconf 80' lang='lat' dir='ltr'><strong>lege</strong></span> <span class='ocrx_word' id='word_1_147' title='bbox 884 2381 1072 2476; x_wconf 79' lang='lat' dir='ltr'><strong>negotium</strong></span> <span class='ocrx_word' id='word_1_148' title='bbox 1093 2375 1306 2470; x_wconf 68' lang='lat' dir='ltr'><strong>facessetur,</strong></span> 
     </span>
     <span class='ocr_line' id='line_1_20' title="bbox 236 2485 1307 2583; baseline 0.006 -29"><span class='ocrx_word' id='word_1_149' title='bbox 236 2486 300 2582; x_wconf 88' lang='lat' dir='ltr'><strong>qui</strong></span> <span class='ocrx_word' id='word_1_150' title='bbox 319 2487 397 2583; x_wconf 81' lang='lat' dir='ltr'><strong>lege</strong></span> <span class='ocrx_word' id='word_1_151' title='bbox 416 2511 491 2556; x_wconf 89' lang='lat' dir='ltr'><strong>non</strong></span> <span class='ocrx_word' id='word_1_152' title='bbox 512 2502 696 2574; x_wconf 84' lang='lat' dir='ltr'><strong>teneatur,</strong></span> <span class='ocrx_word' id='word_1_153' title='bbox 718 2491 748 2558; x_wconf 82' lang='lat' dir='ltr'><strong>si</strong></span> <span class='ocrx_word' id='word_1_154' title='bbox 770 2493 799 2558; x_wconf 87' lang='lat' dir='ltr'><strong>is</strong></span> <span class='ocrx_word' id='word_1_155' title='bbox 818 2491 873 2559; x_wconf 86' lang='lat' dir='ltr'><strong>uti</strong></span> <span class='ocrx_word' id='word_1_156' title='bbox 895 2511 952 2560; x_wconf 81' lang='lat' dir='ltr'><strong>nte</strong></span> <span class='ocrx_word' id='word_1_157' title='bbox 971 2485 1164 2560; x_wconf 76' lang='lat' dir='ltr'><strong>defensore</strong></span> <span class='ocrx_word' id='word_1_158' title='bbox 1183 2488 1307 2560; x_wconf 84' lang='lat' dir='ltr'><strong>volue-</strong></span> 
     </span>
     <span class='ocr_line' id='line_1_21' title="bbox 234 2597 1307 2696; baseline 0.007 -32"><span class='ocrx_word' id='word_1_159' title='bbox 234 2597 297 2682; x_wconf 86' lang='lat' dir='ltr'><strong>rit,</strong></span> <span class='ocrx_word' id='word_1_160' title='bbox 315 2619 373 2666; x_wconf 89' lang='lat' dir='ltr'><strong>me</strong></span> <span class='ocrx_word' id='word_1_161' title='bbox 388 2597 463 2690; x_wconf 87' lang='lat' dir='ltr'><strong>ejus</strong></span> <span class='ocrx_word' id='word_1_162' title='bbox 479 2621 623 2670; x_wconf 57' lang='lat' dir='ltr'><strong>cauum</strong></span> <span class='ocrx_word' id='word_1_163' title='bbox 642 2599 729 2695; x_wconf 82' lang='lat' dir='ltr'><strong>legis</strong></span> <span class='ocrx_word' id='word_1_164' title='bbox 743 2599 909 2696; x_wconf 65' lang='lat' dir='ltr'><strong>pu&#39;eeidio</strong></span> <span class='ocrx_word' id='word_1_165' title='bbox 924 2597 1179 2684; x_wconf 68' lang='lat' dir='ltr'><strong>defensurum</strong></span> <span class='ocrx_word' id='word_1_166' title='bbox 1199 2617 1237 2672; x_wconf 87' lang='lat' dir='ltr'><strong>et</strong></span> <span class='ocrx_word' id='word_1_167' title='bbox 1250 2601 1307 2672; x_wconf 78' lang='lat' dir='ltr'><strong>rel</strong></span> 
     </span>
     <span class='ocr_line' id='line_1_22' title="bbox 235 2703 1309 2811; baseline 0.012 -37"><span class='ocrx_word' id='word_1_168' title='bbox 235 2704 290 2774; x_wconf 82' lang='lat' dir='ltr'><strong>his</strong></span> <span class='ocrx_word' id='word_1_169' title='bbox 313 2703 510 2800; x_wconf 86' lang='lat' dir='ltr'><strong>judicibus,</strong></span> <span class='ocrx_word' id='word_1_170' title='bbox 541 2711 598 2782; x_wconf 90' lang='lat' dir='ltr'><strong>vel</strong></span> <span class='ocrx_word' id='word_1_171' title='bbox 626 2733 753 2782; x_wconf 83' lang='lat' dir='ltr'><strong>eorum</strong></span> <span class='ocrx_word' id='word_1_172' title='bbox 774 2711 971 2802; x_wconf 78' lang='lat' dir='ltr'><strong>similibus,</strong></span> <span class='ocrx_word' id='word_1_173' title='bbox 999 2709 1102 2783; x_wconf 84' lang='lat' dir='ltr'><strong>facile</strong></span> <span class='ocrx_word' id='word_1_174' title='bbox 1131 2711 1309 2811; x_wconf 78' lang='lat' dir='ltr'><strong>probetu-</strong></span> 
     </span>
     <span class='ocr_line' id='line_1_23' title="bbox 233 2819 1307 2922; baseline 0.009 -36"><span class='ocrx_word' id='word_1_175' title='bbox 233 2841 315 2886; x_wconf 87' lang='lat' dir='ltr'><strong>rum</strong></span> <span class='ocrx_word' id='word_1_176' title='bbox 330 2827 358 2902; x_wconf 80' lang='lat'><strong>9,</strong></span> <span class='ocrx_word' id='word_1_177' title='bbox 375 2833 413 2889; x_wconf 82' lang='lat' dir='ltr'><strong>et</strong></span> <span class='ocrx_word' id='word_1_178' title='bbox 430 2823 529 2892; x_wconf 83' lang='lat' dir='ltr'><strong>omni</strong></span> <span class='ocrx_word' id='word_1_179' title='bbox 544 2844 602 2892; x_wconf 84' lang='lat' dir='ltr'><strong>me</strong></span> <span class='ocrx_word' id='word_1_180' title='bbox 621 2819 835 2894; x_wconf 70' lang='lat' dir='ltr'><strong>defensione¹</strong></span> <span class='ocrx_word' id='word_1_181' title='bbox 847 2843 1001 2894; x_wconf 85' lang='lat' dir='ltr'><strong>usurum</strong></span> <span class='ocrx_word' id='word_1_182' title='bbox 1016 2847 1093 2895; x_wconf 84' lang='lat' dir='ltr'><strong>esse</strong></span> <span class='ocrx_word' id='word_1_183' title='bbox 1108 2823 1217 2920; x_wconf 79' lang='lat' dir='ltr'><strong>legis3</strong></span> <span class='ocrx_word' id='word_1_184' title='bbox 1233 2849 1307 2922; x_wconf 81' lang='lat' dir='ltr'><strong>qua</strong></span> 
     </span>
     <span class='ocr_line' id='line_1_24' title="bbox 234 2930 1308 3036; baseline 0.011 -40"><span class='ocrx_word' id='word_1_185' title='bbox 234 2950 334 2997; x_wconf 91' lang='lat' dir='ltr'><strong>nunc</strong></span> <span class='ocrx_word' id='word_1_186' title='bbox 353 2943 392 2998; x_wconf 87' lang='lat' dir='ltr'><strong>ut</strong></span> <span class='ocrx_word' id='word_1_187' title='bbox 413 2944 512 3017; x_wconf 85' lang='lat' dir='ltr'><strong>utar,</strong></span> <span class='ocrx_word' id='word_1_188' title='bbox 535 2930 581 3002; x_wconf 85' lang='lat' dir='ltr'><strong>ab</strong></span> <span class='ocrx_word' id='word_1_189' title='bbox 601 2956 660 3017; x_wconf 92' lang='lat' dir='ltr'><strong>eo,</strong></span> <span class='ocrx_word' id='word_1_190' title='bbox 683 2933 788 3027; x_wconf 87' lang='lat' dir='ltr'><strong>cujus</strong></span> <span class='ocrx_word' id='word_1_191' title='bbox 808 2935 984 3005; x_wconf 84' lang='lat' dir='ltr'><strong>voluntati</strong></span> <span class='ocrx_word' id='word_1_192' title='bbox 1008 2934 1097 3004; x_wconf 90' lang='lat' dir='ltr'><strong>mihi</strong></span> <span class='ocrx_word' id='word_1_193' title='bbox 1119 2934 1308 3036; x_wconf 83' lang='lat' dir='ltr'><strong>obtempe-</strong></span> 
     </span>
     <span class='ocr_line' id='line_1_25' title="bbox 235 3037 866 3124; baseline 0.014 -17"><span class='ocrx_word' id='word_1_194' title='bbox 235 3037 391 3110; x_wconf 85' lang='lat' dir='ltr'><strong>randum</strong></span> <span class='ocrx_word' id='word_1_195' title='bbox 413 3055 483 3124; x_wconf 87' lang='lat' dir='ltr'><strong>est,</strong></span> <span class='ocrx_word' id='word_1_196' title='bbox 497 3066 573 3112; x_wconf 91' lang='lat' dir='ltr'><strong>non</strong></span> <span class='ocrx_word' id='word_1_197' title='bbox 592 3038 805 3114; x_wconf 88' lang='lat' dir='ltr'><strong>conceditur</strong></span> <span class='ocrx_word' id='word_1_198' title='bbox 822 3055 866 3116; x_wconf 87' lang='lat'><strong>¹⁰.</strong></span> 
     </span>
    </p>
   </div>
   <div class='ocr_carea' id='block_1_5' title="bbox 232 3169 1308 4191">
    <p class='ocr_par' dir='ltr' id='par_1_5' title="bbox 232 3169 1308 3638">
     <span class='ocr_line' id='line_1_26' title="bbox 268 3169 1306 3240; baseline 0.009 -22"><span class='ocrx_word' id='word_1_199' title='bbox 268 3169 293 3218; x_wconf 77' lang='grc'><strong>6.</strong></span> <span class='ocrx_word' id='word_1_200' title='bbox 312 3171 426 3218; x_wconf 82' lang='lat' dir='ltr'><strong>Proeeidii</strong></span> <span class='ocrx_word' id='word_1_201' title='bbox 440 3170 603 3236; x_wconf 73' lang='lat' dir='ltr'><strong>nidilfin&#39;eee.</strong></span> <span class='ocrx_word' id='word_1_202' title='bbox 621 3178 656 3222; x_wconf 76' lang='lat' dir='ltr'><strong>lte</strong></span> <span class='ocrx_word' id='word_1_203' title='bbox 676 3175 746 3224; x_wconf 87' lang='lat' dir='ltr'><strong>vide·</strong></span> <span class='ocrx_word' id='word_1_204' title='bbox 825 3193 848 3240; x_wconf 87' lang='lat'><strong>9.</strong></span> <span class='ocrx_word' id='word_1_205' title='bbox 859 3178 1031 3225; x_wconf 71' lang='lat' dir='ltr'><strong>Pmbautrum.</strong></span> <span class='ocrx_word' id='word_1_206' title='bbox 1042 3177 1121 3226; x_wconf 69' lang='lat' dir='ltr'><strong>cee-</strong></span> <span class='ocrx_word' id='word_1_207' title='bbox 1130 3178 1306 3228; x_wconf 73' lang='lat' dir='ltr'><strong>merlotum.</strong></span> 
     </span>
     <span class='ocr_line' id='line_1_27' title="bbox 232 3249 1307 3321; baseline 0.007 -25"><span class='ocrx_word' id='word_1_208' title='bbox 232 3249 325 3296; x_wconf 75' lang='lat' dir='ltr'><strong>buntur</strong></span> <span class='ocrx_word' id='word_1_209' title='bbox 334 3251 426 3314; x_wconf 72' lang='lat' dir='ltr'><strong>equitet</strong></span> <span class='ocrx_word' id='word_1_210' title='bbox 436 3251 482 3302; x_wconf 78' lang='lat' dir='ltr'><strong>heo</strong></span> <span class='ocrx_word' id='word_1_211' title='bbox 494 3253 546 3318; x_wconf 69' lang='lat' dir='ltr'><strong>lege</strong></span> <span class='ocrx_word' id='word_1_212' title='bbox 558 3269 644 3302; x_wconf 73' lang='lat' dir='ltr'><strong>omnes</strong></span> <span class='ocrx_word' id='word_1_213' title='bbox 653 3255 745 3312; x_wconf 84' lang='lat' dir='ltr'><strong>teneri,</strong></span> <span class='ocrx_word' id='word_1_214' title='bbox 830 3271 867 3304; x_wconf 85' lang='grc' dir='ltr'><strong>ιο.</strong></span> <span class='ocrx_word' id='word_1_215' title='bbox 882 3259 938 3306; x_wconf 72' lang='lat' dir='ltr'><strong>non</strong></span> <span class='ocrx_word' id='word_1_216' title='bbox 951 3256 1101 3306; x_wconf 76' lang='lat' dir='ltr'><strong>conceditur.</strong></span> <span class='ocrx_word' id='word_1_217' title='bbox 1116 3259 1171 3304; x_wconf 84' lang='lat' dir='ltr'><strong>lloe</strong></span> <span class='ocrx_word' id='word_1_218' title='bbox 1184 3257 1267 3321; x_wconf 77' lang='lat' dir='ltr'><strong>cupite</strong></span> <span class='ocrx_word' id='word_1_219' title='bbox 1276 3269 1307 3304; x_wconf 85' lang='lat' dir='ltr'><strong>ee</strong></span> 
     </span>
     <span class='ocr_line' id='line_1_28' title="bbox 232 3329 1306 3402; baseline 0.009 -28"><span class='ocrx_word' id='word_1_220' title='bbox 232 3336 257 3375; x_wconf 86' lang='lat' dir='ltr'><strong>et</strong></span> <span class='ocrx_word' id='word_1_221' title='bbox 267 3329 287 3374; x_wconf 73' lang='lat' dir='ltr'><strong>st</strong></span> <span class='ocrx_word' id='word_1_222' title='bbox 296 3331 401 3378; x_wconf 75' lang='lat' dir='ltr'><strong>recutiti</strong></span> <span class='ocrx_word' id='word_1_223' title='bbox 411 3332 746 3400; x_wconf 67' lang='lat' dir='ltr'><strong>luerint‚delendieotopon</strong></span> <span class='ocrx_word' id='word_1_224' title='bbox 789 3337 900 3399; x_wconf 76' lang='lat' dir='ltr'><strong>sequenti</strong></span> <span class='ocrx_word' id='word_1_225' title='bbox 915 3347 965 3385; x_wconf 78' lang='lat' dir='ltr'><strong>totu</strong></span> <span class='ocrx_word' id='word_1_226' title='bbox 980 3337 1116 3402; x_wconf 75' lang='lat' dir='ltr'><strong>diepuutle</strong></span> <span class='ocrx_word' id='word_1_227' title='bbox 1129 3337 1306 3386; x_wconf 85' lang='lat' dir='ltr'><strong>eoneludltnr:</strong></span> 
     </span>
     <span class='ocr_line' id='line_1_29' title="bbox 233 3406 1306 3485; baseline 0.011 -32"><span class='ocrx_word' id='word_1_228' title='bbox 233 3406 295 3455; x_wconf 75' lang='lat' dir='ltr'><strong>tebit</strong></span> <span class='ocrx_word' id='word_1_229' title='bbox 304 3423 355 3456; x_wconf 82' lang='lat' dir='ltr'><strong>nou</strong></span> <span class='ocrx_word' id='word_1_230' title='bbox 362 3411 488 3475; x_wconf 59' lang='lat' dir='ltr'><strong>inuelem</strong></span> <span class='ocrx_word' id='word_1_231' title='bbox 499 3415 596 3476; x_wconf 75' lang='lat' dir='ltr'><strong>quodni</strong></span> <span class='ocrx_word' id='word_1_232' title='bbox 606 3415 745 3477; x_wconf 76' lang='lat' dir='ltr'><strong>permirtum</strong></span> <span class='ocrx_word' id='word_1_233' title='bbox 789 3427 917 3479; x_wconf 77' lang='lat' dir='ltr'><strong>postquem</strong></span> <span class='ocrx_word' id='word_1_234' title='bbox 924 3427 1008 3464; x_wconf 72' lang='lat' dir='ltr'><strong>orator</strong></span> <span class='ocrx_word' id='word_1_235' title='bbox 1013 3415 1109 3485; x_wconf 75' lang='lat' dir='ltr'><strong>judice·</strong></span> <span class='ocrx_word' id='word_1_236' title='bbox 1117 3417 1306 3465; x_wconf 77' lang='lat' dir='ltr'><strong>monulteomnr</strong></span> 
     </span>
     <span class='ocr_line' id='line_1_30' title="bbox 234 3487 1306 3560; baseline 0.009 -26"><span class='ocrx_word' id='word_1_237' title='bbox 234 3487 327 3551; x_wconf 74' lang='lat' dir='ltr'><strong>populo</strong></span> <span class='ocrx_word' id='word_1_238' title='bbox 341 3503 403 3538; x_wconf 82' lang='lat' dir='ltr'><strong>rom.</strong></span> <span class='ocrx_word' id='word_1_239' title='bbox 420 3505 472 3538; x_wconf 86' lang='lat' dir='ltr'><strong>uon</strong></span> <span class='ocrx_word' id='word_1_240' title='bbox 486 3492 513 3538; x_wconf 82' lang='lat' dir='ltr'><strong>id</strong></span> <span class='ocrx_word' id='word_1_241' title='bbox 531 3487 658 3557; x_wconf 73' lang='lat' dir='ltr'><strong>proeeteiu,</strong></span> <span class='ocrx_word' id='word_1_242' title='bbox 675 3492 745 3556; x_wconf 81' lang='lat' dir='ltr'><strong>qnod</strong></span> <span class='ocrx_word' id='word_1_243' title='bbox 790 3496 1306 3560; x_wconf 72' lang='lat' dir='ltr'><strong>metedioetmdlteelegee,eepopulljute,</strong></span> 
     </span>
     <span class='ocr_line' id='line_1_31' title="bbox 235 3565 1308 3638; baseline 0.006 -21"><span class='ocrx_word' id='word_1_244' title='bbox 235 3565 322 3617; x_wconf 75' lang='lat' dir='ltr'><strong>debeo.</strong></span> <span class='ocrx_word' id='word_1_245' title='bbox 790 3584 815 3621; x_wconf 82' lang='lat' dir='ltr'><strong>et</strong></span> <span class='ocrx_word' id='word_1_246' title='bbox 831 3588 898 3622; x_wconf 79' lang='lat' dir='ltr'><strong>verre</strong></span> <span class='ocrx_word' id='word_1_247' title='bbox 915 3589 999 3622; x_wconf 72' lang='lat' dir='ltr'><strong>eornm</strong></span> <span class='ocrx_word' id='word_1_248' title='bbox 1024 3575 1070 3623; x_wconf 82' lang='lat' dir='ltr'><strong>hee</strong></span> <span class='ocrx_word' id='word_1_249' title='bbox 1091 3577 1118 3622; x_wconf 85' lang='lat' dir='ltr'><strong>in</strong></span> <span class='ocrx_word' id='word_1_250' title='bbox 1136 3589 1208 3623; x_wconf 76' lang='lat' dir='ltr'><strong>ceree</strong></span> <span class='ocrx_word' id='word_1_251' title='bbox 1227 3587 1308 3638; x_wconf 78' lang='lat' dir='ltr'><strong>pertee</strong></span> 
     </span>
    </p>

    <p class='ocr_par' dir='ltr' id='par_1_6' title="bbox 235 3649 1308 4033">
     <span class='ocr_line' id='line_1_32' title="bbox 273 3649 1308 3717; baseline 0.01 -25"><span class='ocrx_word' id='word_1_252' title='bbox 273 3659 296 3706; x_wconf 67' lang='grc' dir='ltr'><strong>ς.</strong></span> <span class='ocrx_word' id='word_1_253' title='bbox 317 3649 396 3712; x_wconf 78' lang='lat' dir='ltr'><strong>Quam</strong></span> <span class='ocrx_word' id='word_1_254' title='bbox 413 3649 510 3717; x_wconf 81' lang='lat' dir='ltr'><strong>infinita</strong></span> <span class='ocrx_word' id='word_1_255' title='bbox 532 3650 644 3714; x_wconf 63' lang='lat' dir='ltr'><strong>quaestio.</strong></span> <span class='ocrx_word' id='word_1_256' title='bbox 664 3654 746 3714; x_wconf 84' lang='lat' dir='ltr'><strong>Quem</strong></span> <span class='ocrx_word' id='word_1_257' title='bbox 791 3651 898 3712; x_wconf 79' lang='lat' dir='ltr'><strong>definiit,</strong></span> <span class='ocrx_word' id='word_1_258' title='bbox 906 3655 955 3713; x_wconf 76' lang='lat' dir='ltr'><strong>iun</strong></span> <span class='ocrx_word' id='word_1_259' title='bbox 965 3654 1107 3704; x_wconf 79' lang='lat' dir='ltr'><strong>Cluentium</strong></span> <span class='ocrx_word' id='word_1_260' title='bbox 1116 3655 1257 3702; x_wconf 85' lang='lat' dir='ltr'><strong>ebeelutent</strong></span> <span class='ocrx_word' id='word_1_261' title='bbox 1268 3654 1308 3712; x_wconf 88' lang='lat' dir='ltr'><strong>lri,</strong></span> 
     </span>
     <span class='ocr_line' id='line_1_33' title="bbox 235 3723 1305 3796; baseline 0.008 -26"><span class='ocrx_word' id='word_1_262' title='bbox 235 3723 748 3792; x_wconf 70' lang='lat' dir='ltr'><strong>beelegeminterpteteri,etquuminlinite</strong></span> <span class='ocrx_word' id='word_1_263' title='bbox 791 3731 833 3778; x_wconf 73' lang='lat' dir='ltr'><strong>ned</strong></span> <span class='ocrx_word' id='word_1_264' title='bbox 856 3743 957 3796; x_wconf 81' lang='lat' dir='ltr'><strong>propter</strong></span> <span class='ocrx_word' id='word_1_265' title='bbox 979 3735 1158 3794; x_wconf 72' lang='lat' dir='ltr'><strong>innocentium,</strong></span> <span class='ocrx_word' id='word_1_266' title='bbox 1180 3727 1305 3791; x_wconf 81' lang='lat' dir='ltr'><strong>deelen&#39;t,</strong></span> 
     </span>
     <span class='ocr_line' id='line_1_34' title="bbox 236 3807 1306 3878; baseline 0.008 -29"><span class='ocrx_word' id='word_1_267' title='bbox 236 3817 361 3852; x_wconf 69' lang='lat' dir='ltr'><strong>emam</strong></span> <span class='ocrx_word' id='word_1_268' title='bbox 378 3807 405 3853; x_wconf 83' lang='lat' dir='ltr'><strong>id</strong></span> <span class='ocrx_word' id='word_1_269' title='bbox 424 3821 500 3871; x_wconf 75' lang='lat' dir='ltr'><strong>genu·</strong></span> <span class='ocrx_word' id='word_1_270' title='bbox 517 3808 654 3870; x_wconf 74' lang='lat' dir='ltr'><strong>producere</strong></span> <span class='ocrx_word' id='word_1_271' title='bbox 673 3810 748 3858; x_wconf 77' lang='lat' dir='ltr'><strong>velint</strong></span> <span class='ocrx_word' id='word_1_272' title='bbox 792 3810 850 3858; x_wconf 84' lang='lat' dir='ltr'><strong>dem</strong></span> <span class='ocrx_word' id='word_1_273' title='bbox 863 3824 911 3858; x_wconf 81' lang='lat' dir='ltr'><strong>une</strong></span> <span class='ocrx_word' id='word_1_274' title='bbox 924 3811 977 3876; x_wconf 80' lang='lat' dir='ltr'><strong>iper</strong></span> <span class='ocrx_word' id='word_1_275' title='bbox 990 3814 1051 3877; x_wconf 77' lang='lat' dir='ltr'><strong>legis</strong></span> <span class='ocrx_word' id='word_1_276' title='bbox 1064 3815 1210 3878; x_wconf 77' lang='lat' dir='ltr'><strong>exceptione</strong></span> <span class='ocrx_word' id='word_1_277' title='bbox 1224 3811 1306 3859; x_wconf 72' lang='lat' dir='ltr'><strong>:beol-</strong></span> 
     </span>
     <span class='ocr_line' id='line_1_35' title="bbox 237 3883 1308 3955; baseline 0.008 -27"><span class='ocrx_word' id='word_1_278' title='bbox 237 3887 665 3951; x_wconf 76' lang='lat' dir='ltr'><strong>eecueetoree;quumlegieobeoute</strong></span> <span class='ocrx_word' id='word_1_279' title='bbox 675 3889 749 3938; x_wconf 76' lang='lat' dir='ltr'><strong>rer-be</strong></span> <span class='ocrx_word' id='word_1_280' title='bbox 792 3883 884 3936; x_wconf 74' lang='lat' dir='ltr'><strong>vendor</strong></span> <span class='ocrx_word' id='word_1_281' title='bbox 902 3889 1001 3948; x_wconf 62' lang='lat' dir='ltr'><strong>luieeeu</strong></span> <span class='ocrx_word' id='word_1_282' title='bbox 1018 3891 1139 3955; x_wconf 78' lang='lat' dir='ltr'><strong>elmlque</strong></span> <span class='ocrx_word' id='word_1_283' title='bbox 1154 3905 1196 3949; x_wconf 84' lang='lat' dir='ltr'><strong>ee,</strong></span> <span class='ocrx_word' id='word_1_284' title='bbox 1209 3891 1308 3953; x_wconf 74' lang='lat' dir='ltr'><strong>quotie·</strong></span> 
     </span>
     <span class='ocr_line' id='line_1_36' title="bbox 238 3960 1306 4033; baseline 0.008 -26"><span class='ocrx_word' id='word_1_285' title='bbox 238 3960 269 4007; x_wconf 80' lang='lat' dir='ltr'><strong>ed</strong></span> <span class='ocrx_word' id='word_1_286' title='bbox 283 3973 367 4012; x_wconf 75' lang='lat' dir='ltr'><strong>omnee</strong></span> <span class='ocrx_word' id='word_1_287' title='bbox 380 3967 475 4028; x_wconf 82' lang='lat' dir='ltr'><strong>poerint</strong></span> <span class='ocrx_word' id='word_1_288' title='bbox 493 3967 587 4016; x_wconf 89' lang='lat' dir='ltr'><strong>relerri.</strong></span> <span class='ocrx_word' id='word_1_289' title='bbox 756 3983 758 3986; x_wconf 90' lang='lat'>·</span> <span class='ocrx_word' id='word_1_290' title='bbox 792 3979 817 4014; x_wconf 79' lang='lat' dir='ltr'><strong>ee</strong></span> <span class='ocrx_word' id='word_1_291' title='bbox 828 3967 922 4016; x_wconf 82' lang='lat' dir='ltr'><strong>dederit</strong></span> <span class='ocrx_word' id='word_1_292' title='bbox 934 3973 1045 4027; x_wconf 80' lang='lat' dir='ltr'><strong>oeoerlo,</strong></span> <span class='ocrx_word' id='word_1_293' title='bbox 1056 3971 1136 4032; x_wconf 79' lang='lat' dir='ltr'><strong>legunt</strong></span> <span class='ocrx_word' id='word_1_294' title='bbox 1146 3969 1263 4033; x_wconf 75' lang='lat' dir='ltr'><strong>precidio</strong></span> <span class='ocrx_word' id='word_1_295' title='bbox 1275 3968 1306 4016; x_wconf 88' lang='lat' dir='ltr'><strong>ed</strong></span> 
     </span>
    </p>

    <p class='ocr_par' dir='ltr' id='par_1_7' title="bbox 238 4043 1306 4191">
     <span class='ocr_line' id='line_1_37' title="bbox 272 4043 1306 4110; baseline 0.01 -22"><span class='ocrx_word' id='word_1_296' title='bbox 272 4043 747 4110; x_wconf 54' lang='lat' dir='ltr'><strong>tnamdeemqndemeeffeu-</strong></span> <span class='ocrx_word' id='word_1_297' title='bbox 792 4057 928 4096; x_wconf 71' lang='lat' dir='ltr'><strong>oetnotun</strong></span> <span class='ocrx_word' id='word_1_298' title='bbox 952 4061 1050 4100; x_wconf 75' lang='lat' dir='ltr'><strong>reem</strong></span> <span class='ocrx_word' id='word_1_299' title='bbox 1074 4049 1176 4099; x_wconf 68' lang='lat' dir='ltr'><strong>alneu</strong></span> <span class='ocrx_word' id='word_1_300' title='bbox 1206 4061 1306 4097; x_wconf 73' lang='lat' dir='ltr'><strong>meren</strong></span> 
     </span>
     <span class='ocr_line' id='line_1_38' title="bbox 238 4120 929 4191; baseline 0.014 -25"><span class='ocrx_word' id='word_1_301' title='bbox 238 4120 347 4168; x_wconf 81' lang='lat' dir='ltr'><strong>monium</strong></span> <span class='ocrx_word' id='word_1_302' title='bbox 361 4121 454 4172; x_wconf 75' lang='lat' dir='ltr'><strong>rediret</strong></span> <span class='ocrx_word' id='word_1_303' title='bbox 466 4125 532 4189; x_wconf 79' lang='lat' dir='ltr'><strong>epod</strong></span> <span class='ocrx_word' id='word_1_304' title='bbox 540 4126 646 4188; x_wconf 75' lang='lat' dir='ltr'><strong>judicer.</strong></span> <span class='ocrx_word' id='word_1_305' title='bbox 792 4125 929 4191; x_wconf 63' lang='lat' dir='ltr'><strong>producor.</strong></span> 
     </span>
    </p>
   </div>
   <div class='ocr_carea' id='block_1_6' title="bbox 0 0 1482 4676">
    <p class='ocr_par' dir='ltr' id='par_1_8' title="bbox 0 0 1482 4676">
     <span class='ocr_line' id='line_1_39' title="bbox 0 0 1482 4676; baseline 0 0"><span class='ocrx_word' id='word_1_306' title='bbox 0 0 1482 4676; x_wconf 95' lang='lat' dir='ltr'><strong> </strong></span> 
     </span>
    </p>
   </div>
  </div>
 </body>
</html>
