2976 4670
252 407 326 482 630
424 407 794 487 onsnnvfflonrs
814 411 1149 488 APoLoGEncAE
1190 496 1193 504 ,

254 557 340 616 reor,
365 531 406 602 de
429 533 485 600 uh·
505 535 575 600 uiro
596 557 638 602 ne
656 538 729 626 plus
744 537 867 618 dicaam
893 559 992 628 quam
1007 559 1064 602 vos
1079 550 1137 600 aut
1153 536 1321 618 sentiatis,

252 655 311 704 aut
325 637 413 727 apud
431 661 488 706 vos
502 644 750 716 commemorari
766 644 881 708 velitis.
899 644 1106 729 Quapropter
1116 641 1180 704 hoo
1192 640 1317 719 dicam,

253 767 433 833 numquam
451 746 519 826 ejus
532 748 757 810 auctoritatem
776 747 913 812 nimium
930 749 1051 827 valere,
1062 749 1154 827 cujus
1172 745 1316 835 prudeu-

251 851 331 918 tiam
357 851 498 940 populus
523 875 677 918 romanus
702 854 735 918 in
762 853 924 936 carendo,
950 853 1075 918 nonin
1105 851 1315 942 decipiendo,

251 957 469 1044 perspexerim
489 958 544 1044 qui
560 958 640 1037 juris
655 958 754 1024 civilis
776 958 935 1028 rationem
953 979 1134 1045 numquam
1156 959 1200 1024 ab
1214 957 1315 1044 aequi·

250 1077 317 1129 tate
331 1061 519 1145 sejunxerit,
537 1064 593 1153 qui
614 1081 666 1130 tot
689 1088 793 1136 annos
816 1065 1005 1155 ingenium,
1027 1047 1189 1146 laborem,
1218 1063 1313 1128 fidem

250 1191 342 1238 suam
359 1169 485 1257 populo
502 1193 638 1238 romano
658 1188 841 1261 promptam
864 1171 1106 1260 expositamque
1123 1170 1312 1260 praebuerit;

249 1275 309 1362 qui
324 1276 368 1342 ita
382 1276 490 1354 justus·
506 1291 555 1344 est
572 1293 606 1344 et
620 1277 727 1344 bonus
747 1279 812 1360 vir,
836 1293 874 1346 ut
892 1294 1022 1360 natum,
1045 1299 1112 1342 non
1131 1275 1311 1365 disciplina,

249 1379 419 1450 mutunus
437 1405 507 1450 esse
525 1381 691 1466 videatur,
703 1384 749 1452 ita
766 1385 889 1474 peritus
906 1395 944 1450 ao
963 1381 1123 1472 prudeus,
1139 1397 1226 1446 uter
1239 1382 1311 1462 jure

250 1486 335 1554 uirili
362 1511 429 1554 non
457 1489 590 1557 scientia
619 1491 726 1557 solum
752 1489 918 1579 qondam,
941 1489 1168 1559 verumetiam
1188 1485 1311 1554 bonitas

250 1607 325 1660 nata
348 1593 511 1676 videntum
534 1595 627 1675 eujus
650 1613 778 1664 tantum
808 1613 857 1664 est
885 1597 1070 1685 ingenium,
1098 1594 1143 1660 ita
1165 1607 1312 1682 prompta

249 1699 347 1782 fides,
378 1719 417 1768 ut
440 1703 600 1791 quidquid
625 1703 701 1770 inde
729 1705 858 1771 haurias
884 1727 1005 1794 purum
1030 1702 1255 1792 liquidumque
1279 1718 1311 1766 te

249 1807 378 1874 haurire
400 1810 607 1898 sentino),
638 1813 746 1900 Atque
767 1834 807 1878 ex
827 1811 878 1878 hie
903 1812 1021 1876 iterum
1041 1823 1145 1898 patet,
1169 1807 1310 1896 quamvis

249 1921 363 1980 omnes
380 1915 448 1980 scu·
463 1915 674 1992 contumelia,
691 1939 757 2004 qua
774 1915 846 1983 illos
865 1916 974 1984 affecit
991 1933 1110 1997 orator,
1127 1913 1217 2004 digni
1231 1913 1311 1980 fuir-

248 2035 341 2101 eent,
370 2021 562 2109 neutiquam
592 2037 701 2090 tamen
726 2023 814 2088 Sem.
840 2021 1019 2112 Sulpicium
1049 2019 1142 2088 iatius
1172 2019 1310 2088 criminis

132 2133 137 2143 “
250 2125 348 2192 fuisse
365 2149 468 2192 reum.

294 2231 492 2298 Testimouia
513 2233 586 2298 huo·
598 2257 701 2323 usque
724 2235 757 2300 in
774 2233 921 2302 medium
937 2233 1030 2301 allata
1046 2232 1201 2321 exipsius
1217 2229 1311 2296 Tullii

249 2333 341 2402 librie
365 2337 482 2404 hausi:
513 2339 574 2404 alia
600 2339 738 2426 paucula
761 2338 954 2429 adjungam,
972 2362 1011 2408 ex
1032 2339 1152 2426 quibus
1177 2337 1311 2424 liqueat,

249 2441 376 2512 nouom
393 2441 426 2508 iu
443 2448 592 2510 universa
607 2466 742 2510 romana
758 2468 853 2534 rep.a
868 2447 981 2534 primis
994 2467 1099 2532 usque
1115 2441 1311 2531 temporibus

248 2543 289 2610 ad
304 2546 452 2612 ultimam
470 2547 718 2632 illiusaetatem,
734 2551 878 2630 nullum,
897 2553 1030 2639 inquam
1042 2599 1052 2632 ,
1063 2549 1154 2616 omui
1171 2565 1312 2637 tempore

249 2653 404 2722 doctrina
421 2655 519 2720 fuisse
538 2677 658 2744 genus,
676 2658 839 2726 nullamve
856 2656 984 2724 vivendi
1001 2657 1181 2738 rationem,
1196 2681 1235 2722 ex
1251 2679 1310 2742 que

248 2777 299 2825 tor
315 2760 435 2850 egregii
454 2761 538 2828 uires
552 2763 638 2827 enati
654 2765 792 2846 fuerint,
814 2779 872 2829 out
888 2786 961 2851 quae
978 2777 1029 2830 tot
1050 2763 1196 2850 exempla
1211 2761 1311 2828 eonti-
1351 2769 1362 2788 '

249 2869 385 2947 nentia,
414 2869 616 2953 subnotatis,
640 2871 770 2954 justitian
796 2871 994 2959 praebuerit,
1025 2893 1123 2958 quam
1148 2869 1217 2962 ipsa
1246 2868 1311 2932 hee

247 2990 357 3040 nostra
374 2973 578 3044 «divinarum
594 2976 877 3066 humanarumque
886 2999 997 3042 rerum
1006 2976 1138 3042 seientia
1147 2973 1195 3064 (a)
1204 3008 1226 3040 ι.
1237 2975 1310 3042 Nou

248 3078 401 3166 equidem
415 3101 499 3170 nego
514 3079 624 3168 (atque
637 3081 701 3147 lroc
714 3105 842 3170 semper
857 3083 921 3148 mei
937 3082 1182 3171 qualiscumque
1197 3079 1310 3147 laboris

244 3183 370 3264 judiees
382 3185 467 3272 aequi
483 3186 706 3266 meminerint,
730 3187 923 3276 pervelim),
945 3188 1078 3256 minime
1095 3209 1195 3276 nego,
1216 3185 1311 3252 larissa

248 3289 382 3354 forsitan
399 3291 516 3380 (stubi
531 3315 599 3356 nun
614 3291 727 3381 eunti)
746 3293 780 3356 in
808 3291 882 3358 foro
904 3316 1043 3362 romano
1071 3291 1239 3382 improbos
1260 3313 1310 3356 oa-

248 3395 401 3484 ptionum
424 3398 846 3488 rerbonrmque'aucupea,
867 3415 899 3464 et
912 3399 1088 3466 alienamm
1107 3397 1308 3464 summarum

247 3501 450 3567 insidiatores
465 3502 654 3584 sociaturos,
678 3503 735 3568 sed
756 3504 934 3572 admodum
960 3501 1309 3594 iniquuu1,autpotirls

248 3606 427 3688 injustum,
440 3606 570 3691 judico,
591 3609 689 3674 uniet
702 3610 873 3676 alteriusve
890 3633 929 3675 ex
949 3609 1055 3697 aliqua
1073 3609 1225 3674 societate
1238 3605 1309 3672 sitia

248 3714 304 3774 aul
318 3709 446 3774 fraudes
470 3713 628 3776 universis
645 3713 827 3802 imputare,
855 3714 945 3802 quod
962 3713 990 3780 si
1008 3712 1076 3778 lieri
1091 3713 1201 3794 liceat,
1227 3711 1308 3775 nulla

282 3879 323 3944 (r)
340 3882 424 3944 iprum
438 3880 588 3944 Soaevolem,
606 3897 678 3946 quem
695 3883 774 3930 stricti
787 3884 849 3944 juria
865 3894 996 3949 patronum
1013 3883 1123 3947 alioquin
1140 3883 1218 3934 fecere
1233 3880 1307 3932 talem

249 3968 342 4034 (quia,
353 3967 447 4032 oredo,
466 3969 493 4016 iu
501 3969 569 4018 Cutil
580 3985 663 4020 canen
675 3970 737 4020 illud
748 3971 888 4024 defenderat
897 3967 922 4034 ),
939 3974 1029 4037 sapius
1036 3989 1083 4038 pro
1095 3973 1308 4038 aequitatem·

248 4053 324 4108 disee.
339 4063 405 4118 patet
419 4069 448 4104 ex
462 4068 524 4106 oret.
536 4071 582 4122 pro
596 4057 659 4108 Coe.
670 4073 723 4122 etp.
735 4066 781 4114 al.

284 4137 321 4200 (a)
336 4138 373 4188 lle
384 4141 438 4190 F'm.
452 4141 547 4202 lih.11,
561 4159 614 4208 cap.
630 4159 667 4193 re.
727 4182 730 4190 ,
