2988 4668
362 409 452 478 PRO
474 407 839 482 JUREOONSULTlS
862 411 1082 482 ROMANIS.
1179 412 1254 510 639

186 529 261 594 litus
280 529 377 594 fuisse
395 529 531 594 videbor
553 554 561 596 :
586 547 619 595 at
642 533 851 596 meminerint
867 532 1002 621 benigni
1019 534 1172 616 lectores,
1200 538 1252 626 agi

186 637 227 700 de
241 637 476 701 existimatione
491 637 619 701 illorum
636 638 803 721 virorum,
820 639 940 727 quibus
950 640 1034 727 leges
1051 661 1140 722 suas,
1156 657 1253 729 atque

186 766 261 806 cum
282 743 407 832 legibus
424 745 630 808 fortunarum
654 765 786 808 suarum
812 745 1034 826 securitatem,
1054 746 1163 810 omnis
1186 747 1254 811 fere

185 850 316 936 Europa
332 849 439 913 debet.
471 848 614 912 Breviter
626 849 711 929 jam,
729 850 819 937 quud
838 865 951 931 restat,
969 873 1130 941 peragam.
1150 852 1256 940 Supra

184 954 324 1018 vidimus
336 955 452 1042 saepius
469 955 565 1038 buio,
585 977 682 1043 quam
696 973 889 1038 tractamus,
905 955 1150 1037 declamationi,
1166 958 1275 1022 oblo-¹

184 1077 326 1146 quutum
344 1061 444 1124 luisse
461 1077 635 1126 oratorem.
660 1063 755 1128 Plura
784 1061 860 1126 addi
886 1079 1035 1151 possent,
1059 1080 1097 1126 ut
1123 1062 1256 1152 quaudo

184 1191 212 1232 c.
228 1193 258 1258 g.
272 1169 444 1234 militarem
461 1171 628 1234 scientiam
648 1173 825 1253 mansuetis
843 1171 942 1236 literis
963 1174 1153 1261 anteponit,
1182 1173 1255 1260 quis

184 1276 291 1337 statim
316 1297 384 1338 non
409 1275 598 1340 recordetur
618 1278 777 1341 notissimi
797 1277 980 1364 versus(r)‚
1006 1279 1061 1366 qui
1084 1281 1254 1344 maximam

182 1379 329 1444 Ciceroni
347 1381 499 1446 invidiam
515 1379 737 1471 oonlldvit(a):

289 1557 385 1608 Cedant
397 1575 463 1606 arma
479 1570 558 1624 togae,
570 1559 689 1608 concedat
699 1559 781 1608 laurea
794 1560 893 1626 lingue.

182 1758 323 1840 Verum,
340 1757 466 1822 omissis
483 1758 551 1839 his,
568 1757 700 1846 gemino
718 1780 807 1821 nunc
823 1773 951 1820 tanturn
976 1758 1124 1848 exemplo
1147 1774 1254 1823 osten·

182 1862 273 1945 alant,
284 1887 337 1945 ea,
354 1865 469 1952 quoein
484 1864 658 1951 hacsatyra
669 1863 906 1950 vituperantur,
914 1862 989 1926 olibi
1000 1865 1140 1928 maximo
1155 1888 1254 1954 opere

181 1986 330 2034 nostrum
346 1970 519 2060 probasse,
534 1984 583 2052 ct,
605 1985 644 2033 ut
659 1970 795 2056 pulchre
810 1969 977 2052 instituta,
999 1967 1098 2032 fuisse
1114 1969 1254 2037 admira-

181 2091 263 2140 tum.
288 2075 350 2140 Hic
369 2076 456 2140 enim
474 2076 614 2157 diceres,
638 2073 729 2140 valde
746 2075 792 2138 illi
807 2073 995 2164 displicere,
1013 2075 1102 2163 quod
1123 2079 1250 2164 patricii

171 2181 257 2263 ,juris
274 2183 374 2246 civilis
385 2183 622 2274 coguitionem,
634 2197 799 2270 tamquam
816 2182 1047 2269 patrimonium
1060 2205 1175 2263 suum,
1191 2185 1254 2248 sibi

180 2308 306 2350 servare
323 2288 518 2369 voluerunt3
530 2287 587 2351 sed
599 2285 661 2350 alio
679 2303 825 2376 tempore
841 2285 1040 2378 indignatur,
1057 2288 1156 2351 fuisse
1168 2289 1254 2354 hano

179 2407 300 2474 artem,
322 2406 360 2454 ut
380 2408 485 2456 cetera
505 2391 666 2456 nobilium
682 2391 789 2473 bona,
815 2414 890 2456 cum
913 2392 1011 2480 plebe
1029 2393 1253 2458 communica·

180 2513 256 2562 tam.
271 2497 473 2586 «ltaque(3),
485 2521 589 2588 quum
601 2498 703 2562 multa
715 2499 866 2588 praeclara
881 2500 1059 2582 majorum,
1073 2515 1144 2563 tum
1162 2498 1253 2588 quod

179 2608 302 2694 optimc
318 2607 484 2694 constituti
493 2607 574 2688 juris
593 2607 693 2689 civilis
710 2629 841 2670 summo
859 2629 988 2694 semper
999 2607 1033 2670 iu
1047 2607 1175 2672 honore
1188 2606 1253 2670 fuit

178 2713 339 2802 cognitio,
351 2729 448 2800 atque
462 2711 704 2800 interpretatio,
724 2733 823 2798 quam
838 2699 971 2798 quidem
986 2727 1061 2775 ante
1074 2712 1160 2776 hanc
1173 2735 1252 2776 con·

178 2818 340 2882 fusionem
361 2833 548 2904 temporum
570 2815 602 2876 in
628 2815 833 2902 possessione
848 2837 906 2878 sua
926 2815 1089 2904 principes
1106 2816 1251 2882 retinue-

177 2939 256 3004 runt
275 2945 283 2986 ε
302 2944 391 2986 nunc
415 2937 453 2986 ut
476 2921 640 3000 honores,
658 2935 696 2984 ut
714 2941 828 2983 omncs
852 2919 1018 3007 dignitatis
1041 2919 1177 3010 gradus,
1204 2923 1250 2987 sic

177 3029 275 3113 hujus
294 3027 434 3116 scientiae
460 3025 616 3115 splendor
644 3023 770 3092 deletus
795 3042 857 3106 est;
880 3023 980 3112 idque
1004 3048 1044 3090 eo
1063 3027 1247 3116 indignius,

177 3131 266 3220 quod
282 3155 322 3196 co
347 3149 494 3220 tempore
509 3131 575 3194 hoc
594 3132 750 3220 contigit,
769 3153 872 3218 quum
892 3132 918 3194 is
935 3148 1018 3194 essct
1044 3130 1152 3218 (Serv.
1171 3133 1244 3196 Sul·

176 3240 298 3327 picium
326 3240 370 3305 ob
392 3238 505 3306 oculos
526 3237 647 3326 habet)
683 3238 740 3328 qui
761 3259 875 3301 omnes
903 3238 1103 3325 superiores,
1127 3239 1247 3326 quibus

176 3346 303 3409 honore
319 3369 379 3433 par
396 3363 498 3426 esset,
522 3345 653 3408 scientis
669 3344 760 3408 facile
776 3343 935 3408 vicisset».
950 3344 1059 3408 Sciens
1073 3361 1246 3434 praetcreo,

176 3451 337 3540 quidquid
350 3450 499 3540 pluribus
509 3450 587 3516 locis
597 3449 765 3515 diciturdc
779 3448 933 3538 prudenti
941 3451 1159 3514 occultatione
1170 3452 1245 3514 fou·

176 3559 226 3640 tis,
239 3580 278 3620 ex
295 3579 362 3644 quo
375 3579 474 3621 omne
489 3558 556 3620 l'cre
571 3555 623 3636 jus
641 3557 733 3620 civile
742 3557 967 3620 Romanorum
978 3555 1242 3638 manavit‚ju1is,

208 3779 296 3844 (1)De
309 3775 384 3828 offic.
396 3777 440 3827 lib.
451 3780 480 3838 1,
497 3793 552 3841 cap.
562 3791 605 3824 aa.

210 3877 246 3938 (a)
261 3877 310 3939 Qui
326 3875 456 3923 Plutarcho
468 3890 519 3922 non
531 3872 633 3932 credat,
652 3873 767 3924 Ciceroni
779 3873 829 3939 ipsi
841 3869 915 3920 stem
931 3869 1034 3930 babeat,
1048 3871 1080 3922 de
1095 3871 1169 3922 offic.
1180 3872 1206 3920 d.
1222 3874 1243 3924 l.

174 3974 198 4010 et
211 3965 237 4010 iu
251 3964 363 4011 Pbonem
377 3979 431 4028 cap.
446 3973 513 4026 2901
526 3963 576 4012 so:
591 3977 622 4011 ea
634 3977 685 4029 qao
695 3963 784 4013 altino
795 3963 852 4012 loco
863 3971 945 4028 patet,
955 3961 1100 4026 Pompeium
1110 3961 1159 4010 lroc
1173 3977 1244 4013 verra

174 4053 246 4099 luisse
261 4053 390 4102 offensum.
430 4093 433 4101 r

210 4147 246 4212 (3)
263 4151 299 4199 De
309 4147 383 4200 offic.
395 4149 440 4200 lib.
452 4151 492 4212 11,
511 4167 565 4216 cap.
583 4168 621 4213 ¹9·
