3018 4664
217 311 287 382 318
529 315 578 381 M.
604 314 642 380 T.
669 312 964 382 CICERONIS

216 457 353 520 verear,
371 456 419 504 ne
447 431 650 530 respublica
662 435 689 520 ⁴,
717 435 825 504 tantis
853 435 994 504 munita
1020 432 1209 531 praesidiis,
1232 433 1280 504 ab

217 547 294 614 istis
315 544 424 628 vinci,
448 557 510 614 aut
529 538 687 640 opprimi
709 542 844 639 possit?
871 544 906 614 Si
931 558 1036 614 antea
1061 544 1282 628 timuissem,

217 653 285 724 hac
307 655 500 740 concione,
527 649 597 722 hoc
621 653 777 750 populo,
801 669 898 724 certe
921 677 996 724 non
1015 679 1168 726 vererer.
1191 653 1281 744 Quis

216 765 313 834 enim
332 785 505 860 umquam
522 776 595 834 tam
618 763 775 833 secunda
791 765 966 835 concione
976 765 1090 861 legem
1107 766 1281 861 agrariam

216 873 341 958 suasit,
363 896 473 968 quam
493 895 559 969 ego
576 869 747 944 dissuasi?
765 873 795 943 si
816 872 885 944 hoc
904 873 1110 946 dissuadere
1130 888 1183 945 est
1193 871 1220 957 ⁵,
1239 896 1282 944 ac

217 1006 293 1052 non
311 981 514 1053 disturbare
531 1006 572 1053 ac
591 997 806 1081 pervertere.
823 987 876 1052 Ex
889 981 989 1079 quo⁶
1003 983 1172 1081 intelligi,
1190 983 1282 1073 Qui·

216 1092 321 1179 rites,
340 1106 478 1188 potest,
492 1091 579 1163 nihil
594 1117 671 1164 esse
685 1107 756 1164 tam
771 1093 968 1190 populare,
984 1117 1095 1189 quam
1106 1091 1162 1181 id,
1180 1091 1282 1189 quod

216 1227 283 1298 ego
309 1201 412 1274 vobis
436 1205 472 1272 in
499 1201 598 1272 hunc
628 1227 762 1274 annum
792 1203 919 1274 consul
940 1204 1124 1301 popularis
1148 1200 1283 1287 affero,

133 1345 136 1354 ·
217 1337 361 1411 pacem,
382 1312 701 1409 tranquillitatem,
717 1317 843 1384 otium.
865 1316 954 1403 Quae
969 1313 1074 1386 nobis
1091 1312 1284 1409 designatis

218 1423 416 1508 timebatis,
441 1449 481 1494 ea
496 1447 555 1494 ne
582 1424 743 1495 accidere
770 1439 937 1522 possent,
967 1424 1117 1494 consilio
1141 1447 1223 1493 meo
1242 1443 1284 1492 ac

215 1535 354 1604 ratione
382 1535 524 1630 provisa
548 1549 633 1604 sunt
658 1561 665 1604 :
692 1559 767 1605 non
792 1533 903 1604 modo
926 1557 989 1604 vos
1007 1534 1104 1604 eritis
1128 1535 1165 1602 in
1187 1534 1284 1618 otio,

217 1647 280 1739 qui
303 1667 446 1738 semper
472 1667 548 1716 csse
570 1643 773 1731 volueritis,
798 1667 921 1714 verum
944 1645 1051 1712 ctiam
1076 1643 1181 1726 istos,
1201 1642 1284 1738 qui·

217 1752 286 1823 bns
315 1753 447 1822 otiosi?
475 1756 662 1850 negotium
689 1751 913 1840 lacessimus,
942 1754 1176 1824 otiosissimos
1198 1748 1284 1822 red-

218 1862 311 1934 dam.
347 1863 489 1933 Etenim
515 1863 582 1934 illis
613 1863 788 1948 honores,
818 1878 1030 1961 potestates,
1064 1862 1210 1948 divitiae,
1239 1883 1284 1930 ex

217 1972 376 2043 tumultu
398 1987 508 2068 atque
539 1997 583 2042 ex
613 1971 896 2045 dissensionibus
927 1975 1059 2044 civium
1084 1971 1285 2069 comparari

218 2082 335 2154 solent
355 2110 363 2152 :
385 2107 466 2166 vos,
487 2108 646 2180 quorum
664 2087 777 2180 gratia
793 2086 829 2154 in
847 2081 1024 2181 suffragiis
1043 2085 1222 2168 consistit,
1241 2081 1283 2152 li·

217 2190 338 2262 bertas
359 2193 397 2262 in
421 2191 575 2290 legibus,
603 2194 722 2264 honos
739 2196 777 2264 in
799 2193 941 2291 judiciis
964 2209 999 2264 et
1021 2197 1188 2290 aequitate
1208 2215 1284 2262 ma-

217 2299 425 2396 gistratusss,
455 2318 491 2374 et
519 2328 575 2376 res
604 2303 793 2377 familiares
820 2306 858 2375 in
885 2329 991 2403 pace,
1017 2306 1118 2376 omni
1143 2305 1284 2374 ratione

216 2412 331 2480 otium
353 2425 476 2483 tenere
501 2411 650 2484 debetis.
673 2419 783 2502 Nam,
801 2419 831 2484 si
857 2418 900 2500 ii,
926 2417 992 2512 qui
1021 2429 1172 2512 propter
1191 2415 1284 2483 desi·

217 2519 314 2592 diam
325 2523 364 2591 iu
377 2525 452 2593 otio
466 2523 611 2610 vivunt,
626 2539 747 2594 tamen
759 2527 796 2596 in
807 2549 872 2595 sua
884 2529 981 2621 turpi
997 2529 1125 2597 inertia
1140 2523 1286 2618 capiunt

216 2632 457 2729 voluptatem;
473 2631 541 2703 sub
553 2634 632 2732 ipso
644 2638 721 2705 otio
734 2646 762 2722 9,
780 2660 855 2731 quo
870 2659 932 2704 vos
946 2633 1130 2705 fortunam
1144 2633 1285 2730 regitis,

217 2742 245 2812 si
267 2740 366 2813 huuc
395 2754 543 2828 statum,
572 2769 681 2840 quem
707 2743 869 2832 habetis,
895 2769 971 2817 esse
996 2744 1184 2816 meliorem
1209 2765 1284 2813 non

253 2944 277 2991 4.
298 2934 364 2981 Male
377 2933 429 2982 haec
446 2935 559 2982 nonnulli
579 2948 674 2984 mutant
698 2937 729 2984 de
774 2935 1005 3000 quillitmoqniea,
1014 2935 1160 2984 molestiaet
1170 2935 1285 2983 &mu-

217 3013 327 3062 Lambini
339 3015 469 3062 sentcntia.
482 3017 498 3064 J
501 3051 507 3062 .
518 3015 551 3063 V.
561 3017 587 3063 L.
774 3016 915 3064 videtur.-
924 3015 1035 3064 Absurde
1043 3016 1097 3063 haec
1106 3015 1176 3062 multi
1184 3029 1283 3080 pervert-

253 3095 276 3140 5.
287 3093 315 3140 Si
321 3092 368 3140 boc
377 3092 517 3140 dissuadere
526 3094 730 3154 est-Huiusmodi
774 3105 845 3157 tunt,
854 3094 914 3142 dum
926 3095 1047 3158 corrigam
1058 3105 1153 3159 potant.
1163 3097 1188 3142 J,
1196 3091 1229 3140 V.
1241 3095 1267 3139 L.

216 3171 313 3231 verbis,
330 3171 411 3233 inquit
428 3171 456 3218 B.
477 3171 571 3220 weiss.
593 3171 692 3236 ineptus
706 3183 730 3222 st
811 3175 836 3223 8.
849 3171 1286 3239 Equitatemagistrotns.bl1g'islra·

215 3248 287 3298 stnlte
302 3264 417 3311 arrogans
434 3259 517 3298 orator
529 3251 665 3300 orationem
678 3253 729 3300 lan·
774 3263 845 3302 tuum
855 3263 990 3300 soenorum
1001 3252 1126 3314 equitate.

218 3329 279 3376 det:
299 3327 359 3374 mihi
375 3323 498 3393 [videntur
522 3343 537 3376 ι
556 3329 729 3380 calumniatore
808 3348 834 3394 9.
846 3331 895 3378 Sub
906 3331 923 3378 i.
936 3331 995 3378 otio.
1007 3331 1077 3378 Prior
1086 3329 1161 3391 huius
1170 3343 1285 3395 paragra·

217 3410 299 3460 addita
310 3431 331 3458 1.
348 3412 439 3456 Verum
452 3410 504 3456 lucc
517 3425 568 3458 uon
581 3411 614 3458 ad
632 3413 728 3460 inanem
765 3397 815 3475 phi
823 3428 877 3474 pars
885 3422 999 3475 corrupta
1009 3409 1231 3470 maximovidetur3
1240 3415 1284 3457 un'·

218 3489 307 3555 ingenii
317 3489 513 3546 ostentationem,
520 3489 561 3536 scd
569 3488 600 3536 cd
607 3489 669 3538 facta
676 3491 728 3554 ipsa
774 3489 805 3537 de
814 3490 855 3538 vix
863 3501 962 3539 eruatur
971 3505 1055 3536 sensns
1062 3491 1123 3537 :Vos
1132 3490 1158 3536 ln
1167 3488 1216 3536 huc
1224 3489 1286 3544 otio,

218 3569 365 3633 argumentis
379 3566 520 3618 confirmata
534 3578 559 3615 ot
572 3570 729 3633 comprobata
774 3569 844 3629 cujas
853 3569 879 3615 in
888 3566 973 3615 umbra
981 3569 1188 3632 ipsamfortanam
1194 3567 1287 3630 regitis,

218 3649 366 3696 referuntur.
774 3648 794 3696 si
809 3647 977 3696 conditionem
986 3647 1050 3694 hauc
1060 3647 1168 3710 quietam
1179 3645 1287 3695 tumultu

255 3729 281 3775 6.
294 3729 336 3774 Ex
348 3742 406 3790 quo.
428 3725 576 3789 Simpliciter
588 3727 730 3788 connectit,
774 3739 799 3774 ct
810 3726 882 3774 rebus
893 3726 965 3774 novis
988 3727 1109 3790 potiorem
1120 3741 1171 3774 csse
1185 3739 1286 3788 persua·

218 3815 246 3854 ut
256 3805 416 3871 ergo,r'gitnr‚
426 3805 551 3854 assimilis.
560 3805 600 3856 Sic
610 3822 656 3870 pro
664 3807 730 3854 Mar»
774 3821 828 3853 anm
841 3804 949 3868 habetis,
958 3805 1020 3852 illud
1027 3806 1077 3866 jam
1092 3807 1169 3852 otium
1180 3805 1286 3868 diligen·

220 3884 273 3932 cell.
286 3901 340 3948 cap.
352 3885 376 3933 5.
748 3886 751 3892 '
774 3895 927 3942 terscmto,
937 3901 989 3932 oon
997 3883 1286 3948 qusipecuniaautalla

257 3981 281 4024 7.
292 3963 382 4026 Quibus
393 3961 473 4010 otiosi.
481 3963 532 4026 Ego
542 3962 574 4010 atl
582 3965 658 4012 otium
666 3963 730 4012 redi·
775 3961 869 4010 ratione
883 3963 1012 4027 quaesitum
1021 3973 1098 4021 osset,
1111 3961 1154 4009 aad
1163 3962 1232 4025 qnasi
1244 3978 1286 4008 re-

219 4057 272 4105 gam
281 4043 340 4089 istos
348 4040 459 4089 homines
467 4041 570 4103 ,quibus
579 4053 659 4090 nostra
667 4054 729 4091 tran·
773 4051 825 4089 stro
833 4043 950 4106 sanguiris
960 4057 1006 4090 vos
1019 4041 1144 4090 eruissetis.
