2912 4654
245 437 253 445 .
338 387 531 457 ORATIO
557 387 656 455 PRO
682 389 721 456 A.
748 385 1023 456 CLUENTlO.
1145 391 1211 482 149

142 503 308 580 duceret.
324 511 453 604 Itaque
468 509 516 596 is,
537 507 641 602 cujus
657 505 804 578 arbitrio
817 523 853 578 et
870 509 1027 604 populus
1039 531 1212 580 romanus

141 630 177 688 et
199 629 332 688 exterae
350 632 473 712 gentes
504 630 682 688 contentae
708 631 784 686 esse
805 614 1108 704 consueverant⁵,
1131 620 1208 715 ipse

142 749 207 798 sua
224 726 376 796 scicntia
384 727 429 798 ad
441 728 673 823 ignominiam
686 726 833 796 alterius
844 741 1037 798 contentus
1047 725 1209 798 non-suit.

141 833 252 926 Quod
267 837 298 906 si
315 834 386 907 hoc
403 840 508 908 Avito
530 833 669 908 iacere⁶
695 836 872 923 licuisset,
893 832 1010 921 iacile,
1029 834 1098 906 illis
1123 837 1210 934 ipsis
1241 817 1245 828 ⁸

139 943 345 1040 judicibus,
368 962 405 1017 et
424 944 519 1018 falsae
540 945 755 1045 suspicioni,
774 959 810 1016 et
828 944 969 1015 invidiae
990 945 1213 1044 populariter

142 1057 305 1128 excitata
318 1056 513 1127 restitisset.
1204 1067 1208 1074 '

189 1167 319 1234 Unum
335 1168 443 1236 etiam
462 1179 534 1252 est,
551 1163 653 1260 quod
670 1187 729 1234 me
747 1163 903 1234 maxime
920 1161 1132 1244 conturbat,
1154 1164 1212 1231 cui

140 1270 225 1343 loco
246 1271 468 1370 respondere
489 1296 596 1372 posse
616 1276 676 1344 vix
691 1271 830 1360 videor,
852 1271 952 1370 quod
966 1272 1141 1370 elogium⁷
1158 1295 1214 1342 re-

142 1382 262 1453 citasti
290 1381 337 1455 de
364 1396 580 1456 testamento
610 1387 677 1454 Cn.
705 1383 865 1480 Egnatii,
893 1383 1028 1479 patris,
1055 1372 1214 1452 hominis

141 1491 388 1564 honestissimi
405 1493 573 1566 videlicet
590 1508 627 1564 et
645 1492 896 1590 sapientissimi
915 1519 923 1560 :
945 1491 1079 1563 idcirco
1097 1515 1135 1561 se
1151 1515 1213 1562 ex·

142 1601 337 1674 heredasse
357 1601 490 1690 filium,
505 1602 605 1700 quod
624 1605 654 1674 is
672 1601 721 1673 ob
735 1602 927 1699 Oppianici
944 1598 1214 1672 damnationem

142 1714 337 1810 pecuniam
358 1715 563 1812 accepisset.
582 1717 639 1784 De
657 1713 762 1808 cujus
779 1710 936 1780 hominis
955 1709 1097 1780 levitate
1110 1723 1146 1780 et
1159 1709 1213 1777 in-

142 1823 345 1894 constantia
365 1822 470 1920 plura
483 1847 558 1893 non
569 1822 696 1894 dicam.
712 1827 789 1892 Hoc
804 1832 1058 1890 testamentum
1073 1819 1209 1915 ipsum,

143 1933 246 2030 quod
262 1935 408 2022 recitas,
424 1931 602 2029 ejusmodi
620 1947 695 2021 est,
713 1944 754 2001 ut
770 1929 849 2016 ille,
868 1951 983 2025 quum
998 1927 1211 1998 eumfilium

142 2041 400 2132 exheredaret,
412 2067 520 2141 quem
533 2041 677 2132 oderat,
696 2044 729 2112 ei
742 2039 817 2112 filio
835 2038 1031 2124 coheredes
1046 2037 1211 2107 homines

143 2153 382 2224 alienissimos
409 2154 677 2249 conjungeret,
711 2173 821 2247 quem
854 2147 1033 2244 diligebat.
1057 2146 1128 2218 Sed
1148 2161 1210 2234 tu,

143 2263 219 2334 Atti
228 2256 263 2350 ⁸,
275 2261 494 2352 consideres,
507 2285 654 2353 censeo,
665 2259 1005 2356 diligenter,utrum
1020 2279 1210 2329 censorum

144 2461 284 2509 meusstcri
293 2477 319 2508 se
327 2475 398 2509 mum
408 2461 572 2510 testimoninm
586 2462 657 2512 otter-
700 2459 778 2524 ceptis
787 2456 868 2508 rerbis
881 2456 965 2522 palam
973 2455 1086 2514 dixisset,
1101 2455 1209 2502 testimo·

146 2556 171 2588 re
185 2538 285 2588 dicebat
296 2541 438 2600 Africanus,
452 2540 511 2588 dnm
524 2542 575 2606 ipse
584 2557 656 2589 accu-
699 2539 766 2585 mum
781 2539 851 2584 etiem
873 2533 1012 2600 pollicitus,
1026 2533 1115 2597 siquis
1124 2544 1211 2590 contro¹

145 2619 231 2668 ntcris
238 2627 395 2684 partcsagere
403 2619 580 2668 nollet-Vel.
588 2621 654 2668 Max.
700 2616 808 2676 diceret,
832 2613 901 2662 nnllo
922 2621 1063 2673 acenmte,
1084 2611 1211 2662 traducere

145 2699 192 2759 tv,
213 2713 255 2756 ro,
276 2697 336 2746 dum
353 2699 418 2748 huno
431 2698 512 2750 locun
525 2700 654 2764 exprimit,
697 2713 787 2760 equum
798 2711 882 2760 passus
893 2704 955 2743 esset
963 2715 989 2750 ι.Ι

145 2776 327 2841 iuterpretatur.
336 2777 375 2834 Sic
385 2789 410 2827 et
420 2778 505 2842 Quint.
513 2779 549 2838 V,
560 2793 600 2836 11,
613 2779 654 2828 13:
733 2773 759 2822 5.
777 2773 962 2822 consueverunt.
976 2771 1063 2820 Paullo
1073 2770 1137 2818 inira
1151 2785 1209 2817 con·

147 2855 403 2906 nnnlloaccnsante».
697 2851 917 2901 recenseant.

182 2935 206 2984 4.
217 2927 317 2990 Quum
326 2927 462 2976 nudam.
474 2927 656 2976 Solemnishac
735 2929 760 2980 6.
780 2931 833 2978 lice
844 2925 941 2994 faeere.
961 2929 997 2978 Ut
1014 2925 1098 2976 eadem
1121 2925 1209 2973 condi-

147 3016 198 3053 erat
215 3005 338 3064 l'crmula,
360 3021 408 3071 qna
427 3021 538 3055 censores
557 3008 582 3055 in
598 3023 655 3056 cen·
698 3007 780 3067 ncne,
794 3005 978 3072 quaSacerdos,
991 3015 1108 3062 uteretur,
1119 3005 1206 3051 nesci·

147 3083 229 3132 sendis
249 3083 371 3148 equitibus
390 3085 533 3144 utebantur,
554 3086 574 3133 si
593 3087 656 3134 nihil
698 3087 755 3135 licet
767 3087 793 3134 in
803 3102 858 3135 cnm
871 3088 923 3135 sine
935 3096 995 3135 teste
1009 3085 1091 3149 aliquo
1100 3082 1208 3132 animad-

147 3162 330 3223 maranum:
340 3179 383 3212 eos
396 3175 522 3221 nouum,
540 3181 614 3229 seque
627 3165 657 3213 iis
700 3164 930 3214 veneratae-Illis
942 3165 960 3214 ι’.
973 3161 1106 3231 judicibus.
1120 3163 1215 3212 Coram.

147 3258 222 3307 σφα
235 3257 290 3290 non
301 3241 407 3290 adimere
423 3241 601 3307 significabant.
617 3243 657 3292 stc
700 3243 739 3293 his
751 3245 810 3310 ipais
822 3245 972 3294 censoribus.

147 3333 226 3370 antem
242 3321 384 3384 toquentem
407 3321 547 3386 Scipionem
563 3320 659 3370 inducit
739 3339 762 3384 7.
778 3323 899 3388 Elegium.
918 3322 1027 3372 Verbum
1044 3322 1092 3370 hcc
1109 3335 1160 3368 non
1174 3334 1212 3370 se·

146 3399 228 3448 Valer.
248 3399 386 3449 Maximus:
400 3400 534 3450 «Traduce
551 3417 658 3464 equum,
702 3401 750 3449 mel
771 3401 796 3449 in
809 3413 937 3467 utramque
957 3413 1049 3467 partem
1072 3410 1211 3463 usurpatur.

146 3479 283 3538 Sacerdos,
295 3490 321 3527 et
331 3479 394 3527 lucri
408 3478 447 3527 iac
461 3480 595 3528 censoriam
611 3494 658 3528 no·
701 3482 785 3530 Brevis
805 3491 841 3530 est
858 3483 893 3529 rei
910 3494 952 3530 aut
968 3480 1094 3530 senaemire
1110 3479 1212 3537 alicujus

148 3567 212 3618 nm,
224 3573 258 3606 ne
270 3573 317 3621 ego
329 3558 355 3605 in
367 3570 409 3606 tna
423 3573 526 3622 persona
547 3569 571 3606 et
591 3575 660 3606 eccm·
702 3559 837 3624 expositio,
850 3573 875 3609 et
891 3563 916 3610 h.
927 3561 945 3609 l.
964 3557 1102 3609 testificatio
1111 3567 1148 3604 est
1157 3571 1218 3604 cam.

148 3637 562 3698 satoris,ettestis,etcensoris,et
570 3637 659 3698 iudicia
702 3655 782 3688 samm
803 3657 847 3688 cnr
871 3651 973 3690 testeam
999 3639 1034 3686 sic
1057 3633 1212 3699 egerinvid.

148 3727 229 3780 partes
248 3716 326 3780 egisse
339 3716 425 3764 videar
434 3739 457 3764 ι.
466 3716 559 3765 landet
571 3717 594 3764 b
609 3716 659 3766 loc.
704 3719 840 3769 casaubon.
850 3718 881 3767 sd
893 3720 996 3766 Sueten
1010 3713 1060 3764 Jul.
1072 3723 1115 3773 ⁴7,
1130 3723 1155 3760 et
1167 3713 1213 3762 cr-

149 3794 315 3857 Quinu‘lisnns
333 3796 366 3857 V,
388 3811 430 3854 rr,
449 3795 478 3843 de
498 3795 659 3858 probatione,
704 3795 824 3861 ligulas.

149 3887 204 3936 quas
217 3873 331 3937 exemplo
346 3871 504 3934 lit,scribene
519 3888 526 3922 :
540 3875 658 3922 ·Contra·
739 3879 764 3923 8.
777 3875 826 3922 Sed
835 3886 869 3932 ru,
878 3873 938 3920 Atti.
946 3871 1013 3936 Quid
1024 3883 1073 3919 tarn
1083 3869 1214 3934 videricu-

151 3951 187 3998 n'o
200 3951 315 4016 nampio
331 3952 466 4000 censoriam
476 3965 560 4001 notam
573 3953 666 4002 Cicero
705 3964 752 4002 test
763 3963 848 4011 contra
862 3951 1018 4012 Cluentium,
1031 3949 1112 4014 inquit
1126 3951 1214 4014 Quint.

152 4030 251 4090 evertit,
274 4029 397 4089 laudando
420 4045 544 4080 censorem
566 4031 662 4080 biricc-
706 4032 994 4095 v‚13,qusmcensorin
1008 4029 1211 4093 notaiquieltam

153 4121 225 4166 num,
245 4109 290 4172 qni
303 4125 373 4168 enm,
386 4125 457 4174 quem
472 4110 589 4175 pejerem
602 4126 664 4160 con-
708 4109 998 4174 normanniamque
1008 4106 1086 4164 filiurn
1095 4109 1125 4158 ab
1134 4109 1213 4171 Egna-
1280 4157 1284 4165 ,
