3018 4664
501 338 554 407 IN
578 339 618 406 L.
645 335 950 418 CATILINAM,
974 334 1002 400 Ι.
1211 329 1277 429 391

219 463 256 531 in
281 457 381 538 Italia
402 472 528 530 contra
552 454 813 556 rempublicam
839 458 877 528 in
906 457 1054 530 Etruriae
1068 463 1098 498 ¹⁰
1119 452 1284 526 saucibus

218 569 410 656 collocata;
433 569 560 640 crescit
577 569 615 638 in
633 567 709 643 dies
731 567 894 664 singulos
913 565 1070 636 hostium
1090 589 1283 656 numerus,

218 705 346 754 eorum
375 693 497 752 autem
530 681 786 778 imperatorem
817 691 1044 761 castrorum,
1079 675 1283 772 ducemque

218 791 398 878 hostium,
412 790 506 860 intra
520 791 675 878 moenia,
690 799 798 886 atque
815 787 905 860 adeo
917 789 956 858 in
968 801 1096 859 senatu
1108 787 1284 870 videmus,

219 903 427 974 intestinam
460 901 617 997 aliquam
653 898 817 996 quotidie
853 889 1049 996 pernicicm
1077 897 1285 996 reipublicae

216 1009 441 1082 molientem.
466 1011 502 1080 Si
523 1022 560 1080 te
580 1009 679 1104 jam,
695 1007 868 1096 Catilina,
891 1008 1170 1106 comprehendi,
1187 1009 1217 1078 si
1233 1010 1285 1078 in-

218 1119 334 1192 terfici
349 1121 511 1215 jussere,
534 1118 662 1206 crede,
683 1117 751 1188 erit
770 1117 970 1190 verendum
984 1116 1123 1203 mihin,
1138 1142 1186 1187 nc
1210 1141 1286 1188 non

217 1229 289 1300 hoc
308 1231 430 1326 potius
447 1249 574 1300 omues
595 1225 685 1298 boui
702 1229 818 1298 uerius
837 1251 858 1298 a
873 1251 948 1316 me,
965 1251 1075 1325 quam
1094 1228 1285 1324 quisquam

217 1339 399 1411 crudelius
419 1335 554 1410 factum
578 1359 656 1410 esse
682 1335 787 1407 dicat
809 1341 950 1408 ·Verum
978 1361 1046 1434 ego
1072 1335 1163 1424 hoc,
1186 1336 1286 1433 quod

214 1443 431 1543 jampridem
461 1443 598 1518 factum
621 1469 699 1518 cese
721 1447 905 1542 oportuit,
930 1461 1028 1518 certa
1051 1447 1098 1518 de
1123 1458 1286 1534 causa¹²,

218 1554 386 1628 nondum
400 1554 574 1645 adducor,
591 1571 632 1628 ut
648 1553 794 1630 faciam:
813 1570 889 1627 tum
903 1557 1061 1654 denique
1075 1555 1287 1629 interficiam

219 1681 274 1754 te,
298 1692 413 1765 quum
433 1667 507 1762 jam
534 1693 645 1740 nemo
672 1683 745 1739 tam
768 1666 975 1765 improbus,
1003 1656 1286 1765 tam'perditus,

219 1790 293 1848 tam
306 1779 359 1850 tui
371 1778 495 1852 similis
508 1778 663 1850 inveniri
677 1783 827 1877 poterit,
840 1779 905 1874 qui
918 1777 954 1848 id
970 1803 1046 1848 non
1057 1777 1138 1872 jure
1152 1775 1285 1848 lactum
1355 1795 1358 1802 ·

218 1911 294 1960 ease
313 1886 477 1961 fateatur.
497 1877 683 1980 Quamdiu
699 1889 892 1985 quisquam
911 1890 999 1974 erit,
1023 1890 1088 1986 qui
1105 1903 1142 1958 te
1157 1885 1285 1958 delen·

216 1997 303 2073 dere
317 2000 465 2088 audeat,
485 2001 598 2088 vir‘es3
616 2014 653 2070 et
671 2001 767 2071 vives
781 2003 851 2086 ita,
869 2013 910 2072 ut
927 2021 1026 2070 nunc
1044 1999 1147 2086 vivis,
1162 1997 1286 2068 multis

214 2109 306 2180 meis
327 2122 364 2180 et
383 2106 498 2181 firmis
517 2108 691 2206 presidiis
715 2109 903 2194 obsessus,
929 2133 977 2180 ne
999 2131 1228 2179 commovere
1251 2123 1286 2180 te

217 2231 344 2288 contra
361 2218 623 2316 rempublicam
639 2222 777 2318 possis:
798 2221 999 2290 multorum
1016 2233 1052 2289 te
1065 2220 1172 2290 etiam
1190 2217 1287 2290 oculi

218 2341 255 2398 et
273 2351 377 2402 aures
394 2355 470 2400 non
489 2333 726 2418 sentientem,
746 2333 838 2402 sicut
856 2329 977 2402 adhuc
995 2327 1181 2415 lecerunt,
1202 2351 1283 2426 spe·

216 2437 439 2513 culabuutur
460 2455 569 2537 atque
590 2440 805 2512 custodient.
881 2496 884 2504 i

265 2554 325 2623 Ill.
347 2555 490 2624 Etenim
513 2552 601 2648 quid
625 2567 700 2638 est,
721 2551 894 2636 Catilina,
917 2548 1018 2646 quod
1036 2549 1111 2643 jam
1129 2547 1285 2644 amplius

216 2677 426 2758 exspectes,
448 2665 478 2734 ei
501 2687 621 2760 neque
644 2687 718 2733 nox
744 2661 904 2733 tenebris
926 2659 1122 2732 obscurare
1143 2663 1281 2728 coetue¹

210 2767 396 2860 nefarios,
428 2797 498 2844 nec
525 2775 663 2870 privata
691 2769 849 2842 domus'
878 2766 1074 2866 parietibus
1099 2770 1285 2839 continere

215 2878 367 2952 vocem³
397 2882 655 2977 conjurationis
678 2895 747 2951 tuae
765 2880 910 2978 potest?
927 2879 957 2948 si
972 2876 1235 2964 illustranturl,
1255 2879 1283 2952 si

254 3113 295 3146 ιο.
310 3101 343 3146 Iu
357 3099 462 3146 Ennio
471 3099 597 3164 fordhur.
614 3097 728 3158 rente,
772 3099 872 3164 coploee
878 3097 1020 3163 explicatio
1029 3096 1284 3162 aequentibceoretio-

216 3177 347 3226 altimetra
360 3179 561 3227 mathiellum.
772 3179 852 3228 nibus.
867 3181 934 3228 Ioco
948 3199 959 3218 ιι
969 3175 1112 3225 interficiam
1125 3187 1149 3226 te
1162 3197 1184 3239 a,
1203 3179 1284 3226 Grau.

254 3273 294 3306 11.
316 3255 373 3304 En't
392 3257 524 3304 verendam
549 3254 615 3304 mitt.
639 3259 728 3307 laoniae
771 3253 1070 3307 eussaetnierfieieren.

215 3346 274 3385 nota
291 3346 337 3385 ut.
357 3337 383 3384 si
402 3337 486 3397 teian
499 3335 658 3395 interlocuto,
671 3351 727 3385 non
805 3337 851 3384 ΙΙΙ.
864 3336 1100 3400 r.llebentquidem
1108 3335 1181 3385 codd.
1192 3339 1283 3388 Graevii

188 3404 192 3414 ¹
215 3426 266 3475 ert,
283 3431 330 3464 cur
344 3431 428 3464 vereor
444 3432 476 3464 ne
491 3416 619 3480 quiequam
637 3431 676 3464 me
692 3417 725 3464 ob
770 3427 870 3482 caprice.
884 3415 909 3465 J.
918 3418 949 3466 V.
964 3417 991 3464 L.

213 3495 661 3554 unmondelitetiuometteed
672 3506 726 3544 ten·
806 3511 833 3545 a.
856 3497 909 3544 Nee
923 3495 1022 3560 privata
1040 3496 1134 3544 mmor.
1155 3497 1283 3560 Eleganter

215 3585 268 3621 ton
286 3574 351 3622 dieat
370 3590 409 3622 me
425 3591 477 3624 non
491 3575 549 3624 urie
560 3576 611 3624 cito
631 3577 725 3624 leeleee.
769 3590 815 3638 pro
834 3576 927 3640 vulgari
946 3591 953 3624 z
972 3591 1018 3624 nec
1040 3575 1140 3624 consilia
1163 3587 1204 3624 tue
1227 3591 1282 3623 miei

215 3652 333 3700 Nondum
343 3664 421 3702 tamen
435 3657 533 3714 faciam,
543 3656 588 3704 eed
599 3667 725 3721 exspecto·
770 3655 971 3716 conjuratieiutre
979 3654 1284 3720 privatoedomueparieJec

214 3729 266 3789 bo,
285 3731 346 3779 dum
368 3734 446 3781 eeelue
466 3745 534 3784 teum
555 3736 588 3783 ita
611 3735 727 3785 omnlbce
770 3735 959 3798 «punctioni
971 3743 1082 3800 meunt.

214 3807 634 3877 ooguimpatefactnmqueeit,nt
647 3833 678 3864 ne
689 3817 726 3864 tui
806 3815 829 3862 3.
852 3815 934 3863 Graec.
958 3815 1051 3862 etuss
1071 3798 1155 3860 vocei.
1184 3811 1283 3876 Vulgat.

214 3888 313 3952 quidem
333 3888 463 3948 eimlllnro,
484 3891 526 3954 qui
547 3903 573 3940 te
596 3894 726 3944 defendero
769 3903 865 3942 cervant
875 3891 1079 3941 Emetelnllcm.
1096 3890 1126 3938 el.
1139 3893 1163 3940 J.
1175 3894 1207 3942 V.
1222 3894 1247 3938 L.

215 3967 316 4028 eodem,
325 3968 452 4032 quiequam
464 3971 605 4033 reperietm.
806 3980 831 4026 4.
843 3973 1006 4020 illustrantur.
1018 3971 1180 4035 Aperiuutor,
1190 3987 1203 4016 e
1212 3982 1282 4038 tene·
1337 4017 1343 4024 ,

254 4061 295 4095 ra.
315 4047 387 4096 cerea
401 4047 534 4096 derauso.
553 4051 611 4098 Eum
630 4067 726 4100 moratu
769 4052 819 4099 brie
839 4051 865 4098 in
882 4051 963 4099 lucem
982 4050 1158 4115 producuntur.
1180 4051 1281 4100 licead
1319 4077 1325 4092 ι
