<?xml version="1.0" encoding="UTF-8"?>
<!DOCTYPE html PUBLIC "-//W3C//DTD XHTML 1.0 Transitional//EN"
    "http://www.w3.org/TR/xhtml1/DTD/xhtml1-transitional.dtd">
<html xmlns="http://www.w3.org/1999/xhtml" xml:lang="en" lang="en">
 <head>
  <title>
</title>
<meta http-equiv="Content-Type" content="text/html;charset=utf-8" />
  <meta name='ocr-system' content='tesseract 3.04.00' />
  <meta name='ocr-capabilities' content='ocr_page ocr_carea ocr_par ocr_line ocrx_word'/>
</head>
<body>
  <div class='ocr_page' id='page_1' title='image "./mtciceronisquae00lemagoog_0440.png"; bbox 0 0 3018 4664; ppageno 0'>
   <div class='ocr_carea' id='block_1_1' title="bbox 423 379 1254 480">
    <p class='ocr_par' dir='ltr' id='par_1_1' title="bbox 423 379 1254 480">
     <span class='ocr_line' id='line_1_1' title="bbox 423 379 1254 480; baseline 0.006 -32"><span class='ocrx_word' id='word_1_1' title='bbox 423 475 424 480; x_wconf 8' lang='grc' dir='ltr'><strong><em>Ν</em></strong></span> <span class='ocrx_word' id='word_1_2' title='bbox 463 380 519 450; x_wconf 80' lang='lat' dir='ltr'><strong>m</strong></span> <span class='ocrx_word' id='word_1_3' title='bbox 544 381 584 448; x_wconf 81' lang='lat' dir='ltr'><strong>L.</strong></span> <span class='ocrx_word' id='word_1_4' title='bbox 611 379 923 468; x_wconf 66' lang='lat' dir='ltr'><strong>eructuem,</strong></span> <span class='ocrx_word' id='word_1_5' title='bbox 947 385 997 450; x_wconf 92' lang='lat'><strong>11.</strong></span> <span class='ocrx_word' id='word_1_6' title='bbox 1187 382 1254 468; x_wconf 71' lang='lat'><strong>431</strong></span> 
     </span>
    </p>
   </div>
   <div class='ocr_carea' id='block_1_2' title="bbox 194 501 1320 2360">
    <p class='ocr_par' dir='ltr' id='par_1_2' title="bbox 194 501 1320 2360">
     <span class='ocr_line' id='line_1_2' title="bbox 199 501 1261 601; baseline 0.001 -24"><span class='ocrx_word' id='word_1_7' title='bbox 199 505 453 577; x_wconf 80' lang='lat' dir='ltr'><strong>exercitatione</strong></span> <span class='ocrx_word' id='word_1_8' title='bbox 470 501 664 574; x_wconf 85' lang='lat' dir='ltr'><strong>robustum</strong></span> <span class='ocrx_word' id='word_1_9' title='bbox 685 531 693 571; x_wconf 80' lang='lat' dir='ltr'><strong>r</strong></span> <span class='ocrx_word' id='word_1_10' title='bbox 712 527 787 598; x_wconf 90' lang='lat' dir='ltr'><strong>quo</strong></span> <span class='ocrx_word' id='word_1_11' title='bbox 801 527 844 574; x_wconf 84' lang='lat' dir='ltr'><strong>ex</strong></span> <span class='ocrx_word' id='word_1_12' title='bbox 862 525 993 599; x_wconf 81' lang='lat' dir='ltr'><strong>genere</strong></span> <span class='ocrx_word' id='word_1_13' title='bbox 1007 517 1062 574; x_wconf 90' lang='lat' dir='ltr'><strong>est</strong></span> <span class='ocrx_word' id='word_1_14' title='bbox 1081 504 1158 601; x_wconf 88' lang='lat' dir='ltr'><strong>ipse</strong></span> <span class='ocrx_word' id='word_1_15' title='bbox 1175 505 1261 578; x_wconf 83' lang='lat' dir='ltr'><strong>Mal·</strong></span> 
     </span>
     <span class='ocr_line' id='line_1_3' title="bbox 198 612 1261 702; baseline 0.003 -16"><span class='ocrx_word' id='word_1_16' title='bbox 198 616 284 702; x_wconf 92' lang='lat' dir='ltr'><strong>lius,</strong></span> <span class='ocrx_word' id='word_1_17' title='bbox 304 615 363 685; x_wconf 92' lang='lat' dir='ltr'><strong>cui</strong></span> <span class='ocrx_word' id='word_1_18' title='bbox 388 636 487 684; x_wconf 85' lang='lat' dir='ltr'><strong>nunc</strong></span> <span class='ocrx_word' id='word_1_19' title='bbox 510 613 661 683; x_wconf 80' lang='lat' dir='ltr'>Catilina</span> <span class='ocrx_word' id='word_1_20' title='bbox 680 612 847 684; x_wconf 85' lang='lat' dir='ltr'><strong>succedit.</strong></span> <span class='ocrx_word' id='word_1_21' title='bbox 870 614 915 682; x_wconf 91' lang='lat' dir='ltr'><strong>Hi</strong></span> <span class='ocrx_word' id='word_1_22' title='bbox 931 627 1015 684; x_wconf 89' lang='lat' dir='ltr'><strong>sunt</strong></span> <span class='ocrx_word' id='word_1_23' title='bbox 1031 612 1198 686; x_wconf 88' lang='lat' dir='ltr'><strong>homines</strong></span> <span class='ocrx_word' id='word_1_24' title='bbox 1216 640 1261 690; x_wconf 82' lang='lat' dir='ltr'><strong>cu</strong></span> 
     </span>
     <span class='ocr_line' id='line_1_4' title="bbox 198 717 1261 825; baseline 0.004 -29"><span class='ocrx_word' id='word_1_25' title='bbox 198 727 240 818; x_wconf 80' lang='lat' dir='ltr'><strong>iis</strong></span> <span class='ocrx_word' id='word_1_26' title='bbox 259 717 449 809; x_wconf 51' lang='lat' dir='ltr'><strong>coloniisl,</strong></span> <span class='ocrx_word' id='word_1_27' title='bbox 467 746 556 819; x_wconf 83' lang='lat' dir='ltr'><strong>quas</strong></span> <span class='ocrx_word' id='word_1_28' title='bbox 571 723 729 794; x_wconf 80' lang='lat' dir='ltr'><strong>Fesulis9</strong></span> <span class='ocrx_word' id='word_1_29' title='bbox 743 721 839 794; x_wconf 85' lang='lat' dir='ltr'><strong>Sulla</strong></span> <span class='ocrx_word' id='word_1_30' title='bbox 856 725 1041 794; x_wconf 85' lang='lat' dir='ltr'><strong>coustituit</strong></span> <span class='ocrx_word' id='word_1_31' title='bbox 1060 750 1068 793; x_wconf 76' lang='grc' dir='ltr'><strong><em>ε</em></strong></span> <span class='ocrx_word' id='word_1_32' title='bbox 1087 747 1177 822; x_wconf 85' lang='lat' dir='ltr'><strong>quas</strong></span> <span class='ocrx_word' id='word_1_33' title='bbox 1194 751 1261 825; x_wconf 85' lang='lat' dir='ltr'><strong>ego</strong></span> 
     </span>
     <span class='ocr_line' id='line_1_5' title="bbox 200 832 1262 929; baseline 0.004 -25"><span class='ocrx_word' id='word_1_34' title='bbox 200 836 383 904; x_wconf 83' lang='lat' dir='ltr'><strong>universus</strong></span> <span class='ocrx_word' id='word_1_35' title='bbox 408 832 539 903; x_wconf 89' lang='lat' dir='ltr'><strong>civium</strong></span> <span class='ocrx_word' id='word_1_36' title='bbox 566 855 642 904; x_wconf 89' lang='lat' dir='ltr'><strong>esse</strong></span> <span class='ocrx_word' id='word_1_37' title='bbox 668 834 910 929; x_wconf 90' lang='lat' dir='ltr'><strong>optimorum,</strong></span> <span class='ocrx_word' id='word_1_38' title='bbox 931 848 968 906; x_wconf 83' lang='lat' dir='ltr'><strong>et</strong></span> <span class='ocrx_word' id='word_1_39' title='bbox 986 833 1262 908; x_wconf 85' lang='lat' dir='ltr'><strong>fortissimorum</strong></span> 
     </span>
     <span class='ocr_line' id='line_1_6' title="bbox 198 939 1263 1040; baseline 0.004 -27"><span class='ocrx_word' id='word_1_40' title='bbox 198 947 361 1014; x_wconf 88' lang='lat' dir='ltr'><strong>virorum</strong></span> <span class='ocrx_word' id='word_1_41' title='bbox 384 943 517 1029; x_wconf 86' lang='lat' dir='ltr'><strong>sentio;</strong></span> <span class='ocrx_word' id='word_1_42' title='bbox 535 939 599 1012; x_wconf 90' lang='lat' dir='ltr'><strong>sed</strong></span> <span class='ocrx_word' id='word_1_43' title='bbox 617 955 738 1012; x_wconf 82' lang='lat' dir='ltr'><strong>temen</strong></span> <span class='ocrx_word' id='word_1_44' title='bbox 760 939 799 1012; x_wconf 91' lang='lat' dir='ltr'><strong>hi</strong></span> <span class='ocrx_word' id='word_1_45' title='bbox 817 955 904 1012; x_wconf 89' lang='lat' dir='ltr'><strong>sunt</strong></span> <span class='ocrx_word' id='word_1_46' title='bbox 926 942 1061 1030; x_wconf 91' lang='lat' dir='ltr'><strong>coloni,</strong></span> <span class='ocrx_word' id='word_1_47' title='bbox 1080 947 1143 1040; x_wconf 91' lang='lat' dir='ltr'><strong>qui</strong></span> <span class='ocrx_word' id='word_1_48' title='bbox 1169 950 1263 1018; x_wconf 90' lang='lat' dir='ltr'><strong>sein</strong></span> 
     </span>
     <span class='ocr_line' id='line_1_7' title="bbox 200 1052 1261 1152; baseline 0.002 -28"><span class='ocrx_word' id='word_1_49' title='bbox 200 1053 389 1151; x_wconf 86' lang='lat' dir='ltr'><strong>insperatis</strong></span> <span class='ocrx_word' id='word_1_50' title='bbox 409 1052 680 1150; x_wconf 86' lang='lat' dir='ltr'><strong>repentinisque</strong></span> <span class='ocrx_word' id='word_1_51' title='bbox 691 1061 724 1095; x_wconf 83' lang='lat'><strong>¹⁰</strong></span> <span class='ocrx_word' id='word_1_52' title='bbox 750 1053 913 1150; x_wconf 90' lang='lat' dir='ltr'><strong>pecuniis</strong></span> <span class='ocrx_word' id='word_1_53' title='bbox 935 1056 1181 1152; x_wconf 83' lang='lat' dir='ltr'><strong>sumptuosius</strong></span> <span class='ocrx_word' id='word_1_54' title='bbox 1203 1057 1261 1126; x_wconf 92' lang='lat' dir='ltr'><strong>iu·</strong></span> 
     </span>
     <span class='ocr_line' id='line_1_8' title="bbox 200 1161 1262 1263; baseline 0.002 -29"><span class='ocrx_word' id='word_1_55' title='bbox 200 1163 449 1258; x_wconf 86' lang='lat' dir='ltr'><strong>solentiusque</strong></span> <span class='ocrx_word' id='word_1_56' title='bbox 474 1161 663 1256; x_wconf 82' lang='lat' dir='ltr'><strong>jactarunt.</strong></span> <span class='ocrx_word' id='word_1_57' title='bbox 687 1163 732 1230; x_wconf 88' lang='lat' dir='ltr'><strong>Hi</strong></span> <span class='ocrx_word' id='word_1_58' title='bbox 752 1162 840 1232; x_wconf 89' lang='lat' dir='ltr'><strong>dum</strong></span> <span class='ocrx_word' id='word_1_59' title='bbox 864 1161 1058 1251; x_wconf 70' lang='lat' dir='ltr'><strong>aedificant,</strong></span> <span class='ocrx_word' id='word_1_60' title='bbox 1078 1179 1262 1263; x_wconf 83' lang='lat' dir='ltr'><strong>tamquam</strong></span> 
     </span>
     <span class='ocr_line' id='line_1_9' title="bbox 194 1269 1264 1369; baseline 0.002 -25"><span class='ocrx_word' id='word_1_61' title='bbox 194 1273 314 1360; x_wconf 76' lang='lat' dir='ltr'><strong>‘beati3</strong></span> <span class='ocrx_word' id='word_1_62' title='bbox 334 1272 422 1344; x_wconf 90' lang='lat' dir='ltr'><strong>dum</strong></span> <span class='ocrx_word' id='word_1_63' title='bbox 436 1269 596 1369; x_wconf 67' lang='lat' dir='ltr'><strong>prediis,</strong></span> <span class='ocrx_word' id='word_1_64' title='bbox 613 1271 765 1358; x_wconf 87' lang='lat' dir='ltr'><strong>lecticis,</strong></span> <span class='ocrx_word' id='word_1_65' title='bbox 783 1269 923 1342; x_wconf 86' lang='lat' dir='ltr'><strong>familiis</strong></span> <span class='ocrx_word' id='word_1_66' title='bbox 936 1275 1073 1369; x_wconf 82' lang='lat' dir='ltr'><strong>magnis</strong></span> <span class='ocrx_word' id='word_1_67' title='bbox 1084 1277 1264 1362; x_wconf 83' lang='lat' dir='ltr'><strong>¹¹,eonvi-</strong></span> 
     </span>
     <span class='ocr_line' id='line_1_10' title="bbox 199 1379 1263 1480; baseline 0.004 -28"><span class='ocrx_word' id='word_1_68' title='bbox 199 1385 265 1454; x_wconf 92' lang='lat' dir='ltr'><strong>viis</strong></span> <span class='ocrx_word' id='word_1_69' title='bbox 279 1384 458 1480; x_wconf 77' lang='lat' dir='ltr'><strong>apparatis</strong></span> <span class='ocrx_word' id='word_1_70' title='bbox 474 1379 716 1466; x_wconf 82' lang='lat' dir='ltr'><strong>delectentur,</strong></span> <span class='ocrx_word' id='word_1_71' title='bbox 735 1383 771 1450; x_wconf 88' lang='lat' dir='ltr'><strong>in</strong></span> <span class='ocrx_word' id='word_1_72' title='bbox 787 1395 928 1452; x_wconf 86' lang='lat' dir='ltr'><strong>tantum</strong></span> <span class='ocrx_word' id='word_1_73' title='bbox 943 1407 988 1452; x_wconf 74' lang='lat' dir='ltr'><strong>tes</strong></span> <span class='ocrx_word' id='word_1_74' title='bbox 1003 1381 1161 1454; x_wconf 86' lang='lat' dir='ltr'><strong>alienum</strong></span> <span class='ocrx_word' id='word_1_75' title='bbox 1177 1386 1263 1456; x_wconf 90' lang='lat' dir='ltr'><strong>inci-</strong></span> 
     </span>
     <span class='ocr_line' id='line_1_11' title="bbox 201 1490 1264 1582; baseline 0.004 -20"><span class='ocrx_word' id='word_1_76' title='bbox 201 1491 352 1582; x_wconf 88' lang='lat' dir='ltr'><strong>derunt,</strong></span> <span class='ocrx_word' id='word_1_77' title='bbox 371 1505 429 1580; x_wconf 88' lang='lat' dir='ltr'><strong>ut,</strong></span> <span class='ocrx_word' id='word_1_78' title='bbox 447 1494 476 1562; x_wconf 91' lang='lat' dir='ltr'><strong>si</strong></span> <span class='ocrx_word' id='word_1_79' title='bbox 493 1491 578 1562; x_wconf 76' lang='lat' dir='ltr'><strong>snlri</strong></span> <span class='ocrx_word' id='word_1_80' title='bbox 597 1515 672 1562; x_wconf 86' lang='lat' dir='ltr'><strong>esse</strong></span> <span class='ocrx_word' id='word_1_81' title='bbox 691 1491 823 1578; x_wconf 84' lang='lat' dir='ltr'><strong>velint,</strong></span> <span class='ocrx_word' id='word_1_82' title='bbox 842 1490 937 1562; x_wconf 82' lang='lat' dir='ltr'><strong>Sulla</strong></span> <span class='ocrx_word' id='word_1_83' title='bbox 954 1495 1000 1562; x_wconf 89' lang='lat' dir='ltr'><strong>sit</strong></span> <span class='ocrx_word' id='word_1_84' title='bbox 1019 1493 1061 1563; x_wconf 93' lang='lat' dir='ltr'><strong>iis</strong></span> <span class='ocrx_word' id='word_1_85' title='bbox 1080 1491 1127 1564; x_wconf 86' lang='lat' dir='ltr'><strong>ab</strong></span> <span class='ocrx_word' id='word_1_86' title='bbox 1141 1492 1264 1566; x_wconf 87' lang='lat' dir='ltr'><strong>inferis</strong></span> 
     </span>
     <span class='ocr_line' id='line_1_12' title="bbox 202 1600 1263 1698; baseline 0.004 -25"><span class='ocrx_word' id='word_1_87' title='bbox 202 1600 421 1673; x_wconf 82' lang='lat' dir='ltr'><strong>excitandus.</strong></span> <span class='ocrx_word' id='word_1_88' title='bbox 441 1603 514 1692; x_wconf 91' lang='lat' dir='ltr'><strong>Qui</strong></span> <span class='ocrx_word' id='word_1_89' title='bbox 530 1603 638 1672; x_wconf 82' lang='lat' dir='ltr'><strong>etism</strong></span> <span class='ocrx_word' id='word_1_90' title='bbox 656 1601 853 1674; x_wconf 86' lang='lat' dir='ltr'><strong>nonnullos</strong></span> <span class='ocrx_word' id='word_1_91' title='bbox 866 1615 1019 1698; x_wconf 78' lang='lat' dir='ltr'><strong>agrestes</strong></span> <span class='ocrx_word' id='word_1_92' title='bbox 1031 1613 1081 1689; x_wconf 83' lang='lat'><strong>¹¹,</strong></span> <span class='ocrx_word' id='word_1_93' title='bbox 1095 1603 1263 1680; x_wconf 85' lang='lat' dir='ltr'><strong>homines</strong></span> 
     </span>
     <span class='ocr_line' id='line_1_13' title="bbox 203 1709 1265 1811; baseline 0.001 -28"><span class='ocrx_word' id='word_1_94' title='bbox 203 1729 330 1784; x_wconf 87' lang='lat' dir='ltr'><strong>tenues</strong></span> <span class='ocrx_word' id='word_1_95' title='bbox 347 1726 457 1808; x_wconf 87' lang='lat' dir='ltr'><strong>atque</strong></span> <span class='ocrx_word' id='word_1_96' title='bbox 476 1726 640 1809; x_wconf 82' lang='lat' dir='ltr'><strong>egentes,</strong></span> <span class='ocrx_word' id='word_1_97' title='bbox 659 1711 698 1781; x_wconf 89' lang='lat' dir='ltr'><strong>in</strong></span> <span class='ocrx_word' id='word_1_98' title='bbox 717 1710 880 1782; x_wconf 84' lang='lat' dir='ltr'><strong>eamdem</strong></span> <span class='ocrx_word' id='word_1_99' title='bbox 897 1709 993 1782; x_wconf 86' lang='lat' dir='ltr'><strong>illam</strong></span> <span class='ocrx_word' id='word_1_100' title='bbox 1008 1735 1109 1807; x_wconf 85' lang='lat' dir='ltr'><strong>spem</strong></span> <span class='ocrx_word' id='word_1_101' title='bbox 1124 1713 1265 1811; x_wconf 73' lang='lat' dir='ltr'><strong>rupina·</strong></span> 
     </span>
     <span class='ocr_line' id='line_1_14' title="bbox 202 1819 1265 1918; baseline 0.002 -26"><span class='ocrx_word' id='word_1_102' title='bbox 202 1845 284 1892; x_wconf 86' lang='lat' dir='ltr'><strong>rum</strong></span> <span class='ocrx_word' id='word_1_103' title='bbox 302 1835 466 1892; x_wconf 85' lang='lat' dir='ltr'><strong>veterum</strong></span> <span class='ocrx_word' id='word_1_104' title='bbox 487 1819 720 1918; x_wconf 87' lang='lat' dir='ltr'><strong>impulerunt.</strong></span> <span class='ocrx_word' id='word_1_105' title='bbox 745 1822 846 1910; x_wconf 88' lang='lat' dir='ltr'><strong>Quos</strong></span> <span class='ocrx_word' id='word_1_106' title='bbox 867 1843 935 1916; x_wconf 86' lang='lat' dir='ltr'><strong>ego</strong></span> <span class='ocrx_word' id='word_1_107' title='bbox 956 1835 1152 1918; x_wconf 83' lang='lat' dir='ltr'><strong>utrosque,</strong></span> <span class='ocrx_word' id='word_1_108' title='bbox 1175 1824 1265 1914; x_wconf 80' lang='lat' dir='ltr'><strong>Qui·</strong></span> 
     </span>
     <span class='ocr_line' id='line_1_15' title="bbox 202 1928 1265 2030; baseline 0.001 -28"><span class='ocrx_word' id='word_1_109' title='bbox 202 1935 304 2017; x_wconf 78' lang='lat' dir='ltr'><strong>cites,</strong></span> <span class='ocrx_word' id='word_1_110' title='bbox 331 1935 367 2001; x_wconf 91' lang='lat' dir='ltr'><strong>in</strong></span> <span class='ocrx_word' id='word_1_111' title='bbox 394 1929 521 2002; x_wconf 89' lang='lat' dir='ltr'><strong>eodem</strong></span> <span class='ocrx_word' id='word_1_112' title='bbox 550 1953 681 2030; x_wconf 82' lang='lat' dir='ltr'><strong>genere</strong></span> <span class='ocrx_word' id='word_1_113' title='bbox 701 1929 941 2028; x_wconf 50' lang='lat' dir='ltr'><strong>praedatorum</strong></span> <span class='ocrx_word' id='word_1_114' title='bbox 956 1928 1265 2029; x_wconf 74' lang='lat' dir='ltr'><strong>sdireptonrmqu&#39;e</strong></span> 
     </span>
     <span class='ocr_line' id='line_1_16' title="bbox 203 2038 1265 2140; baseline 0.001 -29"><span class='ocrx_word' id='word_1_115' title='bbox 203 2065 315 2140; x_wconf 92' lang='lat' dir='ltr'><strong>pono.</strong></span> <span class='ocrx_word' id='word_1_116' title='bbox 333 2039 405 2112; x_wconf 86' lang='lat' dir='ltr'><strong>Sed</strong></span> <span class='ocrx_word' id='word_1_117' title='bbox 425 2065 486 2111; x_wconf 89' lang='lat' dir='ltr'><strong>eos</strong></span> <span class='ocrx_word' id='word_1_118' title='bbox 504 2039 575 2110; x_wconf 91' lang='lat' dir='ltr'><strong>boc</strong></span> <span class='ocrx_word' id='word_1_119' title='bbox 597 2065 730 2111; x_wconf 92' lang='lat' dir='ltr'><strong>moneo</strong></span> <span class='ocrx_word' id='word_1_120' title='bbox 755 2038 945 2111; x_wconf 85' lang='lat' dir='ltr'><strong>:desinant</strong></span> <span class='ocrx_word' id='word_1_121' title='bbox 962 2038 1098 2128; x_wconf 88' lang='lat' dir='ltr'><strong>furere,</strong></span> <span class='ocrx_word' id='word_1_122' title='bbox 1116 2063 1157 2112; x_wconf 82' lang='lat' dir='ltr'><strong>ac</strong></span> <span class='ocrx_word' id='word_1_123' title='bbox 1178 2065 1265 2138; x_wconf 90' lang='lat' dir='ltr'><strong>pro·</strong></span> 
     </span>
     <span class='ocr_line' id='line_1_17' title="bbox 203 2149 1320 2250; baseline 0.001 -28"><span class='ocrx_word' id='word_1_124' title='bbox 203 2153 416 2250; x_wconf 71' lang='lat' dir='ltr'><strong>scriptiones</strong></span> <span class='ocrx_word' id='word_1_125' title='bbox 441 2165 477 2222; x_wconf 88' lang='lat' dir='ltr'><strong>et</strong></span> <span class='ocrx_word' id='word_1_126' title='bbox 498 2149 687 2222; x_wconf 76' lang='lat' dir='ltr'><strong>dictaturas</strong></span> <span class='ocrx_word' id='word_1_127' title='bbox 715 2153 880 2248; x_wconf 81' lang='lat' dir='ltr'><strong>cogitare.</strong></span> <span class='ocrx_word' id='word_1_128' title='bbox 909 2153 1042 2221; x_wconf 84' lang='lat' dir='ltr'><strong>Tantus</strong></span> <span class='ocrx_word' id='word_1_129' title='bbox 1063 2153 1160 2220; x_wconf 88' lang='lat' dir='ltr'><strong>enim</strong></span> <span class='ocrx_word' id='word_1_130' title='bbox 1183 2151 1265 2223; x_wconf 81' lang='lat' dir='ltr'><strong>itto-</strong></span> <span class='ocrx_word' id='word_1_131' title='bbox 1316 2193 1320 2202; x_wconf 76' lang='lat'><strong>,</strong></span> 
     </span>
     <span class='ocr_line' id='line_1_18' title="bbox 204 2257 1265 2360; baseline 0 -28"><span class='ocrx_word' id='word_1_132' title='bbox 204 2285 286 2332; x_wconf 89' lang='lat' dir='ltr'><strong>rum</strong></span> <span class='ocrx_word' id='word_1_133' title='bbox 296 2277 502 2360; x_wconf 88' lang='lat' dir='ltr'><strong>temporum</strong></span> <span class='ocrx_word' id='word_1_134' title='bbox 519 2259 625 2332; x_wconf 88' lang='lat' dir='ltr'><strong>dolor</strong></span> <span class='ocrx_word' id='word_1_135' title='bbox 638 2265 780 2332; x_wconf 90' lang='lat' dir='ltr'><strong>inustus</strong></span> <span class='ocrx_word' id='word_1_136' title='bbox 791 2273 845 2332; x_wconf 89' lang='lat' dir='ltr'><strong>est</strong></span> <span class='ocrx_word' id='word_1_137' title='bbox 861 2261 993 2331; x_wconf 84' lang='lat' dir='ltr'><strong>civitati</strong></span> <span class='ocrx_word' id='word_1_138' title='bbox 1007 2257 1052 2349; x_wconf 84' lang='lat'><strong>¹³,</strong></span> <span class='ocrx_word' id='word_1_139' title='bbox 1065 2261 1183 2356; x_wconf 83' lang='lat' dir='ltr'><strong>utjam</strong></span> <span class='ocrx_word' id='word_1_140' title='bbox 1198 2262 1265 2332; x_wconf 90' lang='lat' dir='ltr'><strong>ista</strong></span> 
     </span>
    </p>
   </div>
   <div class='ocr_carea' id='block_1_3' title="bbox 148 2442 1274 4174">
    <p class='ocr_par' dir='ltr' id='par_1_3' title="bbox 204 2442 1269 3220">
     <span class='ocr_line' id='line_1_19' title="bbox 204 2442 1265 2516; baseline 0.004 -18"><span class='ocrx_word' id='word_1_141' title='bbox 204 2442 347 2508; x_wconf 60' lang='lat' dir='ltr'><strong>aceremur}</strong></span> <span class='ocrx_word' id='word_1_142' title='bbox 358 2465 423 2498; x_wconf 86' lang='lat' dir='ltr'><strong>nuuc</strong></span> <span class='ocrx_word' id='word_1_143' title='bbox 435 2449 493 2500; x_wconf 88' lang='lat' dir='ltr'><strong>illos</strong></span> <span class='ocrx_word' id='word_1_144' title='bbox 512 2450 554 2516; x_wconf 89' lang='lat' dir='ltr'><strong>qui</strong></span> <span class='ocrx_word' id='word_1_145' title='bbox 566 2451 593 2502; x_wconf 82' lang='lat' dir='ltr'><strong>iu</strong></span> <span class='ocrx_word' id='word_1_146' title='bbox 606 2451 715 2500; x_wconf 82' lang='lat' dir='ltr'><strong>exercitu</strong></span> <span class='ocrx_word' id='word_1_147' title='bbox 793 2467 818 2514; x_wconf 56' lang='lat'><strong>9,</strong></span> <span class='ocrx_word' id='word_1_148' title='bbox 827 2451 894 2512; x_wconf 73' lang='lat' dir='ltr'><strong>Quas</strong></span> <span class='ocrx_word' id='word_1_149' title='bbox 900 2449 998 2500; x_wconf 77' lang='lat' dir='ltr'><strong>Iesulr&#39;s.</strong></span> <span class='ocrx_word' id='word_1_150' title='bbox 1010 2450 1068 2500; x_wconf 77' lang='lat' dir='ltr'><strong>Vox</strong></span> <span class='ocrx_word' id='word_1_151' title='bbox 1078 2449 1170 2500; x_wconf 75' lang='lat' dir='ltr'><strong>Fesrrlr&#39;s</strong></span> <span class='ocrx_word' id='word_1_152' title='bbox 1180 2463 1265 2502; x_wconf 86' lang='lat' dir='ltr'><strong>sucto-</strong></span> 
     </span>
     <span class='ocr_line' id='line_1_20' title="bbox 205 2529 1263 2590; baseline 0.006 -14"><span class='ocrx_word' id='word_1_153' title='bbox 205 2541 275 2577; x_wconf 89' lang='lat' dir='ltr'><strong>erant</strong></span> <span class='ocrx_word' id='word_1_154' title='bbox 283 2540 416 2578; x_wconf 77' lang='lat' dir='ltr'><strong>enumerat.</strong></span> <span class='ocrx_word' id='word_1_155' title='bbox 428 2531 527 2578; x_wconf 82' lang='lat' dir='ltr'><strong>Veteres</strong></span> <span class='ocrx_word' id='word_1_156' title='bbox 537 2531 594 2579; x_wconf 86' lang='lat' dir='ltr'><strong>libri</strong></span> <span class='ocrx_word' id='word_1_157' title='bbox 607 2532 709 2580; x_wconf 87' lang='lat' dir='ltr'><strong>habeut:</strong></span> <span class='ocrx_word' id='word_1_158' title='bbox 757 2529 824 2577; x_wconf 88' lang='lat' dir='ltr'><strong>ribus</strong></span> <span class='ocrx_word' id='word_1_159' title='bbox 837 2531 949 2590; x_wconf 85' lang='lat' dir='ltr'><strong>Mureto,</strong></span> <span class='ocrx_word' id='word_1_160' title='bbox 958 2533 1053 2579; x_wconf 89' lang='lat' dir='ltr'><strong>Msuut.</strong></span> <span class='ocrx_word' id='word_1_161' title='bbox 1066 2531 1150 2579; x_wconf 77' lang='lat' dir='ltr'><strong>bamb.</strong></span> <span class='ocrx_word' id='word_1_162' title='bbox 1165 2531 1263 2582; x_wconf 71' lang='lat' dir='ltr'><strong>Inllem.</strong></span> 
     </span>
     <span class='ocr_line' id='line_1_21' title="bbox 206 2609 1265 2675; baseline 0.008 -23"><span class='ocrx_word' id='word_1_163' title='bbox 206 2609 334 2658; x_wconf 65' lang='lat' dir='ltr'><strong>aTsrtium</strong></span> <span class='ocrx_word' id='word_1_164' title='bbox 354 2623 429 2672; x_wconf 78' lang='lat' dir='ltr'><strong>genus</strong></span> <span class='ocrx_word' id='word_1_165' title='bbox 448 2618 485 2656; x_wconf 85' lang='lat' dir='ltr'><strong>est</strong></span> <span class='ocrx_word' id='word_1_166' title='bbox 504 2618 573 2658; x_wconf 75' lang='lat' dir='ltr'><strong>etate</strong></span> <span class='ocrx_word' id='word_1_167' title='bbox 583 2611 633 2672; x_wconf 85' lang='lat' dir='ltr'><strong>jam</strong></span> <span class='ocrx_word' id='word_1_168' title='bbox 646 2613 714 2662; x_wconf 75' lang='lat' dir='ltr'><strong>ellos-</strong></span> <span class='ocrx_word' id='word_1_169' title='bbox 758 2609 859 2657; x_wconf 83' lang='lat' dir='ltr'><strong>delenda</strong></span> <span class='ocrx_word' id='word_1_170' title='bbox 867 2609 978 2669; x_wconf 72' lang='lat' dir='ltr'><strong>rideturr</strong></span> <span class='ocrx_word' id='word_1_171' title='bbox 990 2625 1042 2658; x_wconf 88' lang='lat' dir='ltr'><strong>nou</strong></span> <span class='ocrx_word' id='word_1_172' title='bbox 1054 2611 1118 2658; x_wconf 83' lang='lat' dir='ltr'><strong>enisu</strong></span> <span class='ocrx_word' id='word_1_173' title='bbox 1132 2611 1213 2675; x_wconf 88' lang='lat' dir='ltr'><strong>plures</strong></span> <span class='ocrx_word' id='word_1_174' title='bbox 1222 2628 1265 2661; x_wconf 89' lang='lat' dir='ltr'><strong>eo-</strong></span> 
     </span>
     <span class='ocr_line' id='line_1_22' title="bbox 205 2687 1195 2751; baseline 0.004 -15"><span class='ocrx_word' id='word_1_175' title='bbox 205 2699 271 2736; x_wconf 88' lang='lat' dir='ltr'><strong>tum.</strong></span> <span class='ocrx_word' id='word_1_176' title='bbox 281 2721 306 2736; x_wconf 90' lang='lat'><strong>..</strong></span> <span class='ocrx_word' id='word_1_177' title='bbox 322 2689 380 2750; x_wconf 89' lang='lat' dir='ltr'><strong>Quo</strong></span> <span class='ocrx_word' id='word_1_178' title='bbox 391 2701 520 2751; x_wconf 79' lang='lat' dir='ltr'><strong>exgenere</strong></span> <span class='ocrx_word' id='word_1_179' title='bbox 536 2688 582 2736; x_wconf 85' lang='lat' dir='ltr'><strong>iste</strong></span> <span class='ocrx_word' id='word_1_180' title='bbox 598 2700 635 2738; x_wconf 85' lang='lat' dir='ltr'><strong>est</strong></span> <span class='ocrx_word' id='word_1_181' title='bbox 650 2691 714 2738; x_wconf 75' lang='lat' dir='ltr'><strong>Mul-</strong></span> <span class='ocrx_word' id='word_1_182' title='bbox 757 2689 836 2738; x_wconf 84' lang='lat' dir='ltr'><strong>louias</strong></span> <span class='ocrx_word' id='word_1_183' title='bbox 850 2687 915 2736; x_wconf 87' lang='lat' dir='ltr'><strong>Sulla</strong></span> <span class='ocrx_word' id='word_1_184' title='bbox 928 2687 1018 2738; x_wconf 78' lang='lat' dir='ltr'><strong>Feralis</strong></span> <span class='ocrx_word' id='word_1_185' title='bbox 1029 2691 1195 2740; x_wconf 84' lang='lat' dir='ltr'><strong>constituerat.</strong></span> 
     </span>
     <span class='ocr_line' id='line_1_23' title="bbox 205 2767 1265 2836; baseline 0.005 -22"><span class='ocrx_word' id='word_1_186' title='bbox 205 2767 269 2816; x_wconf 69' lang='lat' dir='ltr'><strong>lius»</strong></span> <span class='ocrx_word' id='word_1_187' title='bbox 276 2801 284 2826; x_wconf 93' lang='lat'>‚</span> <span class='ocrx_word' id='word_1_188' title='bbox 298 2767 355 2816; x_wconf 82' lang='lat' dir='ltr'><strong>loco</strong></span> <span class='ocrx_word' id='word_1_189' title='bbox 367 2777 423 2816; x_wconf 83' lang='lat' dir='ltr'><strong>«est</strong></span> <span class='ocrx_word' id='word_1_190' title='bbox 434 2768 486 2832; x_wconf 85' lang='lat' dir='ltr'><strong>ipse</strong></span> <span class='ocrx_word' id='word_1_191' title='bbox 500 2767 599 2816; x_wconf 85' lang='lat' dir='ltr'><strong>Mallius</strong></span> <span class='ocrx_word' id='word_1_192' title='bbox 607 2787 628 2816; x_wconf 77' lang='grc' dir='ltr'><strong>ι.</strong></span> <span class='ocrx_word' id='word_1_193' title='bbox 797 2783 835 2816; x_wconf 86' lang='grc' dir='ltr'><strong>ιο.</strong></span> <span class='ocrx_word' id='word_1_194' title='bbox 851 2767 901 2830; x_wconf 85' lang='lat' dir='ltr'><strong>Qui</strong></span> <span class='ocrx_word' id='word_1_195' title='bbox 911 2783 937 2814; x_wconf 79' lang='lat' dir='ltr'><strong>se</strong></span> <span class='ocrx_word' id='word_1_196' title='bbox 948 2767 973 2816; x_wconf 83' lang='lat' dir='ltr'><strong>in</strong></span> <span class='ocrx_word' id='word_1_197' title='bbox 985 2768 1111 2831; x_wconf 78' lang='lat' dir='ltr'><strong>insperatis</strong></span> <span class='ocrx_word' id='word_1_198' title='bbox 1123 2769 1265 2836; x_wconf 71' lang='lat' dir='ltr'><strong>repentinis·</strong></span> 
     </span>
     <span class='ocr_line' id='line_1_24' title="bbox 220 2844 1268 2912; baseline 0.003 -19"><span class='ocrx_word' id='word_1_199' title='bbox 220 2903 224 2912; x_wconf 88' lang='lat'><strong>.</strong></span> <span class='ocrx_word' id='word_1_200' title='bbox 242 2848 266 2895; x_wconf 84' lang='lat'><strong>8.</strong></span> <span class='ocrx_word' id='word_1_201' title='bbox 275 2849 317 2895; x_wconf 77' lang='lat' dir='ltr'><strong>Ere</strong></span> <span class='ocrx_word' id='word_1_202' title='bbox 324 2845 352 2895; x_wconf 83' lang='lat' dir='ltr'><strong>iis</strong></span> <span class='ocrx_word' id='word_1_203' title='bbox 362 2845 470 2895; x_wconf 80' lang='lat' dir='ltr'><strong>coloniis.</strong></span> <span class='ocrx_word' id='word_1_204' title='bbox 480 2846 545 2894; x_wconf 82' lang='lat' dir='ltr'><strong>Sulla</strong></span> <span class='ocrx_word' id='word_1_205' title='bbox 555 2844 716 2912; x_wconf 84' lang='lat' dir='ltr'><strong>milites‚&#39;quo·</strong></span> <span class='ocrx_word' id='word_1_206' title='bbox 759 2861 814 2910; x_wconf 85' lang='lat' dir='ltr'><strong>qus.</strong></span> <span class='ocrx_word' id='word_1_207' title='bbox 825 2847 854 2892; x_wconf 84' lang='lat' dir='ltr'><strong>In</strong></span> <span class='ocrx_word' id='word_1_208' title='bbox 868 2845 943 2894; x_wconf 86' lang='lat' dir='ltr'><strong>abest.</strong></span> <span class='ocrx_word' id='word_1_209' title='bbox 954 2847 1046 2894; x_wconf 86' lang='lat' dir='ltr'><strong>Natura</strong></span> <span class='ocrx_word' id='word_1_210' title='bbox 1060 2859 1224 2912; x_wconf 77' lang='lat' dir='ltr'><strong>comparatum</strong></span> <span class='ocrx_word' id='word_1_211' title='bbox 1231 2859 1268 2896; x_wconf 84' lang='lat' dir='ltr'><strong>est</strong></span> 
     </span>
     <span class='ocr_line' id='line_1_25' title="bbox 207 2923 1268 2990; baseline 0.003 -19"><span class='ocrx_word' id='word_1_212' title='bbox 207 2941 261 2972; x_wconf 88' lang='lat' dir='ltr'><strong>rum</strong></span> <span class='ocrx_word' id='word_1_213' title='bbox 274 2937 325 2973; x_wconf 84' lang='lat' dir='ltr'><strong>erat</strong></span> <span class='ocrx_word' id='word_1_214' title='bbox 335 2925 425 2974; x_wconf 80' lang='lat' dir='ltr'><strong>auxilio</strong></span> <span class='ocrx_word' id='word_1_215' title='bbox 436 2939 507 2980; x_wconf 80' lang='lat' dir='ltr'><strong>usus,</strong></span> <span class='ocrx_word' id='word_1_216' title='bbox 520 2927 613 2988; x_wconf 77' lang='lat' dir='ltr'><strong>maguis</strong></span> <span class='ocrx_word' id='word_1_217' title='bbox 623 2937 648 2974; x_wconf 86' lang='lat' dir='ltr'><strong>et</strong></span> <span class='ocrx_word' id='word_1_218' title='bbox 662 2940 716 2972; x_wconf 89' lang='lat' dir='ltr'><strong>mu·</strong></span> <span class='ocrx_word' id='word_1_219' title='bbox 759 2935 787 2971; x_wconf 86' lang='lat' dir='ltr'><strong>ut</strong></span> <span class='ocrx_word' id='word_1_220' title='bbox 800 2924 843 2987; x_wconf 85' lang='lat' dir='ltr'><strong>qui</strong></span> <span class='ocrx_word' id='word_1_221' title='bbox 858 2923 940 2972; x_wconf 84' lang='lat' dir='ltr'><strong>subito</strong></span> <span class='ocrx_word' id='word_1_222' title='bbox 952 2935 977 2973; x_wconf 85' lang='lat' dir='ltr'><strong>et</strong></span> <span class='ocrx_word' id='word_1_223' title='bbox 990 2935 1079 2990; x_wconf 83' lang='lat' dir='ltr'><strong>praeter</strong></span> <span class='ocrx_word' id='word_1_224' title='bbox 1095 2941 1162 2990; x_wconf 86' lang='lat' dir='ltr'><strong>spem</strong></span> <span class='ocrx_word' id='word_1_225' title='bbox 1179 2926 1211 2973; x_wconf 85' lang='lat' dir='ltr'><strong>ad</strong></span> <span class='ocrx_word' id='word_1_226' title='bbox 1221 2942 1268 2974; x_wconf 87' lang='lat' dir='ltr'><strong>ma-</strong></span> 
     </span>
     <span class='ocr_line' id='line_1_26' title="bbox 208 3001 1269 3069; baseline 0.003 -19"><span class='ocrx_word' id='word_1_227' title='bbox 208 3003 341 3069; x_wconf 18' lang='lat' dir='ltr'><strong>neribusyet</strong></span> <span class='ocrx_word' id='word_1_228' title='bbox 352 3001 488 3050; x_wconf 86' lang='lat' dir='ltr'><strong>bonoribus</strong></span> <span class='ocrx_word' id='word_1_229' title='bbox 501 3013 665 3066; x_wconf 75' lang='lat' dir='ltr'><strong>prosequutus</strong></span> <span class='ocrx_word' id='word_1_230' title='bbox 673 3013 719 3064; x_wconf 63' lang='grc' dir='ltr'><strong>σοις</strong></span> <span class='ocrx_word' id='word_1_231' title='bbox 760 3003 1170 3069; x_wconf 73' lang='lat' dir='ltr'><strong>guaspecuniasperreueruut,iiet</strong></span> <span class='ocrx_word' id='word_1_232' title='bbox 1176 3007 1269 3065; x_wconf 76' lang='lat' dir='ltr'><strong>iactent</strong></span> 
     </span>
     <span class='ocr_line' id='line_1_27' title="bbox 208 3079 1269 3148; baseline 0.004 -20"><span class='ocrx_word' id='word_1_233' title='bbox 208 3097 265 3128; x_wconf 88' lang='lat' dir='ltr'><strong>nam</strong></span> <span class='ocrx_word' id='word_1_234' title='bbox 283 3080 423 3144; x_wconf 77' lang='lat' dir='ltr'><strong>egregariis</strong></span> <span class='ocrx_word' id='word_1_235' title='bbox 436 3080 509 3128; x_wconf 86' lang='lat' dir='ltr'><strong>etiam</strong></span> <span class='ocrx_word' id='word_1_236' title='bbox 526 3079 643 3128; x_wconf 82' lang='lat' dir='ltr'><strong>militibus</strong></span> <span class='ocrx_word' id='word_1_237' title='bbox 655 3079 717 3129; x_wconf 88' lang='lat' dir='ltr'><strong>alios</strong></span> <span class='ocrx_word' id='word_1_238' title='bbox 759 3079 827 3128; x_wconf 89' lang='lat' dir='ltr'><strong>seob</strong></span> <span class='ocrx_word' id='word_1_239' title='bbox 840 3097 879 3129; x_wconf 83' lang='lat' dir='ltr'><strong>eas</strong></span> <span class='ocrx_word' id='word_1_240' title='bbox 890 3081 1047 3143; x_wconf 86' lang='lat' dir='ltr'><strong>insolentius,</strong></span> <span class='ocrx_word' id='word_1_241' title='bbox 1062 3094 1087 3132; x_wconf 86' lang='lat' dir='ltr'><strong>et</strong></span> <span class='ocrx_word' id='word_1_242' title='bbox 1098 3084 1132 3132; x_wconf 84' lang='lat' dir='ltr'><strong>sis</strong></span> <span class='ocrx_word' id='word_1_243' title='bbox 1147 3084 1269 3148; x_wconf 83' lang='lat' dir='ltr'><strong>intempe-</strong></span> 
     </span>
     <span class='ocr_line' id='line_1_28' title="bbox 208 3158 1004 3220; baseline 0.003 -12"><span class='ocrx_word' id='word_1_244' title='bbox 208 3172 330 3209; x_wconf 87' lang='lat' dir='ltr'><strong>senatores</strong></span> <span class='ocrx_word' id='word_1_245' title='bbox 341 3159 479 3220; x_wconf 83' lang='lat' dir='ltr'><strong>lecit,alios</strong></span> <span class='ocrx_word' id='word_1_246' title='bbox 491 3159 523 3204; x_wconf 84' lang='lat' dir='ltr'><strong>ita</strong></span> <span class='ocrx_word' id='word_1_247' title='bbox 534 3158 634 3216; x_wconf 87' lang='lat' dir='ltr'><strong>divltes,</strong></span> <span class='ocrx_word' id='word_1_248' title='bbox 646 3172 717 3210; x_wconf 88' lang='lat' dir='ltr'><strong>utre-</strong></span> <span class='ocrx_word' id='word_1_249' title='bbox 760 3161 853 3208; x_wconf 82' lang='lat' dir='ltr'><strong>mutius</strong></span> <span class='ocrx_word' id='word_1_250' title='bbox 865 3160 1004 3210; x_wconf 86' lang='lat' dir='ltr'><strong>abutantur.</strong></span> 
     </span>
    </p>

    <p class='ocr_par' dir='ltr' id='par_1_4' title="bbox 209 3237 1269 3384">
     <span class='ocr_line' id='line_1_29' title="bbox 209 3237 1269 3306; baseline 0.005 -19"><span class='ocrx_word' id='word_1_251' title='bbox 209 3240 250 3304; x_wconf 73' lang='lat' dir='ltr'><strong>gio</strong></span> <span class='ocrx_word' id='word_1_252' title='bbox 263 3241 342 3300; x_wconf 83' lang='lat' dir='ltr'><strong>rictu,</strong></span> <span class='ocrx_word' id='word_1_253' title='bbox 353 3238 421 3304; x_wconf 83' lang='lat' dir='ltr'><strong>quod</strong></span> <span class='ocrx_word' id='word_1_254' title='bbox 437 3239 471 3285; x_wconf 87' lang='lat' dir='ltr'><strong>ait</strong></span> <span class='ocrx_word' id='word_1_255' title='bbox 488 3237 626 3298; x_wconf 77' lang='lat' dir='ltr'><strong>Sallustius,</strong></span> <span class='ocrx_word' id='word_1_256' title='bbox 644 3249 718 3304; x_wconf 87' lang='lat' dir='ltr'><strong>atque</strong></span> <span class='ocrx_word' id='word_1_257' title='bbox 799 3238 1269 3306; x_wconf 75' lang='lat' dir='ltr'><strong>rr.1&#39;arrriliismagnis.blsguonamero</strong></span> 
     </span>
     <span class='ocr_line' id='line_1_30' title="bbox 209 3318 897 3384; baseline 0.003 -19"><span class='ocrx_word' id='word_1_258' title='bbox 209 3318 717 3384; x_wconf 77' lang='lat' dir='ltr'><strong>cultusetaterusgereut3praetereaiumul-</strong></span> <span class='ocrx_word' id='word_1_259' title='bbox 761 3333 897 3367; x_wconf 87' lang='lat' dir='ltr'><strong>servorum.</strong></span> 
     </span>
    </p>

    <p class='ocr_par' dir='ltr' id='par_1_5' title="bbox 148 3397 1273 4026">
     <span class='ocr_line' id='line_1_31' title="bbox 210 3397 1270 3466; baseline 0.002 -18"><span class='ocrx_word' id='word_1_260' title='bbox 210 3411 234 3448; x_wconf 86' lang='lat' dir='ltr'><strong>ta</strong></span> <span class='ocrx_word' id='word_1_261' title='bbox 248 3400 323 3448; x_wconf 64' lang='lat' dir='ltr'><strong>Italiae</strong></span> <span class='ocrx_word' id='word_1_262' title='bbox 335 3399 428 3466; x_wconf 87' lang='lat' dir='ltr'><strong>oppida</strong></span> <span class='ocrx_word' id='word_1_263' title='bbox 443 3397 548 3446; x_wconf 87' lang='lat' dir='ltr'><strong>militum</strong></span> <span class='ocrx_word' id='word_1_264' title='bbox 560 3413 659 3448; x_wconf 85' lang='lat' dir='ltr'><strong>suorum</strong></span> <span class='ocrx_word' id='word_1_265' title='bbox 673 3413 716 3446; x_wconf 87' lang='lat' dir='ltr'><strong>eo·</strong></span> <span class='ocrx_word' id='word_1_266' title='bbox 799 3413 838 3444; x_wconf 81' lang='lat' dir='ltr'><strong>ru.</strong></span> <span class='ocrx_word' id='word_1_267' title='bbox 848 3397 985 3445; x_wconf 70' lang='lat' dir='ltr'><strong>Nonnullae</strong></span> <span class='ocrx_word' id='word_1_268' title='bbox 993 3410 1108 3463; x_wconf 70' lang='lat' dir='ltr'><strong>agrestes.</strong></span> <span class='ocrx_word' id='word_1_269' title='bbox 1117 3401 1186 3464; x_wconf 84' lang='lat' dir='ltr'><strong>Quos</strong></span> <span class='ocrx_word' id='word_1_270' title='bbox 1197 3417 1270 3465; x_wconf 86' lang='lat' dir='ltr'><strong>supra</strong></span> 
     </span>
     <span class='ocr_line' id='line_1_32' title="bbox 209 3476 1270 3542; baseline 0.004 -16"><span class='ocrx_word' id='word_1_271' title='bbox 209 3479 288 3528; x_wconf 82' lang='lat' dir='ltr'><strong>lenias</strong></span> <span class='ocrx_word' id='word_1_272' title='bbox 301 3479 415 3537; x_wconf 80' lang='lat' dir='ltr'><strong>deduxit,</strong></span> <span class='ocrx_word' id='word_1_273' title='bbox 437 3479 549 3542; x_wconf 84' lang='lat' dir='ltr'><strong>interque</strong></span> <span class='ocrx_word' id='word_1_274' title='bbox 571 3493 613 3526; x_wconf 87' lang='lat' dir='ltr'><strong>eos</strong></span> <span class='ocrx_word' id='word_1_275' title='bbox 626 3478 717 3526; x_wconf 81' lang='lat' dir='ltr'><strong>uirium</strong></span> <span class='ocrx_word' id='word_1_276' title='bbox 759 3476 857 3526; x_wconf 79' lang='lat' dir='ltr'><strong>vocavit</strong></span> <span class='ocrx_word' id='word_1_277' title='bbox 868 3477 972 3526; x_wconf 84' lang='lat' dir='ltr'><strong>rusticos</strong></span> <span class='ocrx_word' id='word_1_278' title='bbox 985 3477 1270 3530; x_wconf 74' lang='lat' dir='ltr'><strong>decoctores-Tenues.</strong></span> 
     </span>
     <span class='ocr_line' id='line_1_33' title="bbox 209 3556 1268 3625; baseline 0 -19"><span class='ocrx_word' id='word_1_279' title='bbox 209 3558 297 3606; x_wconf 86' lang='lat' dir='ltr'><strong>domos</strong></span> <span class='ocrx_word' id='word_1_280' title='bbox 316 3573 434 3624; x_wconf 80' lang='lat' dir='ltr'><strong>agrosque</strong></span> <span class='ocrx_word' id='word_1_281' title='bbox 448 3557 550 3622; x_wconf 79' lang='lat' dir='ltr'><strong>panisus</strong></span> <span class='ocrx_word' id='word_1_282' title='bbox 563 3567 608 3606; x_wconf 87' lang='lat' dir='ltr'><strong>est.</strong></span> <span class='ocrx_word' id='word_1_283' title='bbox 620 3558 657 3606; x_wconf 81' lang='lat' dir='ltr'><strong>Ex</strong></span> <span class='ocrx_word' id='word_1_284' title='bbox 668 3556 717 3604; x_wconf 86' lang='lat' dir='ltr'><strong>illis</strong></span> <span class='ocrx_word' id='word_1_285' title='bbox 761 3559 797 3606; x_wconf 85' lang='lat' dir='ltr'><strong>Ita</strong></span> <span class='ocrx_word' id='word_1_286' title='bbox 807 3557 928 3620; x_wconf 75' lang='lat' dir='ltr'><strong>eleganter</strong></span> <span class='ocrx_word' id='word_1_287' title='bbox 936 3569 1054 3607; x_wconf 86' lang='lat' dir='ltr'><strong>vocantur</strong></span> <span class='ocrx_word' id='word_1_288' title='bbox 1062 3575 1189 3625; x_wconf 87' lang='lat' dir='ltr'><strong>pauperes.</strong></span> <span class='ocrx_word' id='word_1_289' title='bbox 1200 3559 1268 3607; x_wconf 88' lang='lat' dir='ltr'><strong>Cice·</strong></span> 
     </span>
     <span class='ocr_line' id='line_1_34' title="bbox 210 3636 1270 3702; baseline 0.003 -19"><span class='ocrx_word' id='word_1_290' title='bbox 210 3638 283 3700; x_wconf 73' lang='lat' dir='ltr'><strong>igitur</strong></span> <span class='ocrx_word' id='word_1_291' title='bbox 295 3638 412 3687; x_wconf 79' lang='lat' dir='ltr'><strong>militibus</strong></span> <span class='ocrx_word' id='word_1_292' title='bbox 422 3636 493 3685; x_wconf 83' lang='lat' dir='ltr'><strong>multi</strong></span> <span class='ocrx_word' id='word_1_293' title='bbox 503 3639 560 3700; x_wconf 90' lang='lat' dir='ltr'><strong>qui,</strong></span> <span class='ocrx_word' id='word_1_294' title='bbox 573 3636 662 3700; x_wconf 72' lang='lat' dir='ltr'><strong>largius</strong></span> <span class='ocrx_word' id='word_1_295' title='bbox 671 3651 716 3686; x_wconf 91' lang='lat' dir='ltr'><strong>suo</strong></span> <span class='ocrx_word' id='word_1_296' title='bbox 762 3651 790 3686; x_wconf 86' lang='lat' dir='ltr'><strong>ro</strong></span> <span class='ocrx_word' id='word_1_297' title='bbox 799 3651 846 3702; x_wconf 91' lang='lat' dir='ltr'><strong>pro</strong></span> <span class='ocrx_word' id='word_1_298' title='bbox 855 3637 945 3684; x_wconf 80' lang='lat' dir='ltr'><strong>Roscio</strong></span> <span class='ocrx_word' id='word_1_299' title='bbox 955 3640 1036 3686; x_wconf 77' lang='lat' dir='ltr'><strong>Aruer.</strong></span> <span class='ocrx_word' id='word_1_300' title='bbox 1045 3639 1136 3700; x_wconf 77' lang='lat' dir='ltr'><strong>«Quod</strong></span> <span class='ocrx_word' id='word_1_301' title='bbox 1145 3639 1167 3685; x_wconf 87' lang='lat' dir='ltr'><strong>si</strong></span> <span class='ocrx_word' id='word_1_302' title='bbox 1175 3638 1270 3686; x_wconf 84' lang='lat' dir='ltr'><strong>secedit</strong></span> 
     </span>
     <span class='ocr_line' id='line_1_35' title="bbox 148 3715 1272 3781; baseline 0 -17"><span class='ocrx_word' id='word_1_303' title='bbox 148 3736 153 3746; x_wconf 88' lang='lat'>·</span> <span class='ocrx_word' id='word_1_304' title='bbox 210 3716 261 3772; x_wconf 84' lang='lat' dir='ltr'><strong>usi,</strong></span> <span class='ocrx_word' id='word_1_305' title='bbox 275 3716 301 3762; x_wconf 83' lang='lat' dir='ltr'><strong>iu</strong></span> <span class='ocrx_word' id='word_1_306' title='bbox 314 3718 421 3781; x_wconf 86' lang='lat' dir='ltr'><strong>inopiam</strong></span> <span class='ocrx_word' id='word_1_307' title='bbox 432 3731 461 3766; x_wconf 82' lang='lat' dir='ltr'><strong>ex</strong></span> <span class='ocrx_word' id='word_1_308' title='bbox 478 3715 626 3765; x_wconf 84' lang='lat' dir='ltr'><strong>abundantia</strong></span> <span class='ocrx_word' id='word_1_309' title='bbox 644 3731 720 3780; x_wconf 88' lang='lat' dir='ltr'><strong>quum</strong></span> <span class='ocrx_word' id='word_1_310' title='bbox 763 3715 867 3774; x_wconf 83' lang='lat' dir='ltr'><strong>eodem,</strong></span> <span class='ocrx_word' id='word_1_311' title='bbox 879 3726 908 3764; x_wconf 83' lang='lat' dir='ltr'><strong>ut</strong></span> <span class='ocrx_word' id='word_1_312' title='bbox 929 3717 1007 3764; x_wconf 87' lang='lat' dir='ltr'><strong>tenuis</strong></span> <span class='ocrx_word' id='word_1_313' title='bbox 1029 3726 1098 3764; x_wconf 88' lang='lat' dir='ltr'><strong>autes</strong></span> <span class='ocrx_word' id='word_1_314' title='bbox 1111 3715 1220 3764; x_wconf 79' lang='lat' dir='ltr'><strong>fuerit?-</strong></span> <span class='ocrx_word' id='word_1_315' title='bbox 1240 3717 1272 3764; x_wconf 84' lang='lat' dir='ltr'><strong>Et</strong></span> 
     </span>
     <span class='ocr_line' id='line_1_36' title="bbox 211 3793 1273 3862; baseline 0 -20"><span class='ocrx_word' id='word_1_316' title='bbox 211 3794 373 3856; x_wconf 83' lang='lat' dir='ltr'><strong>decidissent,</strong></span> <span class='ocrx_word' id='word_1_317' title='bbox 390 3805 499 3844; x_wconf 82' lang='lat' dir='ltr'><strong>aeterum</strong></span> <span class='ocrx_word' id='word_1_318' title='bbox 516 3796 654 3859; x_wconf 79' lang='lat' dir='ltr'><strong>rapinarum</strong></span> <span class='ocrx_word' id='word_1_319' title='bbox 668 3809 719 3842; x_wconf 88' lang='lat' dir='ltr'><strong>me·</strong></span> <span class='ocrx_word' id='word_1_320' title='bbox 764 3794 846 3862; x_wconf 85' lang='lat' dir='ltr'><strong>paullo</strong></span> <span class='ocrx_word' id='word_1_321' title='bbox 859 3805 915 3859; x_wconf 88' lang='lat' dir='ltr'><strong>post</strong></span> <span class='ocrx_word' id='word_1_322' title='bbox 927 3796 985 3842; x_wconf 70' lang='lat' dir='ltr'><strong>:uls</strong></span> <span class='ocrx_word' id='word_1_323' title='bbox 996 3794 1039 3859; x_wconf 87' lang='lat' dir='ltr'><strong>qui</strong></span> <span class='ocrx_word' id='word_1_324' title='bbox 1049 3803 1117 3842; x_wconf 80' lang='lat' dir='ltr'><strong>autes</strong></span> <span class='ocrx_word' id='word_1_325' title='bbox 1131 3794 1211 3842; x_wconf 85' lang='lat' dir='ltr'><strong>teuuis</strong></span> <span class='ocrx_word' id='word_1_326' title='bbox 1221 3793 1273 3842; x_wconf 83' lang='lat' dir='ltr'><strong>sue·</strong></span> 
     </span>
     <span class='ocr_line' id='line_1_37' title="bbox 210 3871 1272 3938; baseline 0 -18"><span class='ocrx_word' id='word_1_327' title='bbox 210 3889 307 3932; x_wconf 84' lang='lat' dir='ltr'><strong>morea,</strong></span> <span class='ocrx_word' id='word_1_328' title='bbox 319 3871 380 3920; x_wconf 84' lang='lat' dir='ltr'><strong>nibil</strong></span> <span class='ocrx_word' id='word_1_329' title='bbox 392 3873 459 3921; x_wconf 86' lang='lat' dir='ltr'><strong>aliud</strong></span> <span class='ocrx_word' id='word_1_330' title='bbox 470 3889 541 3936; x_wconf 88' lang='lat' dir='ltr'><strong>quam</strong></span> <span class='ocrx_word' id='word_1_331' title='bbox 550 3873 640 3922; x_wconf 88' lang='lat' dir='ltr'><strong>bellum</strong></span> <span class='ocrx_word' id='word_1_332' title='bbox 649 3872 723 3922; x_wconf 86' lang='lat' dir='ltr'><strong>civile</strong></span> <span class='ocrx_word' id='word_1_333' title='bbox 764 3873 809 3931; x_wconf 84' lang='lat' dir='ltr'><strong>rit,</strong></span> <span class='ocrx_word' id='word_1_334' title='bbox 824 3888 855 3921; x_wconf 89' lang='lat' dir='ltr'><strong>au</strong></span> <span class='ocrx_word' id='word_1_335' title='bbox 874 3874 895 3920; x_wconf 86' lang='lat' dir='ltr'><strong>is</strong></span> <span class='ocrx_word' id='word_1_336' title='bbox 912 3873 956 3936; x_wconf 89' lang='lat' dir='ltr'><strong>qui</strong></span> <span class='ocrx_word' id='word_1_337' title='bbox 968 3883 1051 3936; x_wconf 84' lang='lat' dir='ltr'><strong>postea</strong></span> <span class='ocrx_word' id='word_1_338' title='bbox 1065 3872 1140 3920; x_wconf 84' lang='lat' dir='ltr'><strong>sactus</strong></span> <span class='ocrx_word' id='word_1_339' title='bbox 1155 3873 1187 3919; x_wconf 87' lang='lat' dir='ltr'><strong>sit</strong></span> <span class='ocrx_word' id='word_1_340' title='bbox 1200 3888 1272 3938; x_wconf 79' lang='lat' dir='ltr'><strong>egen·</strong></span> 
     </span>
     <span class='ocr_line' id='line_1_38' title="bbox 211 3951 900 4026; baseline 0 -27"><span class='ocrx_word' id='word_1_341' title='bbox 211 3952 357 4018; x_wconf 77' lang='lat' dir='ltr'><strong>cupiebant3</strong></span> <span class='ocrx_word' id='word_1_342' title='bbox 370 3952 437 4000; x_wconf 85' lang='lat' dir='ltr'><strong>nacti</strong></span> <span class='ocrx_word' id='word_1_343' title='bbox 445 3953 556 4002; x_wconf 82' lang='lat' dir='ltr'><strong>Mallium</strong></span> <span class='ocrx_word' id='word_1_344' title='bbox 568 3951 653 4026; x_wconf 79' lang='lat' dir='ltr'><strong>ducem</strong></span> <span class='ocrx_word' id='word_1_345' title='bbox 661 3987 669 4012; x_wconf 92' lang='lat'><strong>,</strong></span> <span class='ocrx_word' id='word_1_346' title='bbox 678 3954 722 4016; x_wconf 87' lang='lat' dir='ltr'><strong>qui</strong></span> <span class='ocrx_word' id='word_1_347' title='bbox 764 3953 870 4002; x_wconf 82' lang='lat' dir='ltr'><strong>tissimus</strong></span> <span class='ocrx_word' id='word_1_348' title='bbox 878 3972 900 3999; x_wconf 71' lang='grc' dir='ltr'><strong>υ.</strong></span> 
     </span>
    </p>

    <p class='ocr_par' dir='ltr' id='par_1_6' title="bbox 212 4027 1274 4174">
     <span class='ocr_line' id='line_1_39' title="bbox 212 4027 1274 4094; baseline 0 -17"><span class='ocrx_word' id='word_1_349' title='bbox 212 4031 265 4094; x_wconf 85' lang='lat' dir='ltr'><strong>ipse</strong></span> <span class='ocrx_word' id='word_1_350' title='bbox 276 4047 375 4094; x_wconf 89' lang='lat' dir='ltr'><strong>quoque</strong></span> <span class='ocrx_word' id='word_1_351' title='bbox 386 4029 431 4078; x_wconf 91' lang='lat' dir='ltr'><strong>sub</strong></span> <span class='ocrx_word' id='word_1_352' title='bbox 449 4029 514 4079; x_wconf 88' lang='lat' dir='ltr'><strong>Sulla</strong></span> <span class='ocrx_word' id='word_1_353' title='bbox 528 4042 624 4079; x_wconf 80' lang='lat' dir='ltr'><strong>strenue</strong></span> <span class='ocrx_word' id='word_1_354' title='bbox 635 4031 722 4079; x_wconf 78' lang='lat' dir='ltr'><strong>milita·</strong></span> <span class='ocrx_word' id='word_1_355' title='bbox 804 4033 843 4080; x_wconf 76' lang='lat' dir='ltr'><strong>rs.</strong></span> <span class='ocrx_word' id='word_1_356' title='bbox 858 4031 953 4076; x_wconf 82' lang='lat' dir='ltr'><strong>Inustres</strong></span> <span class='ocrx_word' id='word_1_357' title='bbox 972 4039 1007 4075; x_wconf 83' lang='lat' dir='ltr'><strong>est</strong></span> <span class='ocrx_word' id='word_1_358' title='bbox 1018 4027 1120 4079; x_wconf 80' lang='lat' dir='ltr'><strong>civitati.</strong></span> <span class='ocrx_word' id='word_1_359' title='bbox 1142 4030 1274 4093; x_wconf 86' lang='lat' dir='ltr'><strong>Impressus</strong></span> 
     </span>
     <span class='ocr_line' id='line_1_40' title="bbox 213 4101 1010 4174; baseline -0.001 -19"><span class='ocrx_word' id='word_1_360' title='bbox 213 4101 294 4168; x_wconf 77' lang='lat' dir='ltr'><strong>verul,</strong></span> <span class='ocrx_word' id='word_1_361' title='bbox 308 4109 420 4161; x_wconf 71' lang='lat' dir='ltr'><strong>Catilinae</strong></span> <span class='ocrx_word' id='word_1_362' title='bbox 433 4118 515 4173; x_wconf 85' lang='lat' dir='ltr'><strong>partes</strong></span> <span class='ocrx_word' id='word_1_363' title='bbox 529 4109 722 4174; x_wconf 76' lang='lat' dir='ltr'><strong>insequebantur.</strong></span> <span class='ocrx_word' id='word_1_364' title='bbox 766 4121 802 4156; x_wconf 87' lang='lat' dir='ltr'><strong>est</strong></span> <span class='ocrx_word' id='word_1_365' title='bbox 814 4110 896 4156; x_wconf 87' lang='lat' dir='ltr'><strong>animo</strong></span> <span class='ocrx_word' id='word_1_366' title='bbox 912 4107 1010 4154; x_wconf 81' lang='lat' dir='ltr'><strong>civium.</strong></span> 
     </span>
    </p>
   </div>
   <div class='ocr_carea' id='block_1_4' title="bbox 0 0 1531 4664">
    <p class='ocr_par' dir='ltr' id='par_1_7' title="bbox 0 0 1531 4664">
     <span class='ocr_line' id='line_1_41' title="bbox 0 0 1531 4664; baseline 0 0"><span class='ocrx_word' id='word_1_367' title='bbox 0 0 1531 4664; x_wconf 95' lang='lat' dir='ltr'><strong> </strong></span> 
     </span>
    </p>
   </div>
  </div>
 </body>
</html>
