3020 4668
489 359 544 430 IN
568 357 609 430 L.
635 359 947 444 CATILINAM,
970 361 1000 428 1.
1136 361 1275 458 ‚397

211 479 449 582 praetulisti³l
476 481 573 574 Quid
599 481 711 552 vero?
735 501 864 578 nuper,
890 503 1004 579 quum
1028 495 1147 554 morte
1172 507 1279 581 supe·

210 595 315 664 rioris
341 593 465 663 uxoris
491 593 595 663 novis
624 591 788 689 nuptiis⁴
803 590 966 662 domum
988 590 1242 667 vacuefecisses
1253 593 1281 686 ⁵,

211 726 336 772 nonne
358 706 464 774 etiam
491 701 562 772 alio
587 699 792 772 incredibili
810 697 967 773 scelere⁶
991 701 1062 772 hoc
1084 703 1200 775 scelus
1220 729 1281 775 cu·
1339 755 1344 762 -

210 811 379 882 malasti?
412 810 513 909 quod
544 835 612 909 ego
637 811 892 912 praeternsitm,
914 821 957 881 ct⁴
973 807 1075 882 facile
1100 813 1218 910 patior
1238 814 1283 886 sl·

211 922 297 1008 leri,
316 946 363 994 ne
382 926 419 994 in
441 921 509 993 hac
528 923 671 993 civitate
694 921 784 992 tanti
810 918 977 992 facinoris
1000 922 1201 994 immanitas
1219 939 1283 997 aut

212 1035 407 1122 exstitisse,
422 1047 485 1104 aut
494 1057 570 1103 non
576 1031 758 1102 uindicata
770 1055 848 1102 esse
860 1029 1035 1102 videatur.
1045 1037 1281 1107 Praetermitto

212 1145 334 1214 ruinas
361 1140 593 1214 fortunarum
619 1155 784 1225 tuarum,
806 1165 896 1237 quas
924 1165 1051 1212 omnes
1071 1143 1281 1241 impendere

213 1251 278 1324 tibi
297 1255 472 1350 proximis
494 1250 634 1322 idibus⁷
655 1253 809 1322 senties:
830 1250 875 1320 ad
892 1248 952 1321 illa
966 1256 1089 1339 venio,
1108 1278 1189 1351 quae
1205 1278 1282 1326 non

212 1361 258 1432 ad
280 1366 454 1460 privatam
477 1362 712 1459 ignominiam
740 1362 911 1432 vitiorum
935 1357 1117 1451 tuorum⁸,
1140 1388 1215 1436 non
1236 1365 1283 1436 ad

211 1469 446 1542 domesticam
477 1485 577 1542 tuam
609 1467 892 1542 difficultatem⁹
923 1495 965 1542 ac
993 1474 1281 1571 turpitudinem,

213 1580 277 1651 sed
298 1580 344 1651 ad
368 1603 546 1653 summam
573 1578 800 1677 reipublice,
822 1594 932 1676 atque
958 1578 1004 1651 ad
1027 1587 1189 1654 omnium
1212 1608 1280 1656 no*

214 1705 328 1761 strum
351 1695 461 1763 vitam
480 1690 707 1786 salutemque
727 1689 923 1786 pertinent.
1036 1685 1040 1692 ’

262 1805 428 1874 Potestne
447 1801 514 1874 tibi
531 1800 638 1894 hujus
655 1802 736 1868 vitae
757 1798 874 1887 luxu,
892 1798 1062 1888 Catilina,
1085 1813 1148 1870 aut
1170 1800 1281 1898 hujus

214 1911 287 1981 caeli
310 1901 458 2011 spiritus
478 1935 553 1982 esse
568 1907 773 2005 jucundus,
796 1932 912 2004 quum
927 1911 1035 1996 scias,
1052 1909 1184 1981 horum
1203 1937 1281 1986 esse

213 2023 394 2094 neminem
406 2075 415 2110 ,
427 2023 492 2118 qui
507 2023 662 2107 nesciat,
674 2033 712 2090 te
724 2015 840 2115 pridie
862 2011 1030 2090 kalendas
1048 2018 1121 2113 jan.
1141 2021 1282 2119 Lepido

214 2148 251 2203 et
271 2132 377 2204 Tullo
403 2129 667 2219 consulibus¹¹,
691 2130 828 2201 stetisse
852 2129 891 2200 in
910 2130 1060 2200 comitio
1081 2154 1164 2200 cum
1183 2130 1283 2204 telo?

249 2307 275 2354 3.
289 2308 378 2353 Facem
385 2305 522 2370 protulisti
533 2308 598 2355 Τοιο
608 2304 723 2354 hocloco
766 2303 865 2351 creditae
887 2303 996 2367 pecuniae
1016 2303 1157 2352 foeuerstori
1184 2305 1281 2357 solvere

213 2385 275 2433 athtt
288 2386 464 2434 accusatorium
482 2383 602 2433 contineri
620 2383 722 2432 omniuo
767 2391 864 2429 necem
877 2393 945 2430 erata
956 2384 1026 2444 cujus
1046 2384 1122 2432 moris
1140 2387 1280 2450 exemplum

215 2464 365 2512 demontrat
375 2463 516 2524 Sellustius,
525 2479 580 2526 cap.
598 2469 628 2518 at
638 2471 663 2510 et
679 2463 720 2510 ιδ.
767 2470 804 2508 est
817 2460 884 2525 apud
897 2462 1027 2511 Horatium
1039 2463 1064 2510 lu
1075 2464 1155 2528 Epod.
1169 2481 1193 2512 a.
1209 2467 1281 2516 Sole·

214 2542 328 2606 Quodam
351 2543 424 2592 etiam
436 2542 511 2590 modo
524 2541 555 2590 ab
568 2541 723 2590 historiarum
766 2539 827 2588 bant
847 2540 920 2588 etiarn
938 2540 1048 2590 kalendis
1067 2543 1179 2606 pecunie
1201 2545 1281 2596 fauori

214 2624 330 2687 scriptore
339 2632 476 2687 superatum
485 2625 606 2670 calorem
615 2620 722 2682 dixeris}
768 2617 830 2666 datse
837 2615 903 2682 exigi
916 2617 1015 2684 (Horat.
1026 2618 1074 2667 Sat.
1082 2624 1108 2681 t,
1118 2621 1146 2682 3,
1162 2621 1208 2689 ⁸⁷)
1218 2640 1225 2674 :
1235 2626 1279 2676 sed

214 2713 257 2750 aut
267 2713 330 2750 certe
337 2701 405 2750 abeo
415 2701 535 2766 optimum
543 2700 723 2750 hamesiscoru·
766 2697 793 2746 iu
805 2698 862 2747 idus
877 2697 963 2750 dilatio
976 2699 1079 2748 ccuoedl
1090 2699 1191 2750 solebat.

213 2781 369 2830 meutarium.
532 2805 536 2812 ·
803 2779 828 2826 8.
843 2776 920 2825 Abest
929 2790 1036 2826 tasonem.
1052 2780 1078 2827 J.
1086 2781 1119 2825 V.
1129 2781 1157 2828 L.

250 2868 275 2916 4.
288 2861 361 2908 Novs's
372 2859 470 2926 nuptit's.
482 2859 619 2924 Suspiciose
632 2855 723 2921 signifi·
802 2872 828 2919 9.
840 2853 1023 2921 Difficraltutem.
1031 2859 1073 2904 AEa
1081 2857 1187 2906 alienum
1196 2875 1224 2909 sc
1231 2860 1280 2913 ¹do·

214 2952 253 2989 cst
265 2941 328 2987 hauc
350 2941 383 2986 ob
403 2955 498 2988 causam
512 2939 542 2986 ab
561 2953 590 2986 so
614 2947 723 2984 necatam
767 2935 890 2984 mesticasn
900 2937 1035 3000 penuriam.

213 3033 316 3066 uxorem
328 3031 335 3065 ε
346 3017 376 3065 de
390 3017 497 3066 recinens
509 3013 558 3063 hoc
568 3015 637 3064 cous.
647 3013 723 3062 Sallu·
805 3029 845 3062 ιο.
860 3015 901 3062 Al.
911 3015 966 3063 ltoee
979 3017 1030 3063 lux.
1039 3017 1055 3064 J
1057 3051 1064 3064 .
1075 3017 1110 3064 V.
1126 3019 1154 3064 t..

215 3083 303 3156 stium,
317 3099 355 3144 1⁵.
807 3092 940 3156 tr.Lepido
945 3105 971 3140 ss
979 3093 1048 3142 Tullo
1055 3093 1278 3159 cosa.Neuapetunc

253 3177 276 3224 5.
286 3174 326 3222 At.
335 3189 444 3221 caestum
447 3171 500 3236 ssc.
509 3173 533 3220 J.
543 3173 576 3221 V.
591 3173 619 3219 t.
768 3172 884 3236 temporis
891 3172 994 3220 Catilina
1006 3189 1080 3236 quum
1090 3176 1279 3238 repetundarum

250 3253 276 3302 6.
291 3251 432 3301 Incredibili
441 3249 584 3298 sceterevu
596 3247 664 3312 quod
674 3247 725 3313 pri·
769 3267 783 3298 a
795 3252 822 3298 P.
837 3249 926 3300 Clodio
934 3250 1040 3299 Pulchro
1050 3267 1106 3300 reus
1118 3253 1207 3314 factus,
1220 3271 1280 3305 con-

216 3333 314 3398 viguum
333 3331 461 3390 occiderit,
474 3340 502 3377 at
517 3337 553 3376 est
569 3327 636 3393 apud
649 3327 727 3378 saltu-
769 3329 873 3379 sulstum
887 3339 969 3392 petere
982 3330 1121 3396 prohibitus
1131 3345 1207 3388 esset.
1220 3353 1278 3386 cum

215 3415 288 3461 stium
297 3413 345 3460 loc.
358 3426 426 3474 supr.
437 3408 504 3457 laud.
518 3407 558 3457 vel
570 3407 639 3472 quod
649 3405 725 3454 filiam
768 3411 891 3458 Autronio
899 3419 925 3457 et
933 3408 1007 3466 Sulla,
1017 3411 1059 3474 qui
1073 3423 1097 3459 et
1108 3413 1157 3476 ipsi
1166 3417 1279 3466 consules

216 3508 281 3539 susus
296 3507 326 3540 ea
339 3490 457 3538 adulterio
471 3499 622 3553 susceptam,
636 3486 663 3534 iu
676 3501 726 3534 ms·
770 3488 886 3554 designati
895 3487 1104 3552 poeuaadederaut
1113 3507 1141 3539 sc
1151 3495 1279 3544 consulatu

216 3572 358 3619 trimoniuru
379 3569 491 3627 duxerit,
510 3567 580 3634 quod
597 3567 620 3616 ei
637 3566 724 3627 objicit
768 3567 863 3615 fuerant
875 3568 978 3632 dejecti,
991 3570 1122 3619 consilium
1134 3571 1188 3620 iniit
1199 3573 1278 3622 iuter·

216 3649 302 3697 Cicero
314 3649 340 3696 iu
351 3650 461 3696 oratioue
473 3663 545 3712 quatu
558 3647 645 3695 habuit
654 3645 679 3693 irs
688 3656 725 3694 to·
767 3643 865 3694 ficieudi
886 3645 917 3694 ad
930 3647 979 3696 tal.
990 3649 1042 3709 iau.
1058 3663 1136 3696 novos
1155 3650 1277 3701 consules.

214 3743 249 3794 ga
270 3727 395 3785 candidu,
413 3727 482 3788 cujus
498 3729 631 3792 fragmenta
650 3727 725 3774 Δια)
767 3725 908 3775 terentii
920 3725 1007 3774 initum
1019 3739 1055 3775 est
1067 3729 1131 3775 circs
1145 3742 1221 3775 nonas
1237 3729 1280 3780 de-

216 3810 272 3854 nius
290 3807 396 3853 servavit
414 3819 421 3854 t
437 3807 481 3854 ubi
500 3807 724 3856 cicerotrauttx
768 3805 880 3854 cembris.
897 3807 990 3852 Verum
1010 3805 1089 3869 pridie
1108 3805 1278 3869 lralenrlisisu.

110 3895 118 3902 “
216 3885 302 3934 eodem
317 3883 725 3948 stupratilsictuxoremetfllisru
769 3901 845 3949 quum
858 3883 895 3931 M.
906 3883 1017 3944 Crassus,
1028 3883 1072 3946 qui
1089 3894 1114 3932 et
1125 3884 1178 3947 ipse
1191 3888 1280 3949 conju.

215 3964 331 4012 invenisti
338 3985 361 4012 n.
769 3973 878 4018 nverat,
888 3971 993 4018 mutato,
1003 3973 1031 4009 ut
1041 3961 1158 4024 creditur,
1166 3965 1279 4027 consilio,

253 4059 277 4104 7.
288 4041 409 4092 Proximis
417 4041 504 4090 ids'brrs.
513 4042 572 4104 Quo
581 4039 620 4088 die
629 4057 726 4090 usunm
770 4057 822 4089 non
841 4039 971 4100 adfuisset,
986 4057 1025 4090 res
1037 4041 1138 4091 ulterius
1154 4057 1279 4113 progressa
