<?xml version="1.0" encoding="UTF-8"?>
<!DOCTYPE html PUBLIC "-//W3C//DTD XHTML 1.0 Transitional//EN"
    "http://www.w3.org/TR/xhtml1/DTD/xhtml1-transitional.dtd">
<html xmlns="http://www.w3.org/1999/xhtml" xml:lang="en" lang="en">
 <head>
  <title>
</title>
<meta http-equiv="Content-Type" content="text/html;charset=utf-8" />
  <meta name='ocr-system' content='tesseract 3.04.00' />
  <meta name='ocr-capabilities' content='ocr_page ocr_carea ocr_par ocr_line ocrx_word'/>
</head>
<body>
  <div class='ocr_page' id='page_1' title='image "./mtciceronisquae00lemagoog_0016.png"; bbox 0 0 2962 4682; ppageno 0'>
   <div class='ocr_carea' id='block_1_1' title="bbox 506 403 1231 502">
    <p class='ocr_par' dir='ltr' id='par_1_1' title="bbox 506 403 1231 502">
     <span class='ocr_line' id='line_1_1' title="bbox 506 403 1231 502; baseline 0.001 -30"><span class='ocrx_word' id='word_1_1' title='bbox 506 403 904 474; x_wconf 69' lang='lat' dir='ltr'><strong>assumserunt</strong></span> <span class='ocrx_word' id='word_1_2' title='bbox 1213 430 1231 502; x_wconf 83' lang='lat'>7</span> 
     </span>
    </p>
   </div>
   <div class='ocr_carea' id='block_1_2' title="bbox 201 525 1237 2352">
    <p class='ocr_par' dir='ltr' id='par_1_2' title="bbox 207 525 1234 702">
     <span class='ocr_line' id='line_1_2' title="bbox 207 525 1234 604; baseline -0.001 -17"><span class='ocrx_word' id='word_1_3' title='bbox 207 528 282 588; x_wconf 85' lang='lat' dir='ltr'><strong>cives</strong></span> <span class='ocrx_word' id='word_1_4' title='bbox 296 525 488 597; x_wconf 80' lang='lat' dir='ltr'>assenserint,</span> <span class='ocrx_word' id='word_1_5' title='bbox 508 526 579 585; x_wconf 86' lang='lat' dir='ltr'><strong>socii</strong></span> <span class='ocrx_word' id='word_1_6' title='bbox 595 525 840 604; x_wconf 80' lang='lat' dir='ltr'>obtemperarint,</span> <span class='ocrx_word' id='word_1_7' title='bbox 866 525 964 586; x_wconf 90' lang='lat' dir='ltr'><strong>hostes</strong></span> <span class='ocrx_word' id='word_1_8' title='bbox 981 525 1162 600; x_wconf 84' lang='lat' dir='ltr'><strong>obedierint,</strong></span> <span class='ocrx_word' id='word_1_9' title='bbox 1183 529 1234 586; x_wconf 83' lang='lat' dir='ltr'><strong>sed</strong></span> 
     </span>
     <span class='ocr_line' id='line_1_3' title="bbox 207 621 958 702; baseline -0.003 -19"><span class='ocrx_word' id='word_1_10' title='bbox 207 627 291 684; x_wconf 87' lang='lat' dir='ltr'><strong>etiam</strong></span> <span class='ocrx_word' id='word_1_11' title='bbox 304 623 385 682; x_wconf 85' lang='lat' dir='ltr'><strong>venti</strong></span> <span class='ocrx_word' id='word_1_12' title='bbox 398 635 641 702; x_wconf 79' lang='lat' dir='ltr'><strong>tempestatesque</strong></span> <span class='ocrx_word' id='word_1_13' title='bbox 654 621 896 697; x_wconf 89' lang='lat' dir='ltr'><strong>obsecundarint‚</strong></span> <span class='ocrx_word' id='word_1_14' title='bbox 912 623 958 682; x_wconf 84' lang='lat'><strong>16.</strong></span> 
     </span>
    </p>

    <p class='ocr_par' dir='ltr' id='par_1_3' title="bbox 205 720 1237 1088">
     <span class='ocr_line' id='line_1_4' title="bbox 245 720 1234 799; baseline 0.001 -19"><span class='ocrx_word' id='word_1_15' title='bbox 245 722 379 799; x_wconf 90' lang='lat' dir='ltr'><strong>Denique</strong></span> <span class='ocrx_word' id='word_1_16' title='bbox 392 720 430 779; x_wconf 90' lang='lat' dir='ltr'><strong>ad</strong></span> <span class='ocrx_word' id='word_1_17' title='bbox 444 734 554 780; x_wconf 88' lang='lat' dir='ltr'><strong>ceteras</strong></span> <span class='ocrx_word' id='word_1_18' title='bbox 573 721 712 780; x_wconf 80' lang='lat' dir='ltr'><strong>utilitates</strong></span> <span class='ocrx_word' id='word_1_19' title='bbox 732 740 751 778; x_wconf 88' lang='lat' dir='ltr'><strong>a</strong></span> <span class='ocrx_word' id='word_1_20' title='bbox 768 722 908 799; x_wconf 87' lang='lat' dir='ltr'><strong>Pompeio</strong></span> <span class='ocrx_word' id='word_1_21' title='bbox 928 720 1135 798; x_wconf 83' lang='lat' dir='ltr'><strong>exspectandas</strong></span> <span class='ocrx_word' id='word_1_22' title='bbox 1159 722 1234 782; x_wconf 86' lang='lat' dir='ltr'><strong>hauc</strong></span> 
     </span>
     <span class='ocr_line' id='line_1_5' title="bbox 205 818 1237 900; baseline 0 -21"><span class='ocrx_word' id='word_1_23' title='bbox 205 841 322 899; x_wconf 90' lang='lat' dir='ltr'><strong>quoque</strong></span> <span class='ocrx_word' id='word_1_24' title='bbox 334 821 585 900; x_wconf 81' lang='lat' dir='ltr'><strong>opportunitatem</strong></span> <span class='ocrx_word' id='word_1_25' title='bbox 599 819 750 891; x_wconf 78' lang='lat' dir='ltr'><strong>accedere,</strong></span> <span class='ocrx_word' id='word_1_26' title='bbox 775 832 808 876; x_wconf 93' lang='lat' dir='ltr'><strong>ut</strong></span> <span class='ocrx_word' id='word_1_27' title='bbox 823 819 853 877; x_wconf 92' lang='lat' dir='ltr'><strong>in</strong></span> <span class='ocrx_word' id='word_1_28' title='bbox 867 818 903 878; x_wconf 91' lang='lat' dir='ltr'><strong>iis</strong></span> <span class='ocrx_word' id='word_1_29' title='bbox 915 819 986 898; x_wconf 91' lang='lat' dir='ltr'><strong>ipsis</strong></span> <span class='ocrx_word' id='word_1_30' title='bbox 1006 820 1077 878; x_wconf 87' lang='lat' dir='ltr'><strong>locis</strong></span> <span class='ocrx_word' id='word_1_31' title='bbox 1091 819 1184 891; x_wconf 89' lang='lat' dir='ltr'><strong>adsit,</strong></span> <span class='ocrx_word' id='word_1_32' title='bbox 1204 835 1237 879; x_wconf 94' lang='lat' dir='ltr'><strong>ut</strong></span> 
     </span>
     <span class='ocr_line' id='line_1_6' title="bbox 205 913 1235 995; baseline 0.001 -20"><span class='ocrx_word' id='word_1_33' title='bbox 205 916 312 976; x_wconf 87' lang='lat' dir='ltr'><strong>habeat</strong></span> <span class='ocrx_word' id='word_1_34' title='bbox 326 918 504 991; x_wconf 79' lang='lat' dir='ltr'><strong>exercitum,</strong></span> <span class='ocrx_word' id='word_1_35' title='bbox 526 928 559 975; x_wconf 93' lang='lat' dir='ltr'><strong>ut</strong></span> <span class='ocrx_word' id='word_1_36' title='bbox 579 915 680 986; x_wconf 88' lang='lat' dir='ltr'><strong>abiis,</strong></span> <span class='ocrx_word' id='word_1_37' title='bbox 696 914 746 994; x_wconf 93' lang='lat' dir='ltr'><strong>qui</strong></span> <span class='ocrx_word' id='word_1_38' title='bbox 762 913 888 990; x_wconf 86' lang='lat' dir='ltr'><strong>habent,</strong></span> <span class='ocrx_word' id='word_1_39' title='bbox 913 916 1043 995; x_wconf 84' lang='lat' dir='ltr'><strong>accipere</strong></span> <span class='ocrx_word' id='word_1_40' title='bbox 1058 916 1153 975; x_wconf 88' lang='lat' dir='ltr'><strong>statim</strong></span> <span class='ocrx_word' id='word_1_41' title='bbox 1168 937 1235 995; x_wconf 90' lang='lat' dir='ltr'><strong>pos·</strong></span> 
     </span>
     <span class='ocr_line' id='line_1_7' title="bbox 206 1014 1055 1088; baseline 0 -16"><span class='ocrx_word' id='word_1_42' title='bbox 206 1014 258 1088; x_wconf 87' lang='lat' dir='ltr'><strong>sit,</strong></span> <span class='ocrx_word' id='word_1_43' title='bbox 272 1035 317 1088; x_wconf 86' lang='lat'><strong>17.</strong></span> <span class='ocrx_word' id='word_1_44' title='bbox 1053 1035 1055 1040; x_wconf 80' lang='grc'><strong>’</strong></span> 
     </span>
    </p>

    <p class='ocr_par' dir='ltr' id='par_1_4' title="bbox 245 1109 1234 1190">
     <span class='ocr_line' id='line_1_8' title="bbox 245 1109 1234 1190; baseline -0.001 -20"><span class='ocrx_word' id='word_1_45' title='bbox 245 1117 308 1171; x_wconf 85' lang='lat' dir='ltr'><strong>Jam</strong></span> <span class='ocrx_word' id='word_1_46' title='bbox 316 1111 448 1190; x_wconf 78' lang='lat' dir='ltr'><strong>sequitur</strong></span> <span class='ocrx_word' id='word_1_47' title='bbox 456 1111 593 1170; x_wconf 81' lang='lat' dir='ltr'><strong>refutatio</strong></span> <span class='ocrx_word' id='word_1_48' title='bbox 603 1129 719 1181; x_wconf 85' lang='lat' dir='ltr'><strong>eorum,</strong></span> <span class='ocrx_word' id='word_1_49' title='bbox 730 1109 781 1188; x_wconf 93' lang='lat' dir='ltr'><strong>qui</strong></span> <span class='ocrx_word' id='word_1_50' title='bbox 793 1109 848 1187; x_wconf 81' lang='lat' dir='ltr'><strong>legi</strong></span> <span class='ocrx_word' id='word_1_51' title='bbox 860 1109 988 1168; x_wconf 70' lang='lat' dir='ltr'><strong>Maniliae</strong></span> <span class='ocrx_word' id='word_1_52' title='bbox 997 1109 1234 1169; x_wconf 85' lang='lat' dir='ltr'><strong>adversabantur.</strong></span> 
     </span>
    </p>

    <p class='ocr_par' dir='ltr' id='par_1_5' title="bbox 203 1205 1236 2059">
     <span class='ocr_line' id='line_1_9' title="bbox 248 1205 1235 1286; baseline -0.001 -21"><span class='ocrx_word' id='word_1_53' title='bbox 248 1229 274 1265; x_wconf 87' lang='lat'><strong>1.</strong></span> <span class='ocrx_word' id='word_1_54' title='bbox 288 1213 323 1283; x_wconf 84' lang='lat' dir='ltr'><strong>Q,</strong></span> <span class='ocrx_word' id='word_1_55' title='bbox 340 1210 502 1278; x_wconf 80' lang='lat' dir='ltr'><strong>Hortensii,</strong></span> <span class='ocrx_word' id='word_1_56' title='bbox 516 1208 567 1286; x_wconf 91' lang='lat' dir='ltr'><strong>qui</strong></span> <span class='ocrx_word' id='word_1_57' title='bbox 582 1205 707 1284; x_wconf 86' lang='lat' dir='ltr'><strong>negabat</strong></span> <span class='ocrx_word' id='word_1_58' title='bbox 721 1205 759 1265; x_wconf 93' lang='lat' dir='ltr'><strong>ad</strong></span> <span class='ocrx_word' id='word_1_59' title='bbox 779 1227 868 1264; x_wconf 89' lang='lat' dir='ltr'><strong>unum</strong></span> <span class='ocrx_word' id='word_1_60' title='bbox 884 1206 982 1264; x_wconf 88' lang='lat' dir='ltr'><strong>omnia</strong></span> <span class='ocrx_word' id='word_1_61' title='bbox 995 1226 1056 1265; x_wconf 87' lang='lat' dir='ltr'><strong>esse</strong></span> <span class='ocrx_word' id='word_1_62' title='bbox 1066 1207 1235 1280; x_wconf 77' lang='lat' dir='ltr'><strong>referenda3</strong></span> 
     </span>
     <span class='ocr_line' id='line_1_10' title="bbox 206 1299 1233 1382; baseline 0.001 -20"><span class='ocrx_word' id='word_1_63' title='bbox 206 1303 256 1363; x_wconf 91' lang='lat' dir='ltr'><strong>ubi</strong></span> <span class='ocrx_word' id='word_1_64' title='bbox 269 1306 371 1365; x_wconf 89' lang='lat' dir='ltr'><strong>Cicero</strong></span> <span class='ocrx_word' id='word_1_65' title='bbox 387 1304 474 1363; x_wconf 90' lang='lat' dir='ltr'><strong>docet</strong></span> <span class='ocrx_word' id='word_1_66' title='bbox 488 1303 546 1363; x_wconf 83' lang='lat' dir='ltr'><strong>hoc</strong></span> <span class='ocrx_word' id='word_1_67' title='bbox 565 1316 768 1382; x_wconf 82' lang='lat' dir='ltr'><strong>argumentum</strong></span> <span class='ocrx_word' id='word_1_68' title='bbox 781 1323 843 1362; x_wconf 88' lang='lat' dir='ltr'><strong>esse</strong></span> <span class='ocrx_word' id='word_1_69' title='bbox 859 1299 1044 1376; x_wconf 79' lang='lat' dir='ltr'><strong>obsoletum,</strong></span> <span class='ocrx_word' id='word_1_70' title='bbox 1057 1302 1157 1380; x_wconf 88' lang='lat' dir='ltr'><strong>etjam</strong></span> <span class='ocrx_word' id='word_1_71' title='bbox 1172 1317 1233 1362; x_wconf 91' lang='lat' dir='ltr'><strong>tum</strong></span> 
     </span>
     <span class='ocr_line' id='line_1_11' title="bbox 205 1399 1236 1480; baseline 0.001 -21"><span class='ocrx_word' id='word_1_72' title='bbox 205 1401 416 1480; x_wconf 90' lang='lat' dir='ltr'><strong>improbatum,</strong></span> <span class='ocrx_word' id='word_1_73' title='bbox 431 1421 521 1480; x_wconf 90' lang='lat' dir='ltr'><strong>quum</strong></span> <span class='ocrx_word' id='word_1_74' title='bbox 534 1401 708 1460; x_wconf 86' lang='lat' dir='ltr'><strong>Hortensius</strong></span> <span class='ocrx_word' id='word_1_75' title='bbox 719 1404 866 1460; x_wconf 75' lang='lat' dir='ltr'><strong>contrad.</strong></span> <span class='ocrx_word' id='word_1_76' title='bbox 879 1399 1034 1460; x_wconf 86' lang='lat' dir='ltr'><strong>Gabinium</strong></span> <span class='ocrx_word' id='word_1_77' title='bbox 1046 1400 1173 1470; x_wconf 83' lang='lat' dir='ltr'><strong>dixisset,</strong></span> <span class='ocrx_word' id='word_1_78' title='bbox 1185 1402 1236 1479; x_wconf 90' lang='lat' dir='ltr'><strong>qui</strong></span> 
     </span>
     <span class='ocr_line' id='line_1_12' title="bbox 204 1496 1235 1577; baseline -0.002 -19"><span class='ocrx_word' id='word_1_79' title='bbox 204 1499 241 1558; x_wconf 91' lang='lat' dir='ltr'><strong>de</strong></span> <span class='ocrx_word' id='word_1_80' title='bbox 256 1517 316 1557; x_wconf 90' lang='lat' dir='ltr'><strong>uno</strong></span> <span class='ocrx_word' id='word_1_81' title='bbox 336 1498 511 1577; x_wconf 84' lang='lat' dir='ltr'><strong>imperatore</strong></span> <span class='ocrx_word' id='word_1_82' title='bbox 529 1510 632 1556; x_wconf 86' lang='lat' dir='ltr'><strong>eontra</strong></span> <span class='ocrx_word' id='word_1_83' title='bbox 654 1496 805 1577; x_wconf 81' lang='lat' dir='ltr'><strong>praedones</strong></span> <span class='ocrx_word' id='word_1_84' title='bbox 829 1497 1034 1557; x_wconf 90' lang='lat' dir='ltr'><strong>constituendo</strong></span> <span class='ocrx_word' id='word_1_85' title='bbox 1055 1499 1146 1576; x_wconf 82' lang='lat' dir='ltr'><strong>legem</strong></span> <span class='ocrx_word' id='word_1_86' title='bbox 1166 1519 1235 1576; x_wconf 85' lang='lat' dir='ltr'><strong>pro-</strong></span> 
     </span>
     <span class='ocr_line' id='line_1_13' title="bbox 204 1593 1234 1674; baseline 0 -20"><span class='ocrx_word' id='word_1_87' title='bbox 204 1596 392 1672; x_wconf 85' lang='lat' dir='ltr'><strong>mulgaverat.</strong></span> <span class='ocrx_word' id='word_1_88' title='bbox 408 1594 540 1674; x_wconf 88' lang='lat' dir='ltr'><strong>Iniquius</strong></span> <span class='ocrx_word' id='word_1_89' title='bbox 556 1593 642 1654; x_wconf 90' lang='lat' dir='ltr'><strong>etiam</strong></span> <span class='ocrx_word' id='word_1_90' title='bbox 659 1594 746 1654; x_wconf 80' lang='lat' dir='ltr'><strong>fuisse</strong></span> <span class='ocrx_word' id='word_1_91' title='bbox 766 1594 906 1673; x_wconf 89' lang='lat' dir='ltr'><strong>Pompeio</strong></span> <span class='ocrx_word' id='word_1_92' title='bbox 929 1607 958 1653; x_wconf 89' lang='lat' dir='ltr'><strong>et</strong></span> <span class='ocrx_word' id='word_1_93' title='bbox 977 1600 1014 1654; x_wconf 83' lang='lat' dir='ltr'><strong>A.</strong></span> <span class='ocrx_word' id='word_1_94' title='bbox 1031 1594 1156 1655; x_wconf 86' lang='lat' dir='ltr'><strong>Gabinio</strong></span> <span class='ocrx_word' id='word_1_95' title='bbox 1177 1595 1234 1654; x_wconf 89' lang='lat' dir='ltr'><strong>ob-</strong></span> 
     </span>
     <span class='ocr_line' id='line_1_14' title="bbox 207 1690 1233 1772; baseline -0.001 -20"><span class='ocrx_word' id='word_1_96' title='bbox 207 1705 374 1763; x_wconf 87' lang='lat' dir='ltr'><strong>trectatum,</strong></span> <span class='ocrx_word' id='word_1_97' title='bbox 388 1712 426 1751; x_wconf 90' lang='lat' dir='ltr'><strong>ne</strong></span> <span class='ocrx_word' id='word_1_98' title='bbox 441 1693 587 1772; x_wconf 85' lang='lat' dir='ltr'><strong>legaretur</strong></span> <span class='ocrx_word' id='word_1_99' title='bbox 599 1690 741 1750; x_wconf 82' lang='lat' dir='ltr'><strong>Gabinius</strong></span> <span class='ocrx_word' id='word_1_100' title='bbox 755 1695 808 1751; x_wconf 90' lang='lat' dir='ltr'><strong>Cn.</strong></span> <span class='ocrx_word' id='word_1_101' title='bbox 821 1692 960 1771; x_wconf 90' lang='lat' dir='ltr'><strong>Pompeio</strong></span> <span class='ocrx_word' id='word_1_102' title='bbox 972 1693 1119 1770; x_wconf 83' lang='lat' dir='ltr'><strong>expetenti</strong></span> <span class='ocrx_word' id='word_1_103' title='bbox 1134 1713 1168 1752; x_wconf 93' lang='lat' dir='ltr'><strong>ac</strong></span> <span class='ocrx_word' id='word_1_104' title='bbox 1182 1713 1233 1770; x_wconf 74' lang='lat' dir='ltr'><strong>po</strong></span> 
     </span>
     <span class='ocr_line' id='line_1_15' title="bbox 204 1787 1233 1868; baseline 0.001 -22"><span class='ocrx_word' id='word_1_105' title='bbox 204 1789 333 1848; x_wconf 88' lang='lat' dir='ltr'><strong>stulanti.</strong></span> <span class='ocrx_word' id='word_1_106' title='bbox 355 1795 461 1868; x_wconf 90' lang='lat' dir='ltr'><strong>Itaque</strong></span> <span class='ocrx_word' id='word_1_107' title='bbox 478 1809 530 1849; x_wconf 91' lang='lat' dir='ltr'><strong>sua</strong></span> <span class='ocrx_word' id='word_1_108' title='bbox 555 1788 673 1868; x_wconf 91' lang='lat' dir='ltr'><strong>quidem</strong></span> <span class='ocrx_word' id='word_1_109' title='bbox 695 1789 835 1848; x_wconf 89' lang='lat' dir='ltr'><strong>sententia</strong></span> <span class='ocrx_word' id='word_1_110' title='bbox 862 1809 950 1848; x_wconf 88' lang='lat' dir='ltr'><strong>uuum</strong></span> <span class='ocrx_word' id='word_1_111' title='bbox 973 1787 1143 1857; x_wconf 84' lang='lat' dir='ltr'><strong>Gabinium,</strong></span> <span class='ocrx_word' id='word_1_112' title='bbox 1162 1787 1233 1847; x_wconf 86' lang='lat' dir='ltr'><strong>beili</strong></span> 
     </span>
     <span class='ocr_line' id='line_1_16' title="bbox 203 1885 1232 1966; baseline 0.003 -23"><span class='ocrx_word' id='word_1_113' title='bbox 203 1885 340 1944; x_wconf 90' lang='lat' dir='ltr'><strong>maritimi</strong></span> <span class='ocrx_word' id='word_1_114' title='bbox 353 1906 509 1965; x_wconf 83' lang='lat' dir='ltr'><strong>rerumque</strong></span> <span class='ocrx_word' id='word_1_115' title='bbox 529 1899 675 1966; x_wconf 78' lang='lat' dir='ltr'><strong>gestarum</strong></span> <span class='ocrx_word' id='word_1_116' title='bbox 691 1897 855 1958; x_wconf 82' lang='lat' dir='ltr'><strong>auctorem,</strong></span> <span class='ocrx_word' id='word_1_117' title='bbox 876 1885 1011 1944; x_wconf 87' lang='lat' dir='ltr'><strong>comitem</strong></span> <span class='ocrx_word' id='word_1_118' title='bbox 1026 1890 1078 1946; x_wconf 88' lang='lat' dir='ltr'><strong>Cn.</strong></span> <span class='ocrx_word' id='word_1_119' title='bbox 1092 1887 1232 1963; x_wconf 80' lang='lat' dir='ltr'><strong>Pompeio</strong></span> 
     </span>
     <span class='ocr_line' id='line_1_17' title="bbox 204 1981 646 2059; baseline 0 -19"><span class='ocrx_word' id='word_1_120' title='bbox 204 1981 426 2041; x_wconf 82' lang='lat' dir='ltr'><strong>adscribendum</strong></span> <span class='ocrx_word' id='word_1_121' title='bbox 441 2003 517 2056; x_wconf 90' lang='lat' dir='ltr'><strong>esse,</strong></span> <span class='ocrx_word' id='word_1_122' title='bbox 533 1984 584 2056; x_wconf 88' lang='lat'><strong>18,</strong></span> <span class='ocrx_word' id='word_1_123' title='bbox 602 2003 646 2059; x_wconf 88' lang='lat'><strong>19.</strong></span> 
     </span>
    </p>

    <p class='ocr_par' dir='ltr' id='par_1_6' title="bbox 201 2079 1233 2352">
     <span class='ocr_line' id='line_1_18' title="bbox 243 2079 1233 2158; baseline 0.001 -22"><span class='ocrx_word' id='word_1_124' title='bbox 243 2081 419 2152; x_wconf 82' lang='lat' dir='ltr'><strong>2.Q.Catuli,</strong></span> <span class='ocrx_word' id='word_1_125' title='bbox 429 2079 479 2158; x_wconf 92' lang='lat' dir='ltr'><strong>qui</strong></span> <span class='ocrx_word' id='word_1_126' title='bbox 489 2079 650 2156; x_wconf 84' lang='lat' dir='ltr'><strong>quaesierat,</strong></span> <span class='ocrx_word' id='word_1_127' title='bbox 658 2079 682 2136; x_wconf 88' lang='lat' dir='ltr'><strong>si</strong></span> <span class='ocrx_word' id='word_1_128' title='bbox 691 2079 818 2158; x_wconf 93' lang='lat' dir='ltr'><strong>populus</strong></span> <span class='ocrx_word' id='word_1_129' title='bbox 830 2097 967 2138; x_wconf 84' lang='lat' dir='ltr'><strong>romanus</strong></span> <span class='ocrx_word' id='word_1_130' title='bbox 977 2080 1006 2137; x_wconf 93' lang='lat' dir='ltr'><strong>in</strong></span> <span class='ocrx_word' id='word_1_131' title='bbox 1017 2099 1076 2137; x_wconf 91' lang='lat' dir='ltr'><strong>uno</strong></span> <span class='ocrx_word' id='word_1_132' title='bbox 1088 2084 1233 2157; x_wconf 86' lang='lat' dir='ltr'><strong>Cu.an-</strong></span> 
     </span>
     <span class='ocr_line' id='line_1_19' title="bbox 202 2175 1231 2255; baseline 0.002 -23"><span class='ocrx_word' id='word_1_133' title='bbox 202 2175 270 2253; x_wconf 92' lang='lat' dir='ltr'><strong>peio</strong></span> <span class='ocrx_word' id='word_1_134' title='bbox 283 2177 379 2234; x_wconf 87' lang='lat' dir='ltr'><strong>omnia</strong></span> <span class='ocrx_word' id='word_1_135' title='bbox 389 2188 528 2253; x_wconf 86' lang='lat' dir='ltr'><strong>poneret,</strong></span> <span class='ocrx_word' id='word_1_136' title='bbox 549 2176 574 2236; x_wconf 92' lang='lat' dir='ltr'><strong>si</strong></span> <span class='ocrx_word' id='word_1_137' title='bbox 585 2175 656 2253; x_wconf 93' lang='lat' dir='ltr'><strong>quid</strong></span> <span class='ocrx_word' id='word_1_138' title='bbox 668 2195 704 2234; x_wconf 91' lang='lat' dir='ltr'><strong>eo</strong></span> <span class='ocrx_word' id='word_1_139' title='bbox 720 2175 828 2234; x_wconf 80' lang='lat' dir='ltr'><strong>sactum</strong></span> <span class='ocrx_word' id='word_1_140' title='bbox 843 2189 932 2248; x_wconf 90' lang='lat' dir='ltr'><strong>esset,</strong></span> <span class='ocrx_word' id='word_1_141' title='bbox 948 2176 1050 2254; x_wconf 88' lang='lat' dir='ltr'><strong>inquo</strong></span> <span class='ocrx_word' id='word_1_142' title='bbox 1062 2189 1231 2255; x_wconf 82' lang='lat' dir='ltr'><strong>spemesset</strong></span> 
     </span>
     <span class='ocr_line' id='line_1_20' title="bbox 201 2271 1230 2352; baseline 0.002 -22"><span class='ocrx_word' id='word_1_143' title='bbox 201 2271 368 2343; x_wconf 87' lang='lat' dir='ltr'><strong>habiturus,</strong></span> <span class='ocrx_word' id='word_1_144' title='bbox 386 2286 562 2351; x_wconf 78' lang='lat' dir='ltr'><strong>negaretque</strong></span> <span class='ocrx_word' id='word_1_145' title='bbox 576 2272 647 2332; x_wconf 87' lang='lat' dir='ltr'><strong>novi</strong></span> <span class='ocrx_word' id='word_1_146' title='bbox 660 2272 770 2350; x_wconf 85' lang='lat' dir='ltr'><strong>aliquid</strong></span> <span class='ocrx_word' id='word_1_147' title='bbox 784 2273 848 2332; x_wconf 87' lang='lat' dir='ltr'><strong>fieri</strong></span> <span class='ocrx_word' id='word_1_148' title='bbox 862 2273 969 2333; x_wconf 90' lang='lat' dir='ltr'><strong>debere</strong></span> <span class='ocrx_word' id='word_1_149' title='bbox 983 2285 1085 2333; x_wconf 84' lang='lat' dir='ltr'><strong>contra</strong></span> <span class='ocrx_word' id='word_1_150' title='bbox 1098 2274 1230 2352; x_wconf 87' lang='lat' dir='ltr'><strong>exempla</strong></span> 
     </span>
    </p>
   </div>
   <div class='ocr_carea' id='block_1_3' title="bbox 136 2371 1231 2742">
    <p class='ocr_par' dir='ltr' id='par_1_7' title="bbox 136 2371 1231 2742">
     <span class='ocr_line' id='line_1_21' title="bbox 136 2371 1230 2452; baseline 0 -24"><span class='ocrx_word' id='word_1_151' title='bbox 136 2441 141 2452; x_wconf 93' lang='lat'>.</span> <span class='ocrx_word' id='word_1_152' title='bbox 198 2384 286 2448; x_wconf 89' lang='lat' dir='ltr'><strong>atque</strong></span> <span class='ocrx_word' id='word_1_153' title='bbox 308 2371 440 2430; x_wconf 89' lang='lat' dir='ltr'><strong>instituta</strong></span> <span class='ocrx_word' id='word_1_154' title='bbox 459 2371 609 2449; x_wconf 88' lang='lat' dir='ltr'><strong>majorum.</strong></span> <span class='ocrx_word' id='word_1_155' title='bbox 637 2371 739 2430; x_wconf 87' lang='lat' dir='ltr'><strong>Cicero</strong></span> <span class='ocrx_word' id='word_1_156' title='bbox 760 2385 860 2430; x_wconf 84' lang='lat' dir='ltr'><strong>contra</strong></span> <span class='ocrx_word' id='word_1_157' title='bbox 883 2371 983 2444; x_wconf 86' lang='lat' dir='ltr'><strong>docet,</strong></span> <span class='ocrx_word' id='word_1_158' title='bbox 1010 2372 1100 2430; x_wconf 78' lang='lat' dir='ltr'><strong>marita</strong></span> <span class='ocrx_word' id='word_1_159' title='bbox 1119 2371 1230 2449; x_wconf 90' lang='lat' dir='ltr'><strong>jamin</strong></span> 
     </span>
     <span class='ocr_line' id='line_1_22' title="bbox 201 2468 1229 2549; baseline 0.002 -23"><span class='ocrx_word' id='word_1_160' title='bbox 201 2469 339 2547; x_wconf 87' lang='lat' dir='ltr'><strong>Pompeio</strong></span> <span class='ocrx_word' id='word_1_161' title='bbox 352 2489 430 2528; x_wconf 86' lang='lat' dir='ltr'><strong>nova</strong></span> <span class='ocrx_word' id='word_1_162' title='bbox 439 2482 469 2527; x_wconf 91' lang='lat' dir='ltr'><strong>et</strong></span> <span class='ocrx_word' id='word_1_163' title='bbox 480 2469 615 2528; x_wconf 88' lang='lat' dir='ltr'><strong>inusitata</strong></span> <span class='ocrx_word' id='word_1_164' title='bbox 625 2489 691 2528; x_wconf 88' lang='lat' dir='ltr'><strong>eum</strong></span> <span class='ocrx_word' id='word_1_165' title='bbox 700 2490 814 2528; x_wconf 89' lang='lat' dir='ltr'><strong>summo</strong></span> <span class='ocrx_word' id='word_1_166' title='bbox 826 2471 928 2549; x_wconf 88' lang='lat' dir='ltr'><strong>popuii</strong></span> <span class='ocrx_word' id='word_1_167' title='bbox 942 2471 1054 2529; x_wconf 88' lang='lat' dir='ltr'><strong>romani</strong></span> <span class='ocrx_word' id='word_1_168' title='bbox 1062 2468 1142 2527; x_wconf 90' lang='lat' dir='ltr'><strong>bono</strong></span> <span class='ocrx_word' id='word_1_169' title='bbox 1155 2469 1229 2528; x_wconf 79' lang='lat' dir='ltr'><strong>facta</strong></span> 
     </span>
     <span class='ocr_line' id='line_1_23' title="bbox 200 2553 1231 2646; baseline 0.001 -23"><span class='ocrx_word' id='word_1_170' title='bbox 200 2585 278 2638; x_wconf 86' lang='lat' dir='ltr'><strong>esse,</strong></span> <span class='ocrx_word' id='word_1_171' title='bbox 293 2585 403 2639; x_wconf 83' lang='lat' dir='ltr'><strong>ao,21.</strong></span> <span class='ocrx_word' id='word_1_172' title='bbox 418 2567 553 2645; x_wconf 90' lang='lat' dir='ltr'><strong>Iniquum</strong></span> <span class='ocrx_word' id='word_1_173' title='bbox 567 2566 656 2644; x_wconf 81' lang='lat' dir='ltr'><strong>igitur</strong></span> <span class='ocrx_word' id='word_1_174' title='bbox 666 2588 742 2642; x_wconf 88' lang='lat' dir='ltr'><strong>esse,</strong></span> <span class='ocrx_word' id='word_1_175' title='bbox 759 2553 821 2645; x_wconf 77' lang='lat' dir='ltr'><strong>ejus</strong></span> <span class='ocrx_word' id='word_1_176' title='bbox 838 2567 875 2626; x_wconf 93' lang='lat' dir='ltr'><strong>de</strong></span> <span class='ocrx_word' id='word_1_177' title='bbox 888 2567 1027 2646; x_wconf 88' lang='lat' dir='ltr'><strong>Pompeio</strong></span> <span class='ocrx_word' id='word_1_178' title='bbox 1038 2565 1180 2643; x_wconf 90' lang='lat' dir='ltr'><strong>judicium</strong></span> <span class='ocrx_word' id='word_1_179' title='bbox 1201 2580 1231 2624; x_wconf 92' lang='lat' dir='ltr'><strong>et</strong></span> 
     </span>
     <span class='ocr_line' id='line_1_24' title="bbox 200 2662 1229 2742; baseline 0.002 -23"><span class='ocrx_word' id='word_1_180' title='bbox 200 2662 402 2721; x_wconf 87' lang='lat' dir='ltr'><strong>auctoritatem</strong></span> <span class='ocrx_word' id='word_1_181' title='bbox 413 2683 490 2721; x_wconf 90' lang='lat' dir='ltr'><strong>nunc</strong></span> <span class='ocrx_word' id='word_1_182' title='bbox 500 2663 673 2742; x_wconf 90' lang='lat' dir='ltr'><strong>improbari,</strong></span> <span class='ocrx_word' id='word_1_183' title='bbox 688 2684 736 2726; x_wconf 82' lang='lat' dir='ltr'><strong>aa.</strong></span> <span class='ocrx_word' id='word_1_184' title='bbox 750 2666 913 2724; x_wconf 80' lang='lat' dir='ltr'><strong>Praesertim</strong></span> <span class='ocrx_word' id='word_1_185' title='bbox 924 2685 1012 2742; x_wconf 90' lang='lat' dir='ltr'><strong>quum</strong></span> <span class='ocrx_word' id='word_1_186' title='bbox 1025 2684 1091 2722; x_wconf 90' lang='lat' dir='ltr'><strong>eum</strong></span> <span class='ocrx_word' id='word_1_187' title='bbox 1107 2676 1229 2742; x_wconf 87' lang='lat' dir='ltr'><strong>propter</strong></span> 
     </span>
    </p>
   </div>
   <div class='ocr_carea' id='block_1_4' title="bbox 197 2764 1230 3626">
    <p class='ocr_par' dir='ltr' id='par_1_8' title="bbox 199 2764 1229 3038">
     <span class='ocr_line' id='line_1_25' title="bbox 199 2764 1229 2849; baseline 0.004 -25"><span class='ocrx_word' id='word_1_188' title='bbox 199 2768 288 2826; x_wconf 89' lang='lat' dir='ltr'><strong>animi</strong></span> <span class='ocrx_word' id='word_1_189' title='bbox 302 2764 511 2828; x_wconf 84' lang='lat' dir='ltr'><strong>continentiam</strong></span> <span class='ocrx_word' id='word_1_190' title='bbox 524 2771 595 2827; x_wconf 89' lang='lat' dir='ltr'><strong>socii</strong></span> <span class='ocrx_word' id='word_1_191' title='bbox 609 2783 756 2849; x_wconf 84' lang='lat' dir='ltr'><strong>expetant.</strong></span> <span class='ocrx_word' id='word_1_192' title='bbox 777 2771 910 2848; x_wconf 90' lang='lat' dir='ltr'><strong>Denique</strong></span> <span class='ocrx_word' id='word_1_193' title='bbox 923 2770 985 2829; x_wconf 84' lang='lat' dir='ltr'><strong>haec</strong></span> <span class='ocrx_word' id='word_1_194' title='bbox 999 2790 1084 2829; x_wconf 89' lang='lat' dir='ltr'><strong>causa</strong></span> <span class='ocrx_word' id='word_1_195' title='bbox 1104 2770 1229 2831; x_wconf 86' lang='lat' dir='ltr'><strong>auctori·</strong></span> 
     </span>
     <span class='ocr_line' id='line_1_26' title="bbox 201 2864 1228 2946; baseline 0.002 -24"><span class='ocrx_word' id='word_1_196' title='bbox 201 2864 306 2946; x_wconf 85' lang='lat' dir='ltr'><strong>tatibus</strong></span> <span class='ocrx_word' id='word_1_197' title='bbox 321 2865 543 2925; x_wconf 87' lang='lat' dir='ltr'><strong>clarissimorum</strong></span> <span class='ocrx_word' id='word_1_198' title='bbox 558 2868 688 2925; x_wconf 83' lang='lat' dir='ltr'><strong>virorum</strong></span> <span class='ocrx_word' id='word_1_199' title='bbox 702 2871 732 2926; x_wconf 91' lang='lat' dir='ltr'><strong>P.</strong></span> <span class='ocrx_word' id='word_1_200' title='bbox 741 2867 873 2938; x_wconf 86' lang='lat' dir='ltr'><strong>Servilii,</strong></span> <span class='ocrx_word' id='word_1_201' title='bbox 887 2871 920 2926; x_wconf 85' lang='lat' dir='ltr'><strong>C·</strong></span> <span class='ocrx_word' id='word_1_202' title='bbox 931 2867 1079 2940; x_wconf 89' lang='lat' dir='ltr'><strong>Curionis,</strong></span> <span class='ocrx_word' id='word_1_203' title='bbox 1094 2871 1146 2926; x_wconf 89' lang='lat' dir='ltr'><strong>Cn.</strong></span> <span class='ocrx_word' id='word_1_204' title='bbox 1155 2873 1228 2927; x_wconf 83' lang='lat' dir='ltr'><strong>Lon·</strong></span> 
     </span>
     <span class='ocr_line' id='line_1_27' title="bbox 200 2963 1027 3038; baseline 0.004 -18"><span class='ocrx_word' id='word_1_205' title='bbox 200 2963 267 3034; x_wconf 89' lang='lat' dir='ltr'><strong>tuli,</strong></span> <span class='ocrx_word' id='word_1_206' title='bbox 283 2966 314 3021; x_wconf 87' lang='lat' dir='ltr'><strong>C.</strong></span> <span class='ocrx_word' id='word_1_207' title='bbox 328 2963 418 3022; x_wconf 89' lang='lat' dir='ltr'><strong>Cassii</strong></span> <span class='ocrx_word' id='word_1_208' title='bbox 430 2963 626 3038; x_wconf 88' lang='lat' dir='ltr'><strong>confirmatur,</strong></span> <span class='ocrx_word' id='word_1_209' title='bbox 642 2963 689 3026; x_wconf 77' lang='lat'><strong>23.</strong></span> <span class='ocrx_word' id='word_1_210' title='bbox 1026 2973 1027 2976; x_wconf 75' lang='grc'>’</span> 
     </span>
    </p>

    <p class='ocr_par' dir='ltr' id='par_1_9' title="bbox 197 3057 1230 3626">
     <span class='ocr_line' id='line_1_28' title="bbox 239 3057 1229 3133; baseline 0 -17"><span class='ocrx_word' id='word_1_211' title='bbox 239 3063 273 3117; x_wconf 87' lang='lat' dir='ltr'><strong>In</strong></span> <span class='ocrx_word' id='word_1_212' title='bbox 289 3073 418 3120; x_wconf 84' lang='lat' dir='ltr'><strong>extrema</strong></span> <span class='ocrx_word' id='word_1_213' title='bbox 432 3063 564 3120; x_wconf 88' lang='lat' dir='ltr'><strong>oratione</strong></span> <span class='ocrx_word' id='word_1_214' title='bbox 576 3062 679 3120; x_wconf 88' lang='lat' dir='ltr'><strong>Cicero</strong></span> <span class='ocrx_word' id='word_1_215' title='bbox 696 3065 727 3120; x_wconf 87' lang='lat' dir='ltr'><strong>C.</strong></span> <span class='ocrx_word' id='word_1_216' title='bbox 742 3058 893 3119; x_wconf 82' lang='lat' dir='ltr'><strong>Manilium</strong></span> <span class='ocrx_word' id='word_1_217' title='bbox 908 3057 1053 3133; x_wconf 87' lang='lat' dir='ltr'><strong>hortatur,</strong></span> <span class='ocrx_word' id='word_1_218' title='bbox 1070 3059 1148 3116; x_wconf 81' lang='lat' dir='ltr'><strong>utin</strong></span> <span class='ocrx_word' id='word_1_219' title='bbox 1162 3077 1229 3117; x_wconf 88' lang='lat' dir='ltr'><strong>sen·</strong></span> 
     </span>
     <span class='ocr_line' id='line_1_29' title="bbox 198 3155 1230 3237; baseline 0.001 -24"><span class='ocrx_word' id='word_1_220' title='bbox 198 3157 288 3214; x_wconf 85' lang='lat' dir='ltr'><strong>tentia</strong></span> <span class='ocrx_word' id='word_1_221' title='bbox 306 3171 433 3230; x_wconf 86' lang='lat' dir='ltr'><strong>maneat,</strong></span> <span class='ocrx_word' id='word_1_222' title='bbox 449 3179 522 3217; x_wconf 85' lang='lat' dir='ltr'><strong>neve</strong></span> <span class='ocrx_word' id='word_1_223' title='bbox 537 3159 709 3237; x_wconf 88' lang='lat' dir='ltr'><strong>cujusquam</strong></span> <span class='ocrx_word' id='word_1_224' title='bbox 723 3157 782 3216; x_wconf 77' lang='lat' dir='ltr'><strong>vim</strong></span> <span class='ocrx_word' id='word_1_225' title='bbox 800 3170 850 3215; x_wconf 85' lang='lat' dir='ltr'><strong>aut</strong></span> <span class='ocrx_word' id='word_1_226' title='bbox 868 3155 961 3216; x_wconf 89' lang='lat' dir='ltr'><strong>minas</strong></span> <span class='ocrx_word' id='word_1_227' title='bbox 974 3157 1177 3236; x_wconf 85' lang='lat' dir='ltr'><strong>pertimescat;</strong></span> <span class='ocrx_word' id='word_1_228' title='bbox 1200 3165 1230 3214; x_wconf 90' lang='lat' dir='ltr'><strong>et</strong></span> 
     </span>
     <span class='ocr_line' id='line_1_30' title="bbox 198 3252 1230 3333; baseline 0.002 -25"><span class='ocrx_word' id='word_1_229' title='bbox 198 3252 341 3329; x_wconf 90' lang='lat' dir='ltr'><strong>quidquid</strong></span> <span class='ocrx_word' id='word_1_230' title='bbox 355 3253 418 3333; x_wconf 92' lang='lat' dir='ltr'><strong>ipse</strong></span> <span class='ocrx_word' id='word_1_231' title='bbox 433 3255 622 3328; x_wconf 87' lang='lat' dir='ltr'><strong>auctoritate,</strong></span> <span class='ocrx_word' id='word_1_232' title='bbox 642 3254 719 3327; x_wconf 88' lang='lat' dir='ltr'><strong>fide,</strong></span> <span class='ocrx_word' id='word_1_233' title='bbox 738 3253 897 3314; x_wconf 88' lang='lat' dir='ltr'><strong>constantia</strong></span> <span class='ocrx_word' id='word_1_234' title='bbox 910 3256 1017 3333; x_wconf 91' lang='lat' dir='ltr'><strong>possit,</strong></span> <span class='ocrx_word' id='word_1_235' title='bbox 1038 3255 1070 3314; x_wconf 90' lang='lat' dir='ltr'><strong>id</strong></span> <span class='ocrx_word' id='word_1_236' title='bbox 1085 3273 1171 3314; x_wconf 88' lang='lat' dir='ltr'><strong>omns</strong></span> <span class='ocrx_word' id='word_1_237' title='bbox 1192 3252 1230 3310; x_wconf 87' lang='lat' dir='ltr'><strong>nd</strong></span> 
     </span>
     <span class='ocr_line' id='line_1_31' title="bbox 200 3347 1229 3432; baseline 0.004 -26"><span class='ocrx_word' id='word_1_238' title='bbox 200 3347 278 3407; x_wconf 88' lang='lat' dir='ltr'><strong>hauc</strong></span> <span class='ocrx_word' id='word_1_239' title='bbox 297 3371 356 3409; x_wconf 85' lang='lat' dir='ltr'><strong>rem</strong></span> <span class='ocrx_word' id='word_1_240' title='bbox 372 3351 580 3410; x_wconf 88' lang='lat' dir='ltr'><strong>conficiendam</strong></span> <span class='ocrx_word' id='word_1_241' title='bbox 602 3351 719 3410; x_wconf 89' lang='lat' dir='ltr'><strong>tribuno</strong></span> <span class='ocrx_word' id='word_1_242' title='bbox 737 3367 765 3411; x_wconf 88' lang='lat' dir='ltr'><strong>et</strong></span> <span class='ocrx_word' id='word_1_243' title='bbox 785 3355 897 3432; x_wconf 90' lang='lat' dir='ltr'><strong>populo</strong></span> <span class='ocrx_word' id='word_1_244' title='bbox 914 3372 1034 3412; x_wconf 89' lang='lat' dir='ltr'><strong>romano</strong></span> <span class='ocrx_word' id='word_1_245' title='bbox 1055 3355 1229 3432; x_wconf 89' lang='lat' dir='ltr'><strong>pollicetur;</strong></span> 
     </span>
     <span class='ocr_line' id='line_1_32' title="bbox 198 3447 1227 3532; baseline 0 -26"><span class='ocrx_word' id='word_1_246' title='bbox 198 3447 340 3526; x_wconf 88' lang='lat' dir='ltr'><strong>denique,</strong></span> <span class='ocrx_word' id='word_1_247' title='bbox 351 3469 382 3508; x_wconf 92' lang='lat' dir='ltr'><strong>se</strong></span> <span class='ocrx_word' id='word_1_248' title='bbox 394 3449 538 3528; x_wconf 91' lang='lat' dir='ltr'><strong>quidquid</strong></span> <span class='ocrx_word' id='word_1_249' title='bbox 552 3451 582 3508; x_wconf 93' lang='lat' dir='ltr'><strong>in</strong></span> <span class='ocrx_word' id='word_1_250' title='bbox 595 3449 649 3508; x_wconf 91' lang='lat' dir='ltr'><strong>hac</strong></span> <span class='ocrx_word' id='word_1_251' title='bbox 661 3469 745 3510; x_wconf 85' lang='lat' dir='ltr'><strong>causa</strong></span> <span class='ocrx_word' id='word_1_252' title='bbox 760 3453 866 3532; x_wconf 84' lang='lat' dir='ltr'><strong>egerit,</strong></span> <span class='ocrx_word' id='word_1_253' title='bbox 878 3451 965 3510; x_wconf 90' lang='lat' dir='ltr'><strong>unius</strong></span> <span class='ocrx_word' id='word_1_254' title='bbox 975 3450 1151 3531; x_wconf 71' lang='lat' dir='ltr'><strong>reipublicae,</strong></span> <span class='ocrx_word' id='word_1_255' title='bbox 1168 3469 1227 3509; x_wconf 90' lang='lat' dir='ltr'><strong>non</strong></span> 
     </span>
     <span class='ocr_line' id='line_1_33' title="bbox 197 3545 1170 3626; baseline 0.005 -24"><span class='ocrx_word' id='word_1_256' title='bbox 197 3564 317 3604; x_wconf 87' lang='lat' dir='ltr'><strong>suorum</strong></span> <span class='ocrx_word' id='word_1_257' title='bbox 333 3545 554 3606; x_wconf 88' lang='lat' dir='ltr'><strong>commodorum</strong></span> <span class='ocrx_word' id='word_1_258' title='bbox 569 3567 656 3606; x_wconf 88' lang='lat' dir='ltr'><strong>causa</strong></span> <span class='ocrx_word' id='word_1_259' title='bbox 668 3549 828 3626; x_wconf 86' lang='lat' dir='ltr'><strong>suscepisse</strong></span> <span class='ocrx_word' id='word_1_260' title='bbox 840 3548 1006 3622; x_wconf 84' lang='lat' dir='ltr'><strong>coufirmat,</strong></span> <span class='ocrx_word' id='word_1_261' title='bbox 1023 3558 1068 3618; x_wconf 64' lang='grc' dir='ltr'><strong>αἱ..</strong></span> <span class='ocrx_word' id='word_1_262' title='bbox 1168 3574 1170 3580; x_wconf 66' lang='grc'><strong>’</strong></span> 
     </span>
    </p>
   </div>
   <div class='ocr_carea' id='block_1_5' title="bbox 471 3814 917 3845">
    <p class='ocr_par' dir='ltr' id='par_1_10' title="bbox 471 3814 917 3845">
     <span class='ocr_line' id='line_1_34' title="bbox 471 3814 917 3845; baseline -0.004 -6"><span class='ocrx_word' id='word_1_263' title='bbox 471 3814 917 3845; x_wconf 49' lang='grc' dir='ltr'>ψ</span> 
     </span>
    </p>
   </div>
   <div class='ocr_carea' id='block_1_6' title="bbox 0 0 1486 4682">
    <p class='ocr_par' dir='ltr' id='par_1_11' title="bbox 0 0 1486 4682">
     <span class='ocr_line' id='line_1_35' title="bbox 0 0 1486 4682; baseline 0 3"><span class='ocrx_word' id='word_1_264' title='bbox 0 0 1486 4682; x_wconf 95' lang='lat' dir='ltr'><strong> </strong></span> 
     </span>
    </p>
   </div>
  </div>
 </body>
</html>
