2958 4670
290 347 359 432 542
511 365 517 374 ·
610 348 659 416 Μ,
685 349 725 414 Τ.
751 347 1031 418 CICERONIS

286 471 348 542 illa
374 469 431 542 lex
470 469 733 540 accusationem
767 483 891 552 tuam,
922 470 950 538 si
980 469 1133 544 haberes
1160 491 1349 558 nocentem

285 604 407 666 reum,
427 577 579 654 sortasse¹
591 594 780 662 armassem
798 581 965 676 petitioni
984 605 1071 652 vero
1091 581 1266 682 refragata
1286 603 1348 659 est.

268 695 395 764 =Poena
405 691 548 787 gravior
562 689 600 758 in
614 686 757 786 plebem
773 702 834 759 tua
848 712 936 760 voce
950 686 1142 787 efflagitata
1162 707 1238 764 est:
1254 719 1350 766 com·

286 803 377 874 moti
398 801 508 871 animi
532 802 637 869 suntlt
668 798 887 868 tenuiorum.
912 797 1109 872 Eusilium⁵
1126 804 1162 872 in
1188 819 1350 878 nostrum

284 910 468 982 ordinem:
485 910 660 980 concessit
675 922 820 980 senatus
839 909 1072 1005 postulationi
1092 926 1180 999 tuae;
1199 914 1259 986 sed
1276 939 1349 987 nou

285 1021 438 1092 libenter
452 1018 635 1090 duriorem
654 1014 811 1088 fortune
826 1019 1012 1092 communi
1029 1019 1298 1112 conditionem,
1318 1040 1350 1096 te

284 1145 451 1216 auctore,
468 1123 691 1200 eorisrituut.
713 1125 833 1200 Morbi
853 1131 1075 1200 excusationi
1101 1155 1210 1228 poena
1233 1131 1352 1204 addita

281 1235 387 1314 es't⁷:
408 1239 575 1310 voluntas
591 1235 732 1310 offensa
752 1237 971 1327 multorum,
987 1239 1122 1337 quibus
1140 1257 1205 1314 aut
1224 1258 1351 1316 contra

283 1349 489 1440 valitudinis
513 1347 745 1419 commodum
769 1346 1006 1422 laborandum
1029 1367 1104 1438 est,
1125 1367 1189 1424 aut
1209 1357 1349 1426 incom-

282 1460 394 1533 modo
410 1457 532 1530 morbi
548 1463 656 1530 etiam
680 1464 791 1530 ceteri
817 1461 897 1532 vitae
922 1460 1063 1534 fructus
1087 1463 1350 1561 relinquendit.

281 1572 378 1664 Quid
397 1571 504 1667 ergo?
521 1567 596 1641 haec
614 1569 910 1666 querulitatis,
934 1573 998 1668 qui
1017 1575 1231 1644 auctoritati,
1246 1599 1349 1648 seua·

169 1689 172 1706 ¹
254 1735 259 1744 -
281 1699 358 1770 tus,
385 1681 563 1753 voluntati
582 1694 652 1750 ture
671 1683 816 1776 paruit3
849 1680 1007 1780 denique
1026 1684 1055 1753 is
1071 1683 1175 1772 tulit,
1204 1686 1262 1756 cui
1286 1686 1348 1758 mi-

281 1795 378 1867 nime
394 1790 592 1889 proderant
604 1800 646 1860 ¹⁰.
662 1790 741 1878 Illa,
754 1815 835 1888 quae
849 1817 928 1863 mea
942 1793 1083 1866 summa
1095 1796 1280 1868 voluntate
1294 1821 1348 1868 se-

281 1919 387 1975 natus
401 1894 572 1998 frequens
583 1899 784 1998 repudiavit
793 1902 1074 1989 ¹¹‚mediocriter
1086 1904 1269 1978 adversata
1281 1905 1347 1978 tibi

280 2039 358 2087 esee
372 2010 576 2084 existimas?
588 2008 846 2082 Confusionem
860 2011 1152 2110 suffragiorum¹²
1166 2013 1347 2112 flagitasti,

317 2159 343 2217 4,
357 2155 433 2204 Abest
445 2165 524 2201 sunta
537 2151 619 2200 mialtie
629 2151 701 2200 MSS.
717 2151 790 2200 nect.
833 2153 907 2214 beut;
919 2171 986 2204 nunc
1002 2156 1114 2205 exsilimn
1131 2157 1172 2205 lea
1180 2157 1259 2206 'l'allia
1270 2157 1347 2207 addit.

280 2233 378 2290 sehim.
388 2232 504 2282 delevere.
517 2233 544 2281 J.
554 2233 587 2281 V.
596 2235 622 2280 1..
836 2232 864 2284 ³⁰
871 2235 953 2282 noret
960 2236 1116 2285 excusationi
1122 2253 1196 2300 poena
1207 2236 1304 2288 addita.
1311 2238 1348 2288 Ne

317 2316 340 2362 5.
359 2311 489 2360 Exsilium.
502 2309 578 2377 Quod
595 2309 648 2374 lege
659 2309 791 2376 Calpurnia
835 2313 890 2378 quis
899 2315 977 2362 morbi
984 2316 1139 2364 executione
1147 2317 1183 2362 uti
1190 2328 1273 2381 posset
1283 2333 1348 2375 reus,

280 2410 331 2444 nou
348 2390 508 2454 irrogabatur.
834 2391 1076 2455 legeTulliacautum
1086 2405 1222 2458 eat,utpro
1231 2395 1346 2443 &musto

314 2466 546 2520 neomeniam
563 2466 654 2516 invitus
667 2467 791 2518 conditio·
834 2470 962 2520 haberetur
984 2474 1132 2536 quicumque
1150 2473 1231 2522 morbi
1251 2489 1346 2522 eausam

278 2567 334 2602 nem
344 2559 450 2597 noemam
459 2546 596 2604 duriorem,
606 2556 630 2598 te
640 2548 790 2612 postulante,
835 2551 1001 2613 praetendens,
1012 2551 1101 2612 judicii
1120 2551 1261 2602 dilationem
1279 2569 1347 2617 que·

277 2630 369 2680 effecit.
836 2639 912 2690 reret,
926 2629 1172 2688 donec,adsenieute
1185 2631 1287 2679 ineundi
1297 2647 1347 2678 ma·

316 2725 339 2770 7.
351 2709 426 2754 Poena
438 2703 527 2752 addite
540 2715 585 2751 est.
598 2703 670 2765 liele,
689 2704 790 2752 testibus
825 2708 948 2772 ‘gistratus
960 2708 1014 2772 die,
1025 2707 1169 2756 elaberetur.

276 2785 449 2848 autjudieibus
467 2783 578 2831 morbum
592 2783 770 2832 excusantibus.
872 2801 913 2834 ιο.
927 2787 993 2833 Idem
1007 2784 1106 2835 Schiite.
1116 2804 1130 2834 e
1140 2787 1347 2852 conjectura,qai

315 2870 340 2916 8.
365 2863 531 2930 delinquendi.
546 2862 620 2926 Quod
639 2871 682 2910 aut
704 2873 788 2909 contra
834 2861 1101 2928 nrireimeproberet..l.
1115 2863 1147 2912 V.
1160 2867 1187 2911 L.

278 2945 435 2996 valitudinem
444 2942 563 3006 agendum
572 2952 608 2990 est
617 2977 625 3002 ‚
635 2951 675 2989 aut
688 2951 789 3005 propter
872 2959 912 2992 11.
923 2943 1075 3008 Repudiavit.
1087 2943 1157 3008 Legle
1169 2953 1249 2991 autem
1259 2942 1345 3006 capita,

277 3027 357 3075 morbi
369 3021 553 3072 incommodum
566 3020 640 3068 multa
659 3019 789 3078 solvenda,
833 3037 899 3085 quie,
917 3037 956 3070 nae
976 3023 1080 3070 maxlme
1099 3021 1236 3077 adnitente,
1248 3032 1344 3070 senatus

277 3107 345 3172 quael
358 3120 388 3151 ex
399 3100 518 3152 industria
533 3099 629 3166 judicio
641 3097 752 3146 abfuerit.
833 3101 932 3161 rejecit,
945 3101 989 3149 u'bi
1009 3115 1060 3148 tion
1074 3099 1186 3148 nocuisse
1205 3099 1344 3148 arbitraria?

313 3201 338 3248 9.
353 3185 412 3230 Hoee
422 3179 476 3250 quis
485 3179 559 3227 tulite’
571 3179 657 3227 Cicero
666 3177 718 3241 ipse
727 3192 788 3224 eou-
832 3177 906 3226 Nunc
917 3179 951 3226 ita
964 3193 1079 3244 personae
1090 3179 1190 3228 invertit
1203 3179 1304 3236 ciem,
1316 3189 1343 3226 ut

277 3263 315 3312 sul
323 3259 354 3309 sd
367 3257 532 3324 reprimendos
542 3256 652 3304 Cau'linre
671 3269 788 3312 conatus,
832 3257 942 3321 quamvis
950 3257 999 3306 lata
1010 3275 1023 3306 a
1035 3273 1060 3305 aa
1069 3257 1109 3306 lex
1118 3257 1158 3306 illa
1172 3257 1257 3316 fuerit,
1267 3257 1343 3304 Servii

275 3359 308 3392 ex
325 3335 535 3390 senatusconsulto
552 3335 628 3399 legem
651 3350 740 3383 novam
759 3329 788 3382 de
832 3333 1339 3385 duntaxatinetrumentumfuissevideatnr.

277 3419 369 3472 ambitu
382 3417 451 3474 tulit,
468 3415 620 3480 superiorum
635 3415 743 3462 omnium
752 3429 788 3460 ae-
871 3431 911 3464 ra.
926 3413 1092 3480 &infusionem
1102 3411 1285 3481 suffragr'emm.
1298 3418 1341 3464 Pe-

278 3499 435 3554 verissimam,
444 3495 513 3556 eujus
522 3491 567 3540 tria
574 3491 653 3556 capita
662 3491 702 3539 hie
709 3508 786 3539 nume
832 3495 903 3543 tieret
912 3495 1009 3544 Servius
1017 3530 1024 3555 ,
1031 3511 1082 3545 non
1092 3507 1121 3544 ut
1130 3530 1136 3555 ‚
1148 3496 1202 3543 latis
1211 3495 1340 3559 euflngds,

276 3593 367 3629 rantur.
384 3575 410 3623 1⁰
420 3577 496 3622 Perna
503 3569 603 3637 gravier
615 3571 640 3618 in
652 3571 789 3636 plebemtff·
832 3575 949 3623 centurias
960 3585 1142 3622 numerarentur
1150 3611 1158 3636 ‚
1166 3573 1234 3638 quod
1242 3571 1293 3621 fieri
1303 3589 1340 3621 so·

267 3659 397 3732 flagitata.
414 3653 506 3717 Nempe
519 3652 545 3698 iu
563 3665 605 3697 eos
618 3651 661 3714 qui
673 3651 786 3714 suffragia
830 3653 913 3714 lebat;
927 3653 970 3701 sed
983 3663 1011 3702 ut
1024 3656 1104 3702 omnia
1117 3649 1277 3701 centuriarum
1287 3669 1338 3700 om-

274 3737 378 3788 vendere
392 3731 510 3780 solebant.
529 3727 557 3778 a⁰
567 3729 688 3776 Exsilium
702 3729 728 3776 in
741 3745 784 3776 no·
830 3733 897 3779 nium
908 3731 1020 3796 suffragia
1034 3732 1255 3794 ronlanderentur3
1264 3731 1339 3795 lisque

273 3832 349 3868 strum
359 3811 475 3861 ordbrem.
486 3807 538 3858 Soli
547 3808 611 3856 euim
622 3819 743 3856 senatores
754 3809 785 3855 ad
830 3812 976 3868 numeratis,
999 3813 1053 3876 quis
1071 3809 1250 3859 consultamus
1264 3821 1338 3868 meet,

229 3949 231 3952 ¹
275 3896 426 3960 magistratus
440 3887 557 3957 petendos
569 3887 712 3952 plerumque
720 3903 785 3935 acee-
829 3889 884 3954 quis
896 3889 1001 3950 rejectus
1015 3889 1196 3954 intelligeretur.
1209 3889 1246 3936 lta
1257 3885 1335 3944 flebat.

276 3971 491 4036 debent(exeepta
504 3967 653 4034 quterram),
664 3967 730 4031 iique
739 3983 783 4014 an·
829 3979 856 4016 ut
869 3967 974 4016 ambitus
988 3987 1019 4017 ex
1030 3985 1115 4032 magua
1126 3979 1195 4033 parte
1208 3967 1337 4022 tolleretur,

276 4069 314 4104 tea
323 4054 375 4116 lege
383 4049 512 4112 Calpurnia
522 4047 628 4094 damnati
636 4045 784 4104 etordinem‚
829 4063 904 4112 quum
917 4048 1008 4097 nulllus
1020 4047 1135 4098 eenmdte
1145 4043 1338 4110 beneficiumap·

274 4135 348 4195 ,rjus
371 4126 529 4190 petendorum
552 4125 673 4172 bonarum
691 4125 784 4172 amitte-
828 4136 930 4190 pareret.
