2988 4668
179 443 182 456 Ι
261 359 335 432 606
436 359 810 430 OBSERVATIONES
835 359 1167 444 APOLOGETIGAE

264 484 363 548 nibus
374 480 546 570 propinas,
562 481 674 568 etipse
686 529 695 562 ,
706 481 808 569 patria
824 480 977 569 pleraque
988 479 1036 569 (1)
1054 497 1111 545 tua
1127 481 1276 546 instituta
1292 485 1335 567 ei,

267 611 364 677 quam
382 587 441 652 tibi
468 585 581 675 fingis,
603 571 788 675 reipublicae
804 585 903 650 edens
922 610 990 651 non
1009 589 1156 675 perituro
1178 589 1336 677 insculpta

265 695 437 774 marmori,
458 693 658 756 misellorum
680 695 817 757 istorum
843 715 970 756 morem
993 694 1138 781 sequeris
1156 693 1224 782 (2).
1245 695 1336 777 Quin

266 802 372 867 Tulli!
395 801 491 864 JCtos
511 800 697 887 vituperans
719 821 850 887 pravam
870 800 938 887 ipse
957 799 1229 864 consuetudinem
1247 800 1337 864 desc·

267 931 335 990 ras,
363 923 413 989 et,
437 921 476 969 ut
506 922 598 972 vetus
622 921 671 970 est
696 904 839 987 dictum,
870 907 940 969 «Ex
952 907 1030 969 vitio
1052 907 1183 971 alterius
1211 907 1336 994 sapiens

266 1012 419 1080 emendes
435 1027 531 1077 tuum
543 1043 567 1076 ι.
586 1012 650 1076 Sed
667 1013 804 1076 nimium
818 1035 1009 1100 properare,
1027 1029 1060 1077 et
1078 1014 1192 1094 messi,
1210 1012 1336 1076 domin

266 1121 367 1185 herba
396 1135 463 1200 est,
488 1118 602 1182 falcem
628 1141 680 1183 me
710 1119 886 1183 immittere
911 1116 1143 1183 animadverto.
1171 1119 1335 1182 Ciceronis

267 1228 354 1291 enim
371 1227 405 1290 in
422 1227 482 1290 hac
501 1247 613 1290 caussa
629 1226 854 1290 auctoritatem
873 1225 1013 1290 exactius
1031 1227 1111 1289 mihi
1130 1223 1337 1313 perpenden-

268 1332 344 1398 dam
357 1332 514 1434 proposui
530 1333 632 1421 capite
649 1333 819 1419 sequenti,
836 1331 877 1396 ad
894 1331 985 1420 quod
1001 1332 1066 1413 jam
1080 1330 1285 1422 progredior.

584 1621 730 1690 CAPUT
754 1619 1022 1692 SECUNDUM.

313 1836 480 1919 Quaeritur
496 1835 704 1923 primo,sitne
717 1835 830 1902 Cicero
843 1836 876 1899 in
893 1836 1048 1900 JCtorum
1064 1856 1242 1899 numerum
1256 1836 1336 1898 refe·

269 1941 410 2010 sendus?
435 1945 465 2007 A
483 1939 669 2007 delinitione
683 1942 753 2008 JCti
773 1959 840 2008 tota
856 1941 977 2030 pendet
990 1941 1228 2023 controversin3
1245 1963 1335 2019 nam,

269 2068 308 2116 ut
322 2067 397 2139 post
411 2049 634 2130 Democritum
645 2047 692 2134 (3)
703 2049 826 2138 optime
842 2048 963 2112 Noster
972 2047 1019 2133 (4)
1028 2048 1073 2110 ait
1084 2047 1166 2110 «nisi
1178 2047 1334 2125 intereos,

268 2159 326 2248 qui
346 2155 539 2244 disceptant,
555 2155 725 2236 convenit,
745 2152 825 2242 quid
843 2155 884 2218 sit
901 2152 997 2234 illud,
1012 2151 1053 2217 de
1070 2177 1138 2240 quo
1151 2151 1332 2242 ambigitur,

268 2286 329 2328 nee
344 2278 431 2327 recte
444 2259 573 2344 disseri,
590 2283 650 2324 nec
665 2283 820 2349 umquam
838 2257 878 2324 ad
893 2260 1015 2327 exitum
1030 2259 1190 2347 perveniri
1205 2275 1334 2347 potestu.

268 2368 314 2432 Cl.
335 2367 557 2457 Schultingius
570 2367 709 2453 quippe,
724 2367 888 2430 scientiam
900 2365 981 2444 juris
993 2367 1147 2432 naturalis
1162 2382 1195 2430 et
1207 2363 1334 2453 publici,

269 2497 333 2562 qua
343 2495 497 2538 romanus
507 2473 723 2561 philosophus
737 2473 861 2560 (legem
873 2471 1014 2536 divinam
1029 2472 1240 2561 Philosophia
1254 2493 1334 2537 oom-

268 2579 433 2669 plectitur)
449 2575 612 2658 excelluit,
630 2600 750 2666 magno
768 2600 866 2667 opere
880 2575 1056 2666 praedicans
1068 2577 1131 2665 (5),
1142 2577 1252 2658 illum,
1269 2574 1338 2663 opi-¹

270 2709 341 2768 nor,
360 2685 421 2750 sibi
439 2685 473 2748 in
492 2684 600 2748 Tullio
618 2685 634 2747 J
638 2685 736 2748 Ctum
751 2682 891 2765 effinxit,
906 2684 1009 2771 qualis
1024 2683 1217 2748 describitur
1227 2683 1269 2748 ab
1284 2679 1333 2743 Ul·

267 2794 365 2881 piano
373 2791 430 2882 (6),
447 2792 550 2857 «boni
565 2809 598 2858 et
614 2792 699 2879 sequi
717 2791 883 2872 sacerdos,
896 2791 1056 2871 justitiam
1072 2791 1193 2874 colens,
1209 2807 1333 2879 aequum

309 3087 347 3154 (1)
364 3091 476 3138 Testatur
486 3088 535 3140 hoc
548 3091 600 3156 ipse
613 3091 700 3140 Cicero
712 3091 742 3141 de
751 3095 823 3157 Legg.
833 3092 877 3141 lib.
887 3095 927 3154 11,
941 3109 996 3158 cap.
1008 3109 1047 3140 ιο.

303 3203 342 3273 (a)
355 3205 371 3252 J
373 3207 441 3269 ungit
456 3207 548 3272 qnippe
562 3206 604 3274 (de
614 3210 687 3273 Legg.
698 3208 742 3256 lib.
754 3212 796 3268 11,
812 3225 834 3256 e.
847 3210 861 3256 8
873 3208 954 3275 seqq.)
972 3231 985 3250 α
994 3208 1026 3257 ad
1037 3225 1089 3256 eem
1103 3225 1153 3258 rem
1166 3220 1190 3258 et
1199 3211 1325 3262 radonem,

270 3291 365 3340 decorae
384 3305 505 3358 grataeque
518 3295 617 3354 bostiae,
629 3297 734 3357 injusta,
751 3297 856 3358 nefasta,
874 3297 980 3357 vitiosa,
1002 3308 1030 3346 et-
1046 3296 1112 3358 dira,
1128 3298 1195 3344 irrita
1210 3297 1329 3345 etiulests

269 3381 326 3446 (lib.
337 3383 387 3438 111,
405 3399 458 3448 cap.
472 3383 514 3448 3),
529 3383 625 3432 soboles
636 3397 661 3434 et
676 3385 792 3445 familias,
806 3397 854 3434 etc.
865 3406 878 3426 ι

305 3497 344 3564 (3)
356 3498 431 3562 Apud
441 3497 507 3548 Sext.
518 3500 609 3563 Empir.
619 3498 663 3548 lib.
673 3501 728 3557 Vll,
739 3500 796 3548 adv.
806 3501 922 3548 Mathem.
935 3497 950 3564 S
964 3501 1024 3561 135,
1035 3515 1091 3563 pag.
1101 3501 1161 3562 399.

306 3609 344 3676 (t)
363 3614 392 3658 In
406 3613 510 3660 Oratore
525 3612 554 3660 ad
569 3613 687 3675 Brutum,
701 3629 755 3678 cap.
767 3613 814 3674 33,
824 3614 900 3677 junge
914 3611 943 3660 sle
952 3611 1025 3662 offic.
1037 3612 1079 3661 lib.
1089 3615 1119 3674 1,
1134 3629 1188 3681 cap.
1201 3629 1216 3662 a
1227 3648 1234 3672 ‚
1247 3615 1272 3660 in
1284 3611 1323 3659 lic.

273 3699 303 3747 (le
315 3701 370 3747 Flu.
380 3700 423 3750 lib.
433 3702 468 3764 ll,
480 3717 533 3765 cap.
544 3715 568 3752 2·
1275 3699 1283 3715 ‘

307 3811 391 3878 (5),st
402 3814 420 3863 l.
433 3833 490 3881 pag.
502 3816 553 3865 265
564 3833 633 3880 seqq.

305 3924 350 3990 (6)
363 3929 391 3976 L.
404 3944 426 3986 r,
437 3928 453 3992 S
466 3943 487 3988 s,
503 3946 531 3978 π.
545 3927 575 3976 de
584 3930 609 3977 J.
623 3939 646 3976 et
656 3930 723 3977 Jure.
742 3925 999 3978 SimiliterC0nnsnus
1010 3929 1105 3978 Comus.
1117 3930 1170 3977 Jur.
1181 3929 1238 3977 Civ.
1252 3925 1292 3973 lib.
1301 3923 1323 3980 l.

270 4031 323 4079 csp.
340 4017 386 4064 15:
407 4039 419 4058 ι
430 4016 553 4066 SiJCtum
567 4029 632 4065 recte
647 4015 747 4064 delinire
761 4017 876 4076 velimus,
894 4034 945 4066 non
964 4019 1038 4066 alium
1051 4033 1102 4066 esse
1119 4017 1243 4074 dicemus,
1259 4026 1324 4080 qum

265 4103 344 4150 virum
353 4103 446 4151 bonum
458 4106 519 4165 juris
533 4105 701 4170 aequltatisque
713 4105 889 4156 constituenda
901 4106 1046 4154 idoneum.
