2976 4670
356 369 446 437 PRO
471 369 836 440 JURECONSULTIS
862 370 1080 462 ROMANIS.
1179 367 1250 467 637

189 487 415 572 consideratis,
441 489 513 577 quis
536 506 602 554 tam
625 514 754 573 vecors,
784 510 849 559 tam
873 492 1082 556 vehementer
1099 493 1245 580 pertinax

189 613 254 679 est,
269 613 306 660 ut
325 597 527 685 jurisperitos
543 621 695 664 romanos
711 597 924 664 fraudulentae
934 598 1130 685 iniquitatis,
1146 622 1249 664 sterte-

190 725 254 791 que
273 702 474 784 ambitionis,
505 727 654 768 accusare
675 703 815 768 audeat?
843 704 894 767 Illi
913 705 1159 786 nimirum'viri‚
1177 707 1248 792 qui,

189 825 341 896 corrupta
355 809 496 892 civitate,
511 810 570 876 soli
584 812 750 900 antiquam
765 811 981 900 integritatem
1002 827 1249 898 conservarunt,

115 913 117 920 ⁴
190 913 247 1000 qui
265 911 382 978 divitiis
400 932 622 1004 paupertatem
638 916 865 1004 praetulerunt,
882 917 940 1004 qui
957 916 1182 1003 improborum
1198 916 1251 990 in·

187 1019 286 1098 jurias
310 1036 408 1107 atque
431 1019 544 1085 odium
562 1023 655 1086 nibili
677 1022 859 1105 duxerunt,
878 1022 934 1110 qni
958 1021 1059 1110 ipsam
1079 1044 1172 1109 paene
1193 1044 1251 1085 na·

190 1140 298 1189 turam
316 1127 493 1191 humanam
512 1145 688 1210 exuerunt,
702 1129 760 1216 qui
776 1143 915 1192 mortem
931 1126 1072 1214 denique
1089 1127 1152 1190 laeti
1170 1127 1249 1192 sub·

190 1231 317 1314 ierunt,
346 1255 386 1295 ne
402 1254 420 1295 a
437 1254 552 1298 severae
568 1234 695 1299 virtutis
710 1234 837 1298 tramite
854 1230 1079 1314 deflecterent3
1092 1255 1250 1319 quorum·

190 1359 255 1423 qne
273 1339 418 1402 maximis
432 1355 464 1402 et
478 1341 640 1404 continuis
651 1341 684 1404 in
702 1341 837 1429 patriam
857 1338 998 1420 meritis,
1016 1355 1113 1425 atque
1127 1340 1251 1404 eximiis

191 1443 290 1508 animi
314 1444 500 1532 ingeniique
516 1444 662 1527 dotibus,
680 1445 800 1510 summi
819 1444 962 1508 honores
982 1443 1068 1507 ultro
1087 1443 1253 1509 deferendi

191 1550 371 1638 erant31hi,
391 1551 541 1638 inquam,
558 1553 635 1616 tales
654 1553 799 1644 tantique
812 1551 872 1615 riri
889 1549 1088 1638 turpissimas
1103 1551 1252 1640 ambages

192 1657 425 1744 quaesiverunt,
442 1673 475 1722 et
486 1655 579 1723 dolos
590 1657 789 1746 subtilesque
801 1657 882 1737 juris
898 1657 1002 1744 apices
1019 1657 1251 1746 excogitarunt,

120 1766 125 1776 “
191 1778 229 1824 ut
245 1762 387 1851 ignobile
402 1763 436 1826 in
452 1762 580 1850 plebem
596 1763 769 1850 imperium
783 1763 979 1844 retinerent,
1002 1777 1034 1826 et
1050 1762 1110 1826 soli
1130 1763 1164 1825 in
1182 1763 1255 1828 foro

192 1862 454 1932 dominarentur!

236 1975 285 2036 De
300 1974 496 2062 malignitate
513 1991 545 2038 et
559 1967 715 2055 injustitia
728 1993 873 2040 veterum
887 1973 1086 2062 prudentum
1097 1973 1249 2039 vidimus.

192 2079 349 2162 Quaedam
373 2080 413 2144 de
432 2082 573 2146 stultitiae
594 2083 798 2147 accusatione
818 2080 983 2146 addamus.
1001 2082 1042 2145 Et
1061 2079 1211 2168 quidem,
1229 2081 1256 2144 si

192 2187 346 2274 sapientia
366 2209 494 2274 semper
509 2187 688 2252 doctrinam
707 2205 739 2252 et
758 2187 950 2252 industriam
966 2189 1191 2268 comitaretur,
1205 2187 1255 2250 fa·

192 2291 251 2357 cile
266 2292 365 2356 Tullii
390 2294 452 2356 mei
477 2295 583 2358 verbis
606 2293 690 2360 hanc
706 2296 835 2383 culpam
855 2295 1031 2360 diluerem:
1055 2293 1255 2382 «Equidem,

193 2396 299 2484 inquit
316 2395 403 2484 apud
416 2396 508 2461 illum
519 2399 565 2486 (ι)
584 2401 731 2482 Crassus,
753 2419 836 2487 saepe
852 2399 916 2463 lroc
934 2398 1042 2463 audivi
1057 2398 1098 2463 de
1116 2417 1206 2486 patre
1221 2415 1255 2463 et

194 2502 235 2566 de
248 2525 359 2567 socero
374 2527 462 2579 meo,
480 2521 609 2569 nostros
625 2529 758 2594 quoque
775 2506 941 2587 homines,
954 2507 1011 2593 qui
1032 2507 1186 2571 excellere
1204 2530 1255 2571 sa-

193 2608 321 2696 pientiae
338 2607 438 2696 gloria
453 2610 588 2692 vellent,
607 2612 733 2690 omnia,
749 2613 820 2697 quae
832 2610 965 2699 quidem
977 2627 1048 2674 turn
1065 2611 1135 2674 haec
1148 2612 1257 2675 civitas

193 2729 320 2795 nosset,
336 2714 447 2779 solitos
464 2737 533 2778 esse
549 2715 731 2802 complecti.
744 2715 961 2780 Meminerant
971 2715 1017 2778 illi
1024 2715 1109 2778 Sext.
1120 2715 1257 2797 AElium,

194 2819 249 2883 Μ’.
261 2843 338 2883 vero
356 2820 526 2884 Manilium
543 2843 604 2885 nos
621 2821 717 2884 etiam
728 2819 868 2885 vidimus
887 2838 1068 2884 transverso
1086 2820 1256 2884 ambulan-

194 2941 260 2988 tem
272 2925 378 2990 loro...
391 2929 467 2990 Haec
486 2927 547 2990 fuit
563 2926 597 2990 P.
612 2927 715 2990 Crassi
731 2927 816 2990 illius
832 2927 962 3008 veteris,
980 2926 1048 3008 baec
1061 2927 1109 2990 Ti.
1127 2927 1257 2990 Corun-

196 3030 278 3092 canii
289 3078 298 3111 ,
310 3030 379 3094 baec
386 3033 516 3119 proavi,
535 3033 645 3120 generi
664 3034 747 3114 mei,
765 3033 922 3120 Scipionis
938 3031 1180 3119 prudentissimi
1197 3032 1258 3096 ho·

196 3136 306 3216 minis,
323 3137 492 3224 sapientia,
506 3139 563 3225 qui
580 3161 694 3202 omnes
711 3137 879 3228 pontifices
899 3137 1030 3201 maximi
1047 3138 1199 3218 fuerunt,
1219 3155 1257 3202 ut

196 3241 236 3304 ad
261 3264 316 3305 eos
336 3240 377 3306 de
400 3242 553 3308 omnibus
576 3243 694 3308 divinis
723 3260 820 3332 atque
850 3244 1002 3308 humanis
1028 3243 1126 3307 rebus
1154 3243 1255 3308 refer-

196 3365 307 3430 retur,
327 3347 491 3438 iidemque
515 3351 604 3414 etin
629 3368 760 3432 senatu,
787 3367 819 3414 et
841 3349 929 3438 apud
953 3351 1134 3439 populum,
1160 3367 1192 3413 et
1219 3350 1254 3412 in

197 3456 315 3520 caussis
329 3457 526 3539 amicorum,
539 3474 572 3522 et
585 3457 674 3522 dorni
686 3475 718 3522 et
731 3459 851 3522 militiae
860 3459 1030 3522 consilium
1043 3481 1140 3521 suum
1150 3456 1260 3521 fidem·
1317 3468 1320 3474 '

197 3584 261 3647 que
281 3561 484 3649 prestabant.
509 3560 598 3644 Quid
621 3563 708 3627 enim
724 3563 770 3650 Μ.
788 3563 921 3638 Catoni,
944 3581 1059 3650 praeter
1074 3563 1158 3626 banc
1173 3563 1256 3651 poli·

195 3667 350 3731 tissimam
372 3668 552 3733 doctrinam
569 3670 813 3734 transmarinam
838 3685 935 3756 atque
952 3668 1176 3750 adventitiam,
1196 3667 1257 3732 de·

1312 2791 1324 2820 0

197 3913 262 3958 blaa.
273 3912 354 3959 nimiae
365 3913 497 3960 severitatis
512 3913 616 3972 videtur,
630 3915 701 3978 quale
720 3925 743 3962 ct
760 3915 822 3962 illud
836 3924 886 3976 est,
902 3913 969 3978 quod
989 3913 1019 3962 de
1038 3915 1126 3963 Crasso
1140 3913 1256 3962 Muciano

198 4000 268 4047 relert
284 4000 376 4048 Gellius
389 3998 435 4049 lib.
448 4003 477 4059 1,
489 4017 542 4065 cap.
558 4005 598 4051 13.

232 4095 270 4163 (t)
290 4101 324 4145 ne
340 4099 414 4148 orn.-
426 4097 470 4148 tu.
488 4081 541 4158 iu,
560 4117 614 4163 cap.
628 4101 668 4150 ss.
