3018 4664
255 371 328 459 436
578 371 626 440 M.
654 371 693 440 Τ.
720 365 1009 440 CICERONIS

253 495 509 596 patriciorum,
532 505 711 592 potestate
731 507 854 564 tamen
884 505 1007 564 nostra
1027 491 1324 568 continebuntur.

188 695 192 708 .
253 611 300 699 Q.
319 603 509 692 Metellus,
535 627 644 702 quem
668 625 756 701 ego,
777 603 1001 701 prospiciens
1024 597 1114 690 hoc,
1135 607 1173 676 in
1196 629 1324 704 agrum

254 716 479 790 Gallicanum
505 717 753 811 Picenumque
774 711 953 812 premisi,
973 726 1036 783 aut
1053 713 1237 812 opprimet
1258 716 1324 787 ho-

252 829 411 916 minem,
437 835 501 898 aut
517 847 645 897 omnes
667 823 746 918 ejus
766 837 888 894 motus
906 833 1131 921 conatusque
1152 820 1324 922 prohibe·

252 936 320 1009 bit.
352 935 514 1033 Reliquis
538 949 658 1006 autem
688 934 734 1006 de
761 930 873 1005 rebus
899 931 1181 1022 constituendis,
1209 948 1321 1007 matu-

251 1047 396 1136 randis,
416 1044 564 1144 agendis
573 1041 600 1134 ³,
620 1043 696 1140 jam
715 1042 761 1116 ad
782 1055 948 1114 senatum
972 1039 1189 1132 referemus,
1211 1069 1320 1143 quem

250 1158 371 1230 vocari
391 1156 530 1228 videtis.

299 1273 406 1342 Nunc
425 1266 528 1355 illos,
550 1267 614 1364 qui
636 1265 675 1335 iri
693 1261 785 1336 urbe
807 1278 1076 1351 remanserunt,
1098 1278 1210 1364 atque
1229 1265 1320 1338 adeo

251 1383 316 1478 qui
344 1393 471 1450 contra
497 1375 599 1448 urbis
625 1373 778 1446 salutem
790 1425 801 1459 ,
824 1377 1065 1471 omniumque
1085 1387 1264 1464 vestrum,
1282 1378 1319 1446 in

251 1490 344 1564 urbe
365 1515 386 1562 a
406 1487 559 1562 Catilina
574 1486 693 1559 relicti
712 1498 815 1572 sunt,
834 1508 1056 1583 quamquam
1074 1500 1161 1557 sunt
1176 1485 1319 1574 hostes,

251 1618 395 1690 tamen,
419 1600 506 1697 quia
532 1599 607 1669 nati
635 1609 720 1668 sunt
747 1594 863 1682 cives,
895 1598 1053 1666 monitos
1083 1598 1189 1666 etiam
1212 1609 1320 1692 atque

252 1713 361 1784 etiam
388 1709 482 1782 volo.
505 1711 587 1780 Mea
611 1706 738 1777 lenitas
762 1703 882 1776 adhuc
907 1705 938 1776 si
964 1707 1022 1776 cui
1049 1704 1224 1777 solutior⁴
1246 1708 1320 1778 visa

253 1833 329 1908 est,
344 1819 416 1890 hoc
432 1820 664 1917 exspectavit,
682 1830 724 1886 ut
738 1815 796 1902 id,
810 1812 911 1913 quod
925 1813 1077 1901 latebat,
1092 1833 1321 1916 erumperet:

252 1929 354 2028 quod
367 1925 549 2026 reliquum
564 1940 618 1998 est
631 1980 640 2015 ,
655 1926 731 2022 jam
747 1951 823 1998 non
840 1947 989 2025 possum
1006 1924 1187 2016 oblivisci,
1202 1953 1320 2000 meam

251 2041 348 2113 hanc
371 2061 451 2112 esse
468 2041 641 2137 patriam,
662 2061 721 2108 me
745 2036 878 2108 horum
906 2061 983 2108 esse
1005 2037 1212 2128 consulem3
1229 2039 1320 2111 mihi

252 2153 315 2222 aut
336 2173 421 2222 cum
439 2147 496 2219 his
513 2147 724 2236 vivendum,
744 2161 806 2218 aut
826 2171 894 2246 pro
910 2146 967 2218 his
985 2171 1060 2220 esse
1074 2149 1317 2223 moriendum.

248 2259 378 2335 Nullus
396 2264 451 2331 est
465 2271 579 2356 portae
600 2257 863 2345 custos,nullus
880 2256 1069 2330 insidiator
1083 2257 1190 2332 viae⁵:
1207 2262 1235 2332 si
1256 2263 1320 2360 qui

250 2375 350 2442 exire
361 2368 511 2456 volunt,
524 2367 715 2440 consulere
728 2364 797 2438 sihi
812 2382 983 2466 possunt3
995 2369 1059 2466 qui
1073 2391 1160 2441 vero
1174 2371 1212 2442 in
1228 2371 1320 2444 urbe

251 2505 291 2553 se
309 2479 566 2564 commoverit,
588 2478 693 2572 cujus
709 2503 776 2575 ego
791 2503 865 2549 non
884 2476 995 2549 modo
1010 2475 1166 2568 lactum,
1189 2480 1253 2553 sed
1265 2483 1319 2552 in·

204 2657 210 2669 ,
251 2605 398 2688 ceptum
420 2588 535 2659 ullum
562 2602 780 2661 conatumve
800 2600 926 2659 contra
947 2589 1097 2686 patriam
1117 2587 1320 2688 deprehen·

249 2699 360 2786 dero,
384 2703 514 2771 sentiet
541 2699 580 2768 in
607 2697 678 2770 hac
700 2696 793 2769 urbe
817 2721 896 2769 esse
922 2698 1089 2772 consules
1110 2701 1321 2798 vigilantes,

249 2835 324 2882 esse
344 2809 507 2908 egregios
525 2811 769 2908 magistratus,
792 2831 869 2881 esse
889 2805 1020 2880 fortem
1036 2825 1219 2902 senatum,
1240 2837 1322 2886 csse

251 2946 370 3006 arma,
385 2941 462 2992 esse
480 2923 685 3009 carcerem,
703 2941 812 3017 quem
828 2918 1008 2990 vindicem
1033 2917 1255 2993 nefariorum
1276 2947 1323 2996 ac

251 3029 526 3103 manifestorum
558 3029 734 3103 scelerum
762 3029 918 3124 majores
946 3031 1062 3102 nostri
1091 3053 1167 3103 csse
1191 3033 1319 3104 volue-

249 3155 347 3211 runt.

296 3253 392 3320 xm.
413 3255 532 3348 Atque
555 3247 633 3322 haec
660 3251 783 3320 omnia
808 3251 863 3321 sie
884 3262 1054 3347 agentur,
1079 3253 1256 3342 Quirites,
1277 3267 1339 3324 ut·

248 3383 306 3432 res
335 3361 497 3431 maximae
526 3361 677 3432 minimo
706 3375 833 3447 motu,
864 3357 1025 3459 pericula
1048 3385 1190 3456 summa
1216 3363 1322 3434 nullo

247 3469 446 3560 tumultu¹,
475 3467 611 3543 bellum
640 3471 853 3543 intestinum
879 3493 920 3542 ac
944 3469 1205 3562 domesticum,
1235 3485 1320 3571 post

281 3714 306 3762 3.
320 3709 505 3768 continendis,
514 3709 757 3776 pacominum·
802 3709 947 3761 Ciceronem
956 3721 1124 3776 opponuntur.
1134 3712 1174 3764 Gi.
1183 3713 1252 3763 Oret.
1263 3715 1286 3774 1,
1294 3726 1320 3764 at

245 3791 293 3843 dis.
307 3791 439 3840 Praeclarus
453 3790 535 3849 ordea
555 3805 613 3838 narn
627 3802 758 3855 antequem
838 3785 862 3840 5.
875 3790 1009 3840 Imaum
1025 3791 1086 3842 orie.
1104 3792 1154 3856 Qui
1172 3807 1216 3841 eos
1230 3791 1275 3857 qni
1287 3793 1319 3842 sd

244 3869 758 3936 incipias,oonsrrlto,etnbieonanlneris,
801 3869 931 3918 Catilinam
955 3869 1160 3935 proficiscuntur,
1183 3871 1319 3938 impediet,

243 3963 335 3999 maturo
349 3951 415 3998 laeto
425 3965 489 4013 opus
498 3959 545 3999 ert.
802 3961 844 3998 ent
858 3948 967 4000 occidat.

278 4029 423 4085 triniatim:
432 4028 576 4086 Remissior,
586 4025 755 4091 negligentior.
835 4029 939 4078 xntn.
948 4031 982 4080 N.
995 4029 1107 4080 tumultu.
1116 4031 1159 4080 Le
1174 4030 1316 4080 nnllscom-

240 4111 344 4157 Severns
357 4119 380 4156 et
390 4109 498 4166 adnm,
510 4109 561 4156 rive
570 4106 702 4156 dheolntna
711 4122 752 4171 ep.
799 4107 909 4157 motione
920 4109 1019 4172 populi,
1031 4109 1099 4158 nulla
1116 4111 1308 4160 manatione.
