3018 4664
257 365 327 458 294
571 367 619 434 M.
646 367 685 434 r.
718 365 997 434 cronnours

255 487 375 558 cultus
391 510 467 556 non
485 483 669 558 elaboret?
686 486 842 574 Idcirco,
864 490 1001 584 inquit,
1020 509 1124 583 agros
1136 489 1327 562 nominare

254 621 330 668 non
352 621 520 694 possum,
542 600 628 694 qnia
651 611 795 694 tangam
814 598 957 669 nullum
972 595 1005 642 ¹⁶
1030 595 1075 668 ab
1101 600 1224 670 invito.
1247 605 1327 672 Hoc

255 731 406 805 quoque
432 708 552 778 multo
577 722 633 779 est
659 710 914 805 quaestuosius,
943 732 1052 806 quam
1081 711 1110 780 si
1139 709 1185 781 ab
1210 712 1327 782 invito

253 833 438 889 sumeret:
460 817 615 889 inibitur
636 820 734 890 enim
759 821 851 891 ratio
874 833 1031 917 quaestus
1052 818 1098 890 de
1123 834 1240 891 vestra
1264 845 1327 918 pe-

252 931 380 1016 cunia,
398 943 434 1000 et
456 945 535 999 turn
555 929 713 1027 denique
731 955 816 1027 ager
831 945 989 1017 emetur,
1011 953 1127 1026 quum
1149 929 1244 1002 idem
1260 953 1326 1001 ex-

254 1038 407 1137 pedierit
425 1042 581 1137 emptori
601 1055 636 1110 et
654 1039 845 1111 venditori.
1014 1107 1016 1112 ,

300 1151 430 1222 XXVI.
453 1148 523 1220 Sed
545 1147 665 1220 videte
687 1152 784 1218 vim¹
814 1149 903 1247 legis
923 1150 1070 1246 agrariae
1092 1177 1100 1220 :
1119 1173 1166 1220 ne
1190 1151 1215 1219 ii
1242 1150 1325 1247 qui·

253 1259 357 1347 dem,
388 1263 451 1357 qui
480 1283 586 1358 agros
614 1258 781 1356 publicos
820 1259 1031 1359 possident,
1070 1259 1249 1332 decedent
1278 1259 1326 1332 de

253 1371 495 1469 possessione,
521 1373 589 1440 nisi
611 1385 720 1442 erunt
737 1369 885 1443 deducti
906 1372 1043 1469 optima
1062 1369 1270 1442 conditione
1288 1387 1327 1442 et

251 1487 407 1581 pecunia
427 1484 582 1553 maxima
592 1492 618 1554 ².
642 1487 824 1554 Conversa
844 1486 944 1554 ratio.
962 1487 1099 1569 Antea,
1118 1507 1233 1579 quum
1249 1497 1327 1554 erat

252 1618 273 1662 a
296 1592 445 1664 tribuno
463 1591 580 1691 plebis
598 1595 735 1664 mentio
752 1593 839 1690 legis
859 1593 1004 1690 agrariae
1021 1590 1130 1679 lacta,
1148 1597 1327 1666 continuo

253 1708 318 1804 qui
339 1731 445 1803 agros
466 1706 649 1805 publicos,
674 1721 737 1778 aut
752 1708 818 1804 qui
838 1702 1111 1804 possessiones³
1129 1707 1327 1779 invidiosas

251 1815 445 1905 tenebant,
464 1817 776 1915 pertimescebant.
797 1823 881 1888 Hero
899 1817 958 1887 lex
978 1841 1041 1888 eos
1063 1815 1232 1887 homines
1249 1812 1326 1886 lor-

253 1931 351 2000 tunis
366 1928 603 2027 locupletati,
622 1929 756 2000 invidia
770 1927 909 2000 liberat.
926 1914 1045 2018 Qudm
1060 1928 1194 1998 multos
1208 1931 1327 2014 enim,

170 2051 173 2056 '
253 2041 433 2130 Quirites,
456 2040 666 2112 existimatis
684 2063 779 2125 esse,
799 2040 863 2136 qui
882 2037 1110 2108 latitudinem
1132 2040 1326 2134 possessio·

253 2175 344 2221 num
363 2151 477 2234 tueri,
497 2153 561 2247 qui
579 2151 751 2221 invidiam
769 2150 1000 2220 Sullanorum
1015 2145 1213 2246 agrorum⁵
1230 2148 1326 2221 ferre

252 2286 331 2332 non
349 2262 513 2359 possint?
531 2264 595 2358 qni
613 2261 770 2333 ven'dere
781 2263 947 2358 cupiant,
963 2274 1165 2357 emptorem
1178 2285 1254 2330 non
1268 2285 1326 2331 re·

253 2375 423 2470 perient?
453 2369 630 2469 perdere⁶
658 2375 734 2470 jam
760 2373 918 2470 denique
943 2369 1025 2442 illos
1050 2393 1155 2468 agros
1183 2371 1325 2442 ratione

253 2482 375 2581 eliqua
391 2483 523 2554 velint?
544 2485 616 2573 Qui
635 2483 758 2583 paullo
776 2499 877 2572 ante,
898 2482 994 2554 diem
1009 2497 1247 2578 noctemque,
1265 2483 1326 2552 tri·

292 2699 334 2748 16.
357 2699 468 2762 Tangam
482 2697 587 2746 nullum.
608 2697 712 2746 Nullum
724 2714 765 2746 sn-
848 2695 872 2743 3.
888 2693 1049 2742 Possessiones
1067 2692 1205 2743 invidiosas.
1219 2695 1258 2742 Ob
1270 2709 1323 2742 sem

253 2793 335 2836 mern,
356 2793 434 2826 smum
451 2776 482 2824 sb
502 2776 589 2824 inrito.
608 2777 681 2824 Unde
693 2777 765 2826 etism
809 2791 923 2833 uuum,
942 2773 1011 2838 qnod
1028 2789 1101 2838 suprs
1119 2773 1219 2822 modum
1237 2791 1322 2822 creve-

254 2871 346 2906 norum
356 2869 509 2904 secessurum
518 2853 765 2902 decemvirislnerum
809 2865 878 2914 πεπυ
893 2865 918 2903 et
929 2854 1041 2919 plerique
1050 2870 1091 2902 ess
1104 2870 1149 2919 per
1160 2855 1322 2920 proscriptio·

253 2936 361 2985 ostendit
374 2935 478 2990 cinero,
498 2947 573 2995 quum
591 2932 705 2996 expediet
722 2933 765 2982 de·
808 2945 931 2983 usserunt
943 2935 1027 2999 adepti
1038 2944 1084 2998 ,ut
1097 2935 1213 2994 Crenas,
1223 2945 1252 2982 ut
1262 2936 1322 2983 Vel·

254 3017 361 3065 eemviro
374 3014 479 3077 emptori
491 3027 574 3059 emere
585 3027 675 3076 perro,
695 3013 765 3077 quod
809 3014 874 3078 gius,
888 3013 955 3062 Rulli
969 3029 1048 3063 socer.

254 3095 350 3160 populo
370 3093 471 3140 inducet
487 3107 595 3155 magno,
611 3104 637 3141 et
651 3093 766 3158 expediet
844 3091 870 3155 4.
892 3095 1044 3158 Loertpletat.
1068 3093 1147 3156 Quis,
1169 3095 1255 3158 quenti
1274 3110 1322 3143 vo·

253 3175 377 3224 venditori
390 3173 479 3220 malum
493 3186 578 3239 ugrum
592 3171 711 3231 rendere,
721 3189 764 3237 pe·
808 3175 875 3234 lent,
887 3189 958 3240 egros
979 3191 1022 3222 eos
1041 3173 1185 3222 decemviris
1198 3175 1321 3224 vendituri

254 3255 376 3304 stilentem
391 3252 505 3300 nimirum
518 3287 525 3312 ‚
538 3263 581 3300 sut
593 3251 707 3300 sterilem.
809 3265 879 3310 sunt,
895 3253 965 3318 qussi
985 3264 1118 3302 mercatore
1139 3253 1244 3318 quedem
1258 3255 1322 3302 inter

287 3333 385 3380 xxvt.
401 3347 423 3379 r.
441 3330 525 3378 Videte
539 3331 602 3381 vim.
616 3331 697 3380 ironis
708 3345 715 3380 :
725 3330 766 3380 ri·
809 3351 851 3382 eos
860 3335 1001 3384 constitute.
1010 3363 1046 3373 —
1055 3335 1152 3384 Invidia
1161 3337 1260 3386 lr'berat.
1271 3337 1320 3383 lm·

253 3413 309 3462 dete
327 3427 400 3475 qnsm
419 3425 504 3475 perum
523 3412 612 3459 virium
628 3427 657 3460 so
670 3411 766 3459 roboris
809 3415 904 3463 minoto
915 3415 1232 3480 possessionumperscelus
1239 3427 1320 3481 perte·

251 3490 765 3554 huohnbsetle13quodpoesessoressgro-
808 3509 862 3540 rum
876 3493 968 3553 modo,
978 3505 1079 3558 ecrrepts
1091 3493 1209 3544 sciliceta
1224 3496 1321 3544 decem·

251 3590 305 3622 rum
326 3572 501 3638 publicomm,
521 3587 572 3620 uon
596 3559 651 3620 nisi
665 3573 764 3636 optimis
807 3573 1030 3637 virispeeunls.·'

250 3653 436 3703 conditionibus
448 3653 601 3716 possessione
618 3653 668 3700 sint
680 3667 763 3699 cessu-
843 3647 868 3701 5.
881 3654 1037 3702 Sullanorum
1046 3669 1172 3719 agrorum.
1185 3655 1256 3716 Quos
1273 3655 1321 3702 ini-

249 3735 287 3794 ri;
300 3733 368 3801 quod
377 3749 450 3797 quem
460 3731 593 3782 absurdum
602 3734 643 3792 sit,
655 3731 762 3790 ostendit
806 3732 875 3779 micis
884 3733 1011 3798 ademptos
1018 3733 1084 3781 Snlls
1095 3743 1137 3780 sut
1146 3733 1264 3781 militibus
1272 3733 1321 3781 lsr-

250 3815 432 3879 eomperstione
443 3812 575 3876 superioris
584 3824 608 3860 et
620 3811 762 3874 huiustem·
805 3811 869 3874 gitur
880 3822 929 3870 est,
943 3823 985 3860 sut
1002 3813 1046 3860 vili
1067 3815 1148 3878 pretio
1167 3813 1322 3878 proscriptos

250 3894 321 3960 poris
334 3891 452 3940 adhibite.
805 3890 927 3939 vendidit·

286 3989 312 4020 n.
323 3971 432 4020 Pecunia
441 3969 560 4018 inarime.
568 3972 651 4033 Quum
659 3971 702 4030 eis,
710 3983 761 4016 non
842 3969 866 4016 6.
886 3969 998 4019 Perdere.
1018 3971 1069 4033 Qui
1084 3981 1150 4018 teuta
1169 3969 1262 4018 invidis
1275 3969 1321 4017 lle·

250 4061 348 4114 ncrepts
367 4049 668 4114 pecuniu,.decedeudum
683 4060 762 4109 esset3
807 4060 888 4113 grant,
901 4060 930 4096 ut
940 4065 1040 4115 quoquo
1053 4047 1128 4102 modo
1147 4051 1247 4114 ugrisiis
1261 4051 1320 4098 lilse·

251 4127 444 4190 eurenim,quod
455 4125 762 4191 publicumestnendsnt?
807 4129 853 4174 rsri
866 4129 975 4190 cupiant.
1176 4111 1182 4126 ’
