3018 4664
486 353 541 422 m
562 325 605 422 t.
630 351 943 438 summurn,
967 349 994 420 1.
1026 403 1028 408 .
1200 353 1271 447 4⁰7

205 489 250 556 nt
266 470 331 546 abs
352 485 389 544 te
410 496 487 544 non
506 474 657 546 emissus
678 498 723 545 ex
746 472 856 560 urbe,
877 471 942 544 sed
959 471 1140 544 immissus
1157 474 1194 547 in
1213 498 1276 543 nr·
1339 498 1342 512 ·

205 584 290 656 bem
314 608 393 656 esse
413 582 602 656 videatur?
629 586 788 655 Nonnc²
813 582 913 654 bunc
938 583 977 652 in
1002 578 1146 652 vincula
1168 581 1277 654 ducii

206 719 283 766 non
301 693 346 766 ad
364 710 521 766 mortem
540 697 638 793 rapi,
661 721 737 766 non
763 719 906 766 summo
930 692 1109 793 supplicio
1128 693 1277 765 mactari

205 804 424 903 imperabis?
447 804 546 898 Quid
573 803 718 877 tandem
743 804 896 903 impedit
920 806 982 875 te?
1006 808 1136 877 Mosne
1157 803 1275 897 majo·

204 913 341 988 rum³i
364 932 402 988 at
425 941 586 1016 persaepe
611 917 719 988 etiam
744 917 897 1016 privati⁴
926 917 963 986 in
994 913 1063 986 hac
1087 913 1289 1012 republica¹

206 1029 430 1127 perniciosos
448 1031 543 1100 cives
558 1042 675 1098 morte
694 1027 905 1098 multarunt.
921 1030 977 1098 An
992 1023 1118 1124 leges⁵‚
1133 1050 1214 1123 quae
1232 1023 1278 1096 dc

205 1139 333 1210 civium
353 1135 524 1210 reorum⁶
546 1137 724 1236 supplicio
742 1153 874 1234 rogatae
892 1137 999 1208 sunt?
1020 1151 1056 1207 at
1074 1159 1274 1232 numquam

205 1249 244 1320 in
264 1247 332 1320 hac
357 1247 450 1320 urbe
470 1249 514 1336 ii,
542 1250 606 1345 qui
631 1273 653 1320 a
677 1246 864 1346 republica
888 1245 1120 1334 defecerunt,
1144 1248 1277 1326 civium

202 1356 286 1454 jura
303 1373 510 1430 tenuerunt.
530 1362 585 1428 An
603 1357 775 1429 invidiam
796 1358 1013 1457 posteritatis
1038 1357 1165 1427 times?
1188 1379 1277 1453 prae-

206 1468 340 1540 claram
358 1493 445 1541 vero
471 1467 611 1566 populo
636 1493 788 1541 romano
813 1465 925 1539 refers
949 1467 1120 1564 gratiam,
1137 1467 1202 1563 qui
1222 1478 1277 1553 te,

172 1663 174 1666 ¹
205 1579 393 1652 hominem
422 1605 489 1678 per
514 1595 550 1652 te
581 1580 806 1678 cognitum⁷‚
835 1578 936 1650 nulla
960 1575 1277 1649 commendatione

206 1688 406 1785 majorum,
431 1704 505 1762 tam
531 1684 697 1762 mature⁸
720 1688 766 1760 ad
789 1712 971 1762 summum
997 1689 1189 1785 imperium
1212 1710 1278 1784 per

207 1823 335 1871 omnes
356 1799 539 1872 honorum
557 1799 688 1900 gradus
704 1799 852 1889 extulit,
871 1803 900 1871 si
915 1813 1066 1898 propter
1081 1797 1276 1885 invidiam,

206 1925 270 1982 aut
292 1909 445 2007 alicujus
460 1911 613 2010 periculi
634 1925 792 1999 metum,
810 1912 962 1982 salutem
979 1909 1110 1980 civium
1127 1922 1277 1978 tuorum

206 2021 367 2119 negligis.
386 2021 473 2109 Sed,
499 2024 526 2095 si
550 2024 633 2121 quis
652 2035 705 2094 est
723 2020 866 2092 invidiae
884 2035 1021 2107 metus,
1043 2043 1133 2090 num
1150 2031 1206 2089 est
1218 2041 1277 2089 ve·
1345 2043 1347 2048 ·

205 2130 413 2205 hementius
438 2135 635 2205 severitatis
660 2157 701 2204 ac
723 2130 968 2214 fortitudinis⁹
986 2128 1143 2217 invidia,
1164 2139 1274 2226 quam

205 2243 342 2312 inertiae
360 2266 402 2314 ac
423 2244 594 2339 nequitiae
617 2239 926 2340 pertimescenda?
942 2246 1018 2330 An,
1037 2264 1152 2337 quum
1176 2237 1275 2310 bello

205 2351 405 2424 vastabitur
420 2352 540 2442 Italia,
564 2353 792 2446 vexabuntur
810 2352 940 2441 urbes,
962 2366 1056 2425 tecta
1075 2348 1276 2437 ardebunt,

206 2473 286 2533 tum
310 2476 346 2534 te
369 2489 446 2535 non
469 2463 648 2538 existimas
673 2465 814 2537 iuvidiae
840 2462 1010 2536 incendio
1025 2471 1056 2508 ¹⁰
1076 2459 1275 2558 conflagra-

205 2575 387 2644 turumiu

243 2765 268 2798 a.
280 2748 411 2800 lenbiuus
423 2750 510 2800 scribit
523 2751 590 2800 Nun.
610 2752 634 2799 J.
644 2753 676 2800 V.
689 2754 718 2802 1..
763 2751 843 2816 capite
856 2749 917 2798 civis
930 2763 992 2797 rous.
1006 2748 1100 2809 injussu
1112 2747 1199 2813 populi
1209 2748 1277 2810 judi·

242 2829 266 2878 3.
284 2832 371 2878 Moero
384 2829 523 2895 majorum?
540 2833 719 2894 Argumentum
764 2839 866 2879 curetur.
880 2819 942 2890 Qui,
955 2827 1046 2876 indicte
1060 2843 1146 2888 crum,
1159 2828 1186 2876 iu
1196 2829 1274 2878 civem

206 2909 427 2958 ebenumeratione
437 2910 551 2974 pestium.
565 2909 640 2972 Quod
653 2909 719 2959 Cuti-
762 2924 824 2958 roru.
843 2906 1067 2967 animadvertisset,
1086 2908 1116 2956 de
1136 2923 1166 2956 eo
1186 2907 1276 2974 popuii

204 2987 281 3035 linum
299 3003 350 3036 non
369 2987 500 3045 interficis,
518 2998 616 3051 oportet
633 2998 658 3035 te
676 2997 720 3034 aut
762 2987 865 3051 questio
878 2985 1080 3035 constituebatur.

205 3081 275 3114 more
286 3068 423 3128 rusiorum,
434 3077 476 3114 sut
488 3065 720 3128 lugibus‚eutiuvi-
798 3067 824 3114 6.
842 3065 882 3112 Sic
900 3065 982 3112 Grues.
1001 3075 1026 3112 et
1043 3063 1142 3113 hlieru.
1165 3081 1180 3112 e
1199 3064 1274 3114 codd.

206 3144 254 3192 dise
271 3155 339 3193 metu
359 3143 481 3208 impediri.
508 3145 542 3191 At
565 3159 644 3206 neque
666 3159 719 3191 mos
762 3141 1275 3201 Emesa.eumatits‚mmanorum.t.v.1..

206 3225 341 3286 maiorum,
350 3240 429 3287 neque
439 3221 479 3270 lex
490 3221 553 3283 ulls,
565 3237 645 3285 neque
655 3221 720 3269 invi·
799 3240 824 3285 7.
837 3225 885 3270 Per
897 3232 921 3269 te
934 3221 1065 3286 cognitum.
1077 3223 1188 3284 Novum,
1205 3240 1237 3273 ex
1250 3235 1275 3272 te

207 3303 254 3352 diae
264 3315 342 3353 metus
351 3302 469 3368 impedire
478 3300 549 3348 debet
558 3316 566 3364 ς
576 3300 637 3348 nibil
645 3299 720 3364 igitur
761 3301 818 3366 ipso
832 3307 925 3362 ortum,
939 3301 1008 3362 cujus
1024 3301 1114 3349 familie
1130 3319 1181 3352 nou
1191 3313 1227 3352 eet
1238 3319 1276 3352 re·

206 3399 285 3432 csusae
307 3392 345 3432 est
362 3398 406 3430 cur
422 3397 478 3429 euru
500 3396 552 3428 nou
572 3375 720 3443 interficies,
762 3381 876 3429 bnsolim
889 3379 962 3446 gestis
975 3379 1047 3430 clare.
1061 3383 1198 3432 Heumann.
1215 3383 1276 3448 legit

205 3464 371 3529 potiusquam
381 3460 569 3526 effugeresinss.
763 3481 776 3503 ι
784 3477 829 3526 per
842 3477 886 3508 se»
894 3478 900 3509 τ
908 3477 956 3525 qua
970 3460 1001 3508 de
1014 3477 1100 3521 cauus,
1111 3463 1203 3511 nescio.

243 3550 268 3599 4.
285 3541 384 3591 Privati.
404 3543 439 3589 Ut
457 3543 486 3589 P.
509 3537 605 3604 Scipio,
619 3537 662 3602 qui
675 3537 718 3585 Ti·
800 3539 826 3591 8.
842 3539 904 3587 Tum
921 3551 1024 3588 mature.
1042 3541 1134 3588 Omnes
1147 3541 1211 3588 euim
1226 3541 1275 3588 bo·

205 3619 301 3670 betium
323 3619 459 3672 Gracchum
483 3617 583 3668 occidit.
606 3617 719 3666 Oratorie
761 3633 886 3667 uoressno
896 3632 960 3667 auno
974 3631 1138 3684 consequutus
1151 3617 1275 3682 est,quud

206 3709 286 3748 sutem
295 3715 405 3764 persepe
418 3698 501 3758 addit,
514 3697 561 3745 uisi
576 3697 636 3745 forte
652 3697 719 3762 cogi·
761 3707 818 3746 aute
839 3697 934 3762 ipsum,
947 3710 1015 3743 novo
1030 3696 1126 3744 bomini
1139 3697 1275 3761 contigerat

207 3779 300 3839 tatione
315 3781 393 3842 prisce
406 3793 505 3842 quoque
523 3789 631 3840 tempora
648 3793 717 3826 cum·
763 3776 900 3826 nullivid.
912 3777 971 3839 Agr.
981 3777 1022 3835 ΙΙ,
1039 3792 1061 3824 r.

205 3857 336 3926 plectitur,
353 3858 464 3907 nundum
479 3859 526 3908 leta
546 3861 630 3908 Porcia
648 3859 716 3923 lege,
797 3871 823 3919 9.
836 3853 1004 3902 Fortitudinis.
1019 3854 1149 3901 Interfecto
1163 3852 1274 3903 Catilius.

106 3939 114 3962 ⁹
206 3955 261 4006 quae
272 3939 415 4004 Sempronio
424 3940 543 3986 vetustior
554 3949 597 3988 est.
761 3961 796 3973 -
805 3933 916 3981 Inertioe.
932 3933 970 3979 Eo
981 3931 1081 3995 impune
1093 3931 1189 3980 emisso.

243 4019 267 4068 5.
284 4020 367 4084 Leges.
381 4018 466 4065 Porcia
485 4028 509 4079 et
526 4017 667 4081 Sempronii
686 4017 718 4066 C.
800 4030 839 4062 ro.
847 4009 951 4060 Invidioe
958 4009 1077 4060 incendio.
1084 4011 1216 4059 Maximum
1225 4025 1276 4058 ous-

208 4098 328 4162 Gracchi,
344 4095 433 4161 quibus
446 4107 545 4146 cautum
559 4107 625 4156 erat,
641 4112 672 4146 ne
688 4095 719 4143 de
762 4094 830 4142 uiuus
844 4091 966 4140 honorum
983 4089 1067 4141 odium
1081 4089 1126 4140 tibi
1145 4107 1197 4140 esse
1213 4105 1274 4140 con·
