3020 4668
266 370 335 441 'dra
372 444 375 451 ,
577 373 626 440 Μ.
652 373 691 440 Τ.
718 371 1007 442 CICERONIS

264 491 377 565 deber
393 491 474 562 illos
491 488 631 581 videre,
657 515 698 563 ac
718 491 900 563 Iubellios.
927 497 1003 563 Jam
1022 515 1108 562 vero
1125 494 1188 589 qui
1209 505 1323 564 metus

264 597 380 672 eret¹⁵
409 600 652 672 tunicatorum
681 600 853 673 illorum?
885 602 988 673 etin
1018 600 1177 690 Albana,
1203 616 1239 673 ct
1261 605 1321 672 Se-

261 712 372 812 plasia
383 707 428 798 ¹⁶,
447 735 527 808 quae
545 714 771 783 concursatio
784 714 1116 810 pereunctantium,
1132 711 1220 809 quid
1240 737 1327 810 pren.

262 837 321 894 tor
346 821 538 894 edixisset?
567 820 633 893 ubi
665 825 847 894 coenaret?
876 820 965 920 quid
991 822 1233 892 enuntiasset?
1251 825 1321 892 Nos

263 947 399 1020 autem,
415 931 500 1002 hinc
516 934 631 1002 Roma
645 935 710 1029 qui
728 956 958 1021 veneramus,
974 933 1047 1026 jam
1061 955 1137 1002 non
1150 931 1323 1028 hospites,

263 1041 326 1113 sed
346 1041 527 1139 peregrini
544 1056 652 1138 atque
672 1039 818 1112 advenae
839 1040 1125 1113 nominabamur.

310 1156 453 1224 XXXV.
481 1157 584 1222 Haec1
614 1153 677 1250 qui
705 1156 973 1251 prospexerint,
1005 1153 1158 1248 majores
1184 1165 1323 1221 nostros

262 1262 364 1350 dieo,
383 1263 557 1352 Quirites,
579 1267 653 1333 non
677 1287 739 1333 eos
759 1264 796 1332 in
814 1263 964 1334 deorum
986 1261 1243 1332 immortalium
1261 1283 1323 1330 nu·

262 1398 364 1444 mero
387 1373 611 1444 venerandos
632 1397 653 1444 a
673 1371 780 1444 nobis
799 1387 834 1443 et
858 1372 1030 1444 colendos
1051 1371 1209 1470 putatis?
1229 1367 1324 1460 Quid

263 1485 361 1554 enim
378 1482 571 1554 vIderunt?
590 1483 681 1570 hoe,
701 1481 803 1579 quod
822 1509 921 1554 nunc
934 1507 1017 1570 vos,
1034 1505 1177 1579 quaese,
1191 1481 1325 1579 perspi·

263 1599 333 1664 cite
359 1607 469 1690 atque
494 1594 707 1691 cognoscite.
734 1597 817 1666 Non
843 1595 1101 1691 ingenerantur
1117 1588 1326 1661 hominibus

261 1727 382 1775 mores
405 1718 478 1774 tam
500 1728 520 1774 a
544 1705 654 1800 stirpe
674 1707 814 1801 generis
833 1728 873 1775 ac
896 1705 1061 1791 seminis,
1085 1725 1197 1799 quam
1222 1725 1267 1771 ex
1285 1701 1327 1770 iis

261 1812 390 1901 rebus,
412 1837 492 1910 quae
511 1811 556 1883 ab
574 1815 650 1910 ipsa
668 1829 796 1885 natura
816 1813 922 1901 loci²,
940 1828 977 1885 et
994 1838 1014 1883 a
1033 1811 1112 1882 vitae
1133 1823 1327 1882 consuetu·

262 1919 348 1993 dine
368 1919 668 2020 suppeditantur,
696 1921 829 2019 quibus
854 1923 983 1994 alimur
1003 1935 1039 1994 et
1060 1923 1222 1992 vivimus
1241 1923 1326 1992 Car-

262 2027 526 2128 thaginienses,
548 2029 796 2103 fraudulenti³
815 2047 852 2104 et
868 2031 1075 2117 mendaces,
1092 2055 1166 2101 non
1184 2053 1326 2126 genere,

263 2138 475 2214 sednatura
503 2141 591 2231 loci,
615 2139 733 2239 quod,
759 2157 908 2240 propter
927 2154 1055 2239 portus
1079 2163 1181 2224 suos,
1205 2139 1328 2209 multis

264 2263 300 2320 et
323 2253 432 2322 variis
454 2266 696 2322 mercatorum
714 2267 750 2322 et
769 2250 988 2323 advenarum
1010 2247 1263 2336 sermonibus,
1283 2245 1328 2318 ad

265 2359 426 2432 studium
441 2359 588 2434 fallendi
599 2417 608 2450 ,
621 2362 741 2434 studio
754 2377 911 2458 quaestus
920 2359 1151 2432 vocabantur.
1167 2362 1326 2457 Ligures,

265 2475 447 2558 montani,
461 2472 543 2544 duri
558 2487 667 2570 atque
680 2478 873 2570 agrestesi:
893 2473 1018 2544 docuit
1031 2495 1115 2568 ager
1129 2472 1221 2568 ipse,
1238 2467 1328 2539 nihil

264 2578 436 2671 ferendo,
462 2586 531 2654 nisi
555 2583 667 2654 multa
687 2583 826 2654 cultura
850 2598 886 2654 et
907 2607 1037 2680 magno
1055 2580 1179 2652 labore
1201 2579 1327 2677 quaesi·

264 2705 356 2760 tum.
382 2695 574 2792 Campani,
596 2717 739 2790 semper
765 2689 938 2791 superbi⁵
958 2691 1119 2763 bonitate
1140 2714 1327 2788 agrorum,

266 2859 347 2898 autem
361 2860 526 2914 praetorem,
540 2866 615 2914 quum
626 2852 709 2916 Capua
720 2864 776 2896 eum
819 2847 849 2896 iis
861 2849 933 2897 rebus
943 2847 1088 2912 quibuscum
1107 2845 1240 2894 educamur
1256 2854 1282 2892 et
1295 2842 1329 2890 ri·

267 2927 349 2976 Poeuis
358 2927 508 2978 Ioedusiniit.
518 2931 554 2976 De
566 2928 674 2978 JubeIIIo
684 2931 776 2976 Taurea
819 2945 876 2976 vere
889 2928 1000 2975 solemus.
1016 2929 1046 2974 Iu
1058 2923 1166 2972 eumdem
1184 2921 1326 2970 sententiam

267 3008 324 3056 vide
339 3008 367 3054 Τ.
382 3009 435 3056 Liv.
446 3008 551 3071 XXVI,
569 3009 608 3058 1⁵.
800 3008 927 3066 .Curtius,
940 3007 1015 3068 v111,
1029 3021 1060 3068 9:
1074 3003 1192 3066 «Ingenia
1202 3001 1328 3050 homiuum

305 3087 345 3135 1⁵.
365 3087 413 3150 Qui
428 3097 576 3136 numerat.
594 3089 691 3150 Quanta
709 3103 777 3135 vere-
819 3086 910 3149 ubique
930 3085 1042 3133 locorum
1066 3083 1126 3130 situs
1150 3083 1265 3129 formatn.
1289 3077 1329 3126 Ad

268 3163 357 3212 eundIu
370 3164 440 3229 plebs
451 3179 492 3212 eos
505 3165 631 3215 salutabat.
820 3181 892 3230 quem
905 3165 987 3212 Iocum
998 3162 1053 3210 vide
1066 3177 1120 3226 quoe
1133 3161 1229 3208 notavit
1240 3157 1329 3206 doede-

308 3243 349 3290 16.
368 3243 478 3302 Albana,
492 3256 516 3292 et
527 3243 644 3308 Seplasia.
657 3247 718 3292 Fore
732 3243 777 3292 Ca·
821 3246 894 3292 druos
906 3241 1093 3290 Freinshemius.

269 3337 326 3385 puae
342 3322 455 3380 fuerunt,
475 3324 499 3370 iu
519 3323 609 3388 quibus
627 3322 778 3386 unguentarii
858 3323 882 3370 3.
895 3321 1062 3368 Fraudulenti.
1072 3318 1210 3369 DePunica
1219 3314 1328 3380 perfidia,

270 3401 373 3449 maxime
391 3404 560 3462 versabantur,
579 3414 603 3451 et
621 3418 651 3451 ex
665 3401 778 3450 omuibus
823 3401 892 3460 eujus
899 3400 987 3448 samam
996 3405 1025 3446 ut
1036 3398 1152 3457 victores,
1160 3395 1264 3444 multum
1274 3409 1330 3442 saue

270 3479 337 3527 urbis
362 3483 470 3544 partibus
494 3483 567 3531 otiosi
594 3479 778 3529 conveniebant.
822 3477 1030 3543 amplificaverunt
1046 3477 1159 3524 Romani.
1172 3474 1237 3522 Vide
1253 3474 1329 3522 Plaut.

270 3558 309 3606 Cf.
320 3559 416 3608 Cluver.
427 3561 480 3611 ItaI.
490 3561 577 3624 Antiq.
589 3561 633 3608 IV.
822 3561 848 3606 In
862 3555 964 3605 Poenulo
978 3556 1008 3602 de
1023 3557 1152 3602 Hannone.

306 3640 412 3689 XXXV.
421 3657 443 3689 1.
452 3643 516 3688 Haee.
528 3639 635 3699 Majores
642 3637 728 3694 nostri,
735 3637 778 3699 qui
858 3641 883 3696 4.
893 3640 1012 3700 Agrestes.
1020 3633 1063 3682 IIIa
1073 3635 1188 3696 ligurum
1201 3647 1268 3694 pars,
1278 3647 1331 3693 quse

270 3717 381 3766 futurum
403 3729 597 3783 prospexerunt,
609 3729 638 3764 ut
649 3714 778 3778 Campanis
821 3716 846 3762 iu
854 3714 979 3762 montibus
987 3711 1151 3776 degit,labori
1161 3720 1185 3757 et
1196 3710 1332 3782 asperrime

252 3843 255 3850 ,
270 3796 381 3845 moribus
391 3797 544 3861 meginratus
553 3795 656 3860 quIIIhet
670 3809 778 3842 eorrum-
822 3794 877 3840 vitae
888 3803 979 3840 assuete
989 3790 1116 3838 ferebatur.
1126 3789 1196 3836 Unde
1206 3787 1331 3851 Virgilius,

271 3887 377 3939 peretur.
823 3875 911 3933 Georg.
924 3871 961 3928 II,
972 3868 1001 3915 de
1014 3867 1082 3915 Italia
1094 3871 1182 3917 ultae
1194 3881 1270 3928 genus
1278 3879 1332 3911 aere

307 3970 332 4003 a.
350 3936 386 4002 'Ab
400 3955 453 4019 r'pasa
464 3967 554 4002 natura
572 3953 626 4002 Ioci.
645 3953 687 4001 Sui
700 3967 779 4000 moret
822 3951 901 3998 virum
913 3951 1023 4005 Marsos,
1038 3946 1177 4009 pubemque
1194 3943 1329 4002 Sabellam,

240 4021 243 4032 ¹
270 4033 370 4097 populis
375 4050 426 4082 non
437 4047 485 4082 tun
495 4051 581 4098 genere
587 4033 698 4090 veniunt,
708 4047 779 4094 quarn
823 4033 1002 4090 Assuetumque
1013 4025 1078 4073 malo
1091 4026 1232 4089 Ligurem».

272 4111 318 4158 soIi
330 4111 407 4176 ipsius
420 4123 519 4174 uuura,
534 4113 622 4178 egendi
635 4112 742 4169 ratione,
756 4117 780 4158 et
861 4102 883 4156 5.
899 4108 995 4169 Semper
1007 4105 1109 4169 superbi.
1124 4103 1158 4152 ur
1168 4102 1280 4152 assiduus
1297 4099 1332 4146 ia·
