3020 4666
253 359 323 448 264
574 365 623 432 u.
649 365 687 432 τ.
715 327 989 434 cronacum

252 482 353 584 quod
366 484 465 556 nulla
479 484 546 554 alia
558 487 596 555 in
610 486 687 584 lege
702 508 876 582 umquam
890 484 971 571 fnit,
987 507 1034 556 ne
1047 484 1085 552 in
1095 481 1153 553 his
1165 482 1316 580 quidem

253 594 528 693 magistratibus
546 620 704 691 quorum
716 610 836 666 certus
849 593 942 664 ordo
955 590 1189 664 est.Timebat
1198 593 1314 678 enim,

252 709 447 805 Pompeius
465 709 494 776 si
510 705 649 776 adesset
660 700 704 792 ¹⁸,
725 729 771 776 ne
785 705 870 775 ferri
887 728 959 774 nou
978 717 1116 800 posset3
1132 717 1193 773 aut
1207 728 1271 789 ne,
1284 703 1315 772 si
1396 721 1401 726 ·

253 831 399 914 accepta
423 816 490 892 lex,
505 830 616 896 esset,
640 816 741 886 illum
766 815 834 886 sibi
856 814 1028 912 collegam
1049 812 1315 900 adscriberetis,

253 926 439 998 custodem
462 951 503 997 ac
522 925 700 1000 vindicem
713 936 743 984 Ῑ9
762 923 1011 1023 cupiditatum.

301 1042 345 1107 X.
371 1038 457 1122 Hic,
475 1037 648 1133 quoniam
665 1033 771 1106 video
786 1046 796 1079 ¹
813 1059 877 1105 vos
898 1034 1056 1104 hominis
1070 1031 1260 1128 dignitate,
1279 1045 1317 1102 et

253 1146 468 1218 contumelia
499 1146 586 1242 legis
619 1169 695 1216 esse
727 1158 949 1228 commot0s;
984 1141 1169 1214 renovabo
1200 1137 1317 1226 illud,

167 1283 169 1286 ’
254 1257 354 1354 quod
372 1258 475 1327 initio
496 1255 588 1342 dixi,
608 1279 763 1351 regnum
784 1255 1002 1352 comparari,
1028 1251 1230 1324 libertatem
1254 1275 1315 1320 ve·
1365 1287 1374 1299 .

230 1404 233 1408 ¹
254 1381 362 1439 stram
384 1367 451 1437 hac
470 1367 546 1462 lege
567 1365 730 1436 funditus
751 1365 839 1436 tolli.
857 1369 913 1434 An
938 1389 1000 1435 vos
1016 1363 1118 1434 aliter
1137 1363 1315 1432 existima-

254 1475 368 1563 batis,
388 1500 502 1572 quum
525 1474 709 1545 adomnia
733 1490 848 1545 vestra
870 1477 975 1571 pauci
998 1474 1190 1544 bomines²
1215 1472 1317 1568 eupi-

256 1586 375 1657 ditatis
387 1587 513 1657 oculos
525 1585 755 1680 adjecissent?
765 1610 839 1655 non
852 1609 915 1654 eos
927 1585 963 1654 in
981 1585 1105 1682 primis
1114 1581 1151 1653 id
1162 1587 1317 1668 acturos,

254 1711 296 1766 ut
322 1721 365 1766 ex
384 1697 486 1766 omni
508 1694 669 1766 custodia
695 1708 819 1764 vestrae
845 1693 1038 1779 libertatis,
1064 1717 1109 1763 ex
1132 1692 1232 1761 omui
1254 1715 1319 1788 po·

254 1819 399 1894 testate,
418 1807 623 1892 curatione,
641 1802 864 1902 patrocinio³
884 1819 1086 1898 vestrorum
1105 1799 1317 1874 commodo-

254 1941 336 1987 rum
352 1920 416 1986 Cn.
431 1914 901 2013 Pompeius'depellereturi
915 1913 1112 1998 Viderunt,
1126 1927 1162 1983 et
1176 1910 1318 1998 vident,

255 2028 286 2095 si
306 2048 371 2121 per
392 2023 673 2122 imprudentiam
693 2039 866 2112 vestram,
886 2020 1168 2120 negligentiam
1191 2045 1318 2109 meam,

254 2137 371 2231 legem
392 2136 612 2230 incognitam
634 2138 861 2233 acceperitis3
886 2133 980 2221 fore,
1002 2137 1055 2204 uti
1079 2129 1239 2230 postea⁵,
1259 2155 1319 2201 co-

255 2247 361 2343 gnitis
381 2243 538 2331 insidiis,
555 2270 668 2342 quum
689 2245 909 2316 decemviros
931 2245 1108 2329 crearitis,
1131 2257 1207 2313 tum
1224 2243 1318 2312 vitiis

255 2354 442 2440 omnibus,
466 2371 502 2426 et
517 2355 710 2427 sceleribus
725 2357 831 2452 legis,
850 2358 915 2426 Cn.
934 2354 1095 2452 Pompeii
1112 2353 1317 2450 praesidium

295 2495 336 2542 rt.
359 2493 423 2552 Alii,
437 2509 468 2540 ue
480 2493 502 2541 si
513 2494 626 2555 adesset,
633 2492 701 2558 ferri
713 2509 761 2540 nort
806 2507 877 2556 qnam
897 2492 998 2540 latinum
1009 2493 1111 2543 »fcere
1125 2491 1219 2555 aliquid
1231 2501 1316 2540 mutes.

254 2583 345 2638 posset.
358 2575 382 2621 J.
392 2573 425 2620 V.
441 2575 469 2620 L.
806 2573 831 2622 J.
841 2572 873 2618 V.
885 2573 912 2618 L.

293 2667 334 2714 ¹9·
350 2650 476 2698 Custodem
487 2667 517 2698 ae
525 2650 655 2699 uindicem.
664 2651 762 2708 Grauis·
843 2652 868 2698 3.
881 2651 1032 2699 Patrocriu'e.
1049 2650 1074 2698 Si
1086 2651 1150 2698 enim
1162 2651 1200 2698 vir
1211 2650 1318 2714 requissi-

253 2729 761 2795 simepopnluminlegislatoresboemodo
805 2747 859 2779 runs
872 2730 914 2778 ille
926 2731 1114 2778 constitueretur
1125 2729 1254 2788 decemvir,
1266 2744 1318 2776 non

254 2813 337 2858 orator
349 2810 477 2868 incitabat3
491 2810 598 2858 ostendit
612 2811 676 2858 enim
690 2813 762 2862 Porn-
805 2811 836 2860 iis
853 2811 937 2860 ficeret
950 2826 1021 2874 agros
1042 2810 1131 2874 quibus
1153 2809 1256 2862 vellent.
1273 2808 1319 2856 sd-

253 2890 333 2952 peinm
346 2905 359 2936 a
373 2891 511 2952 magistratu
524 2889 690 2953 prohibitum,
704 2903 763 2938 tam·
806 2889 924 2948 scribere,
940 2905 1066 2953 emes-eque
1082 2899 1106 2936 et
1122 2887 1227 2937 vendere
1243 2898 1318 2952 prout

253 2969 381 3036 qnamlqni
394 2985 457 3016 unus
472 2981 604 3031 grauanter
621 2969 648 3016 in
663 2986 762 3034 rempu·
806 2968 912 3018 libuerit.

252 3045 340 3097 blicam
349 3049 466 3096 refrenare
475 3065 503 3095 se
512 3064 621 3096 coercete
630 3051 762 3112 potuisset:
843 3063 866 3112 4.
876 3055 1056 3120 Negligentiam
1063 3071 1150 3104 meam.
1160 3056 1186 3103 Si
1194 3055 1252 3118 legis
1259 3054 1318 3102 vitis

252 3125 424 3188 tribunumque
438 3129 504 3176 omni
521 3143 567 3192 ope
581 3127 610 3180 td
624 3127 650 3175 id
665 3129 763 3178 enixum
806 3150 858 3182 non
874 3135 1037 3198 patefecissent
1047 3167 1054 3192 ,
1066 3150 1112 3183 nee
1127 3136 1211 3182 ‘taeitos
1227 3133 1318 3182 tribuni

252 3203 340 3262 luisse.
358 3207 425 3256 utin
443 3205 561 3261 desertam
577 3207 763 3272 destitutumque
807 3223 831 3261 et
841 3213 987 3276 collegarum
995 3223 1101 3274 mentes,
1111 3212 1249 3277 flagitiaque
1261 3229 1318 3277 spe-

252 3281 344 3331 nuxilio
356 3283 542 3346 rempublicam,
555 3286 670 3349 impeturn
684 3289 763 3352 possit
805 3291 914 3340 ruissem.

220 3385 224 3392 ·
260 3377 337 3411 were·
842 3372 866 3418 ⁵.
890 3370 933 3424 Uti
946 3381 1042 3434 posteo.
1064 3368 1318 3432 Duulegislstoribus

288 3442 322 3488 X.
339 3457 362 3489 r.
378 3443 498 3504 Quoniam
513 3442 594 3492 uideo.
609 3445 763 3494 Hiesdmnr·
805 3461 873 3498 erant
886 3449 1023 3499 metuenda.
1047 3449 1154 3496 Primum
1167 3463 1198 3494 ne
1210 3447 1250 3494 lex
1262 3448 1319 3508 reji-

252 3520 357 3568 mnrarit
375 3523 465 3569 oratori
482 3523 583 3578 concio,
599 3534 623 3568 et
640 3535 762 3571 commotu
805 3524 1318 3592 ceretur‚quodrnorlisomnibusprobibere

253 3609 289 3646 est
302 3599 383 3647 andita
397 3601 504 3664 Pompeii
519 3601 614 3660 injuria.
635 3603 723 3652 Similis
736 3604 762 3651 in
807 3618 967 3664 contererent,
980 3608 1100 3671 populum
1109 3607 1189 3654 fallaci
1200 3607 1319 3654 concione

251 3677 487 3742 legebluuilialocus
496 3679 537 3728 ille
547 3680 653 3741 quosit:
664 3693 761 3730 «vestra
805 3679 934 3740 excitando
950 3697 978 3733 ut
993 3703 1044 3734 mm
1059 3687 1215 3743 decerneret;
1230 3683 1318 3733 deinde

252 3757 443 3806 admurmuratio
453 3759 518 3820 facit,
529 3759 650 3820 Quirites,
658 3769 762 3823 utagno·
807 3779 837 3810 ne
848 3781 921 3826 quotu
933 3765 982 3814 lata
994 3767 1073 3826 soret,
1087 3766 1194 3830 populus
1204 3763 1319 3828 agnosce·

150 3877 155 3890 ,
251 3827 764 3900 scerevideaminiquibaecieeerintn.Vo·
807 3853 916 3905 ret,qure
928 3844 1318 3908 malasibiparsrentur,eumqne

253 3915 322 3964 cibus
333 3917 382 3965 illis
395 3916 515 3982 populum
525 3919 601 3982 magis
612 3917 733 3967 accendit.
808 3921 969 3969 decemvirum
989 3924 1161 3982 constitueret,
1175 3922 1217 3985 qni
1235 3931 1319 3984 posset

287 4010 310 4046 a.
329 3997 478 4062 Arroganter
493 4007 518 4044 et
534 3998 606 4046 stulte
624 3999 652 4044 B.
670 3998 762 4048 Weisk.
807 3999 864 4048 buie
875 4001 979 4064 publicae
988 4003 1087 4050 utilitati
1100 3999 1261 4062 infensissimo
1274 3999 1319 4056 tri«,

251 4095 264 4114 u
275 4073 330 4120 Hoc
344 4075 419 4138 tnagis
436 4075 575 4129 hebraicum
594 4087 647 4136 est,
668 4078 762 4156 inquit,
808 4077 874 4138 buno
885 4080 1008 4136 obsistere,
