2962 4682
348 376 535 446 ORATIO
560 377 659 445 PRO
683 378 723 444 A.
751 377 1036 448 CLUENTIO.
1177 405 1217 476 7¹

155 504 276 598 ipsum
298 521 434 572 nomen
461 500 637 570 amantius
661 496 980 599 indulgentiusque
1003 497 1222 590 maternum,

156 609 229 682 hoe
249 608 348 680 illius
365 610 505 696 matris,
534 632 616 706 que
644 607 777 680 multu's
798 609 871 704 jam
901 635 1035 700 annos,
1064 626 1099 683 et
1124 613 1224 684 nunc*

158 743 275 817 quum
301 720 456 792 maxime
486 717 604 790 filium
630 716 858 791 interiectum
885 722 1012 819 cupit,
1046 723 1224 820 singulare

158 828 294 918 scelus,
312 828 448 924 majore
465 827 551 900 odio
576 825 725 924 dignum
755 853 832 900 esse
852 829 1035 927 ducetis);
1056 857 1096 904 ea
1116 835 1224 931 igitur

157 951 275 1010 mater
302 938 415 1025 Aviti,
443 936 568 1009 Melini
593 937 689 1008 illius
714 937 969 1030 adolescentis,
996 943 1118 1038 generi
1150 947 1223 1034 sui,

158 1060 286 1121 contra
300 1071 410 1143 quam
431 1044 483 1118 fas
502 1060 596 1136 erat,
610 1048 734 1118 'amore
751 1064 870 1145 capta,
885 1054 1003 1147 primo
1021 1053 1165 1150 (neque
1185 1054 1223 1127 id

157 1158 279 1253 ipsum
293 1154 398 1252 diu),
416 1181 568 1254 quoquo
585 1156 696 1231 modo
721 1173 881 1256 poterat,
904 1161 941 1231 in
955 1161 1014 1233 illa
1028 1165 1224 1262 cupiditate

158 1263 415 1339 continebatur
432 1294 440 1338 z
463 1265 595 1340 deinde
615 1269 665 1339 ita
683 1269 830 1366 flagrare
849 1273 961 1370 coepit
978 1277 1154 1363 amentia,
1173 1283 1223 1348 sic

156 1376 378 1448 inflammata
397 1374 484 1450 ferri
507 1374 674 1466 libidine,
693 1392 735 1449 ut
760 1403 839 1450 eam
860 1405 936 1452 non
956 1380 1116 1480 pud0r⁶‚
1149 1409 1223 1456 non

157 1485 348 1586 pudicitia,
366 1511 443 1558 non
457 1491 585 1585 pietas,
597 1512 674 1558 non
690 1489 829 1560 macula
842 1486 998 1578 familiae,
1016 1515 1091 1563 non
1106 1493 1225 1563 homi·

158 1619 247 1666 num
269 1594 384 1684 fama,
407 1619 482 1668 non
502 1593 568 1666 filii
589 1595 712 1680 dolor,
737 1623 811 1668 non
831 1597 912 1669 filice
928 1625 1064 1673 moeror
1085 1629 1104 1674 a
1123 1609 1224 1703 cupi·

156 1704 269 1780 ditate
286 1722 478 1780 revocaret.
496 1709 668 1782 Animum
686 1707 944 1796 adolescentis,
960 1712 1123 1784 nondum
1140 1739 1224 1785 con·

157 1816 236 1888 silio
252 1841 293 1888 ac
308 1819 448 1889 ratione
470 1815 673 1906 firmatum,
689 1817 835 1916 pellexit
849 1821 893 1890 iis
906 1820 1077 1892 omnibus
1097 1824 1224 1912 rebus,

156 1925 292 2026 quibus
306 1927 365 2000 illa
382 1942 466 2000 aetas
481 1930 559 2027 capi
577 1951 618 2000 ac
633 1927 774 2000 deliniri
793 1945 921 2028 potest.

204 2037 311 2127 Filia,
330 2064 410 2137 quae
428 2064 503 2111 non
524 2038 642 2112 solum
661 2039 724 2110 illo
748 2031 933 2113 cemmuni
951 2041 1075 2115 dolore
1098 2045 1225 2117 mulie-

154 2147 238 2220 bria
259 2151 297 2220 in
312 2151 489 2246 ejusmodi
503 2152 568 2221 viri
582 2150 722 2242 injuriis
740 2167 950 2248 angeretur,
970 2154 1032 2224 sed
1047 2155 1220 2228 nefarium

154 2261 279 2332 matris
296 2261 500 2360 pellicatum
520 2259 614 2333 serre
631 2287 706 2332 non
725 2275 862 2360 posset,
889 2261 935 2352 de
960 2251 1035 2359 que
1056 2291 1103 2338 ne
1120 2274 1221 2364 queri

155 2367 327 2466 quidem⁸
347 2374 425 2444 sine
449 2372 582 2472 scelere
607 2395 645 2443 se
668 2395 773 2469 posse
797 2371 1055 2462 arbitraretur,
1085 2383 1222 2448 ceteros

154 2482 210 2551 sui
228 2483 319 2554 tanti
335 2481 420 2552 mali
432 2484 574 2579 ignaros
589 2505 665 2554 esse
677 2479 862 2582 cupiebat3
884 2483 921 2551 in
936 2482 1045 2580 hujus
1057 2489 1224 2558 amantis·

154 2590 235 2661 simi
251 2593 308 2662 sui
325 2589 442 2662 fratris
457 2591 624 2662 manibus
638 2606 674 2663 et
693 2593 852 2689 gremio,
878 2617 1034 2666 moerore
1054 2611 1090 2666 et
1108 2594 1222 2694 lacry-

153 2702 222 2773 mis
242 2701 533 2774 consenescebat.
556 2705 646 2774 Ecce
671 2716 791 2772 autem
819 2701 980 2774 subitum
1004 2703 1220 2793 divortium;

153 2809 256 2908 quod
287 2811 476 2883 solariumst
508 2812 685 2884 malorum
713 2815 876 2884 omnium
909 2809 987 2882 lore
1023 2813 1221 2887 videbatur.

152 2922 313 2994 Discedit
328 2947 349 2996 a
366 2924 503 2995 Melino
522 2923 703 3009 Cluentia,
725 2937 766 2992 ut
784 2925 821 2992 in
841 2923 949 2992 tantis
970 2922 1128 3016 injuriis,
1145 2949 1221 2994 non

153 3031 283 3122 invita3
301 3047 343 3104 ut
360 3057 381 3104 a
398 3036 493 3122 viro,
516 3059 591 3104 non
614 3031 780 3104 libenter.
798 3035 889 3102 Tum
907 3055 994 3102 vero
1010 3032 1068 3104 illa
1083 3038 1223 3132 egregia

153 3166 195 3214 ac
216 3143 385 3240 praeclara
402 3159 517 3216 mater
539 3143 656 3241 palam
676 3141 852 3214 exsultare
876 3141 1013 3229 latitia,
1032 3165 1074 3212 ac
1097 3145 1222 3214 trium·

153 3253 266 3349 phare
279 3254 412 3350 gaudio
425 3256 555 3354 coepit,
569 3254 696 3324 victrix
709 3252 807 3338 filiae,
822 3277 897 3322 non
911 3251 1077 3322 lihidinis.
1097 3257 1222 3351 ltaque

153 3362 290 3435 (liutius
319 3363 584 3464 suspicionibus
613 3362 821 3434 obscuris¹⁰
850 3359 931 3431 laedi
957 3360 1087 3432 famam
1120 3388 1222 3434 suam

189 3563 215 3612 6.
229 3564 287 3610 Nori
295 3563 384 3627 pudor.
399 3565 449 3627 Qui
462 3564 494 3613 ad
506 3564 666 3622 minumus
713 3577 765 3610 snm
778 3563 903 3616 miserim,
916 3562 984 3624 quod
1002 3562 1062 3610 mibi
1075 3575 1127 3610 nou
1146 3563 1222 3611 modo

153 3639 271 3710 pudicitia
279 3640 310 3688 ad
319 3657 420 3706 corpus,
428 3642 569 3707 pertinct-
575 3641 662 3690 Pietas.
710 3640 790 3698 turoi,
804 3639 942 3704 gravissima
954 3641 1043 3700 injuria
1056 3652 1167 3703 accepta.
1179 3641 1221 3688 sed

152 3721 279 3768 Maternus
291 3736 368 3770 amor.
709 3735 740 3766 nc
751 3718 834 3767 dolere
843 3718 943 3782 quidem
955 3719 1054 3780 impune
1066 3719 1139 3766 liceat
1146 3741 1166 3768 ι.

188 3816 215 3860 7.
228 3801 320 3848 Dolore
333 3799 452 3850 muliebri.
466 3801 528 3864 Qui,
545 3811 572 3849 ut
583 3801 608 3848 in
622 3800 664 3850 tali
745 3815 769 3860 9.
783 3797 854 3861 Quod
863 3797 983 3847 wlaeiuur.
997 3797 1090 3860 Nempe
1109 3797 1221 3860 pellicem

153 3893 191 3940 re,
205 3877 266 3928 nulli
278 3894 331 3928 non
349 3879 469 3928 muneri·
490 3880 545 3928 viro
565 3880 665 3930 mune
707 3889 809 3928 mtrem
822 3892 874 3925 non
884 3877 933 3936 jan
947 3875 1041 3924 visure.

152 3957 282 4022 peculiaris
293 3969 338 4007 est.
746 3972 784 4006 ro.
802 3953 981 4020 Smpt'ciorribm
1001 3953 1114 4002 oueuris.
1134 3957 1220 4006 Paullo

188 4037 214 4087 8.
236 4039 274 4086 Ne
296 4037 368 4103 queri
388 4039 492 4102 quidem.
511 4039 573 4102 Quia
589 4039 665 4088 Sassia
709 4032 1220 4093 obscuriorinfnmiauonirmhujuslururi

154 4118 204 4178 ejus
217 4129 294 4168 mater
305 4129 367 4168 etat.
378 4119 418 4168 Sic
428 4117 460 4168 ud
469 4119 544 4170 Attic.
556 4121 579 4166 11
592 4134 598 4170 :
610 4120 665 4168 ·E0
709 4118 765 4166 ntis
777 4126 831 4175 ειη
845 4113 898 4163 vult
911 4111 989 4162 media
1000 4114 1026 4160 in
1035 4111 1091 4162 luce
1103 4119 1203 4166 venari.
