2986 4670
411 337 1004 423 vernantissimum.
1170 338 1240 437 259

163 456 369 546 beneficio,
388 455 540 530 fortuito
552 467 598 546 ¹¹,
614 457 664 528 ⁴ad
685 457 930 555 usurpandam
948 458 1152 534 libertatem
1174 487 1239 534 vo-

168 567 271 641 carel

219 683 331 768 Irmr,
352 680 491 778 inquit,
514 703 710 762 sonumque
727 689 886 766 mono¹²‚
910 683 1027 777 cupite
1044 680 1177 770 altero,
1197 709 1242 756 ur

167 813 333 860 conrrns
351 811 548 860 ronrmicis
572 784 771 860 usxrmr13.
794 791 848 860 Ne
868 787 938 860 boc
961 788 1109 886 quidem
1131 791 1241 880 vidit,

164 897 326 992 majores
346 912 488 971 nostros
509 912 583 968 tam
605 895 713 969 fuisse
736 899 949 996 populares,
973 914 1033 987 ut,
1052 901 1154 998 quod
1176 927 1242 1000 per

166 1007 353 1106 populum
378 1009 491 1078 creari
519 1005 571 1077 fas
593 1032 669 1078 non
694 1021 770 1078 erat
793 1022 942 1105 propter
962 1008 1174 1106 religionem
1192 1037 1245 1083 sa-

167 1141 341 1205 crorum,
365 1141 403 1187 ln
426 1139 470 1186 eo
491 1131 632 1200 tamen,
657 1131 807 1214 propter
832 1117 1108 1214 amplitudinem
1130 1146 1244 1194 sacer·

167 1224 284 1313 dosii,
305 1225 485 1298 voluerint
500 1224 639 1322 populo
660 1226 855 1324 supplicari
866 1225 908 1297 ¹⁴.
926 1231 1047 1326 Atque
1062 1229 1132 1302 boc
1148 1232 1246 1304 idem

170 1337 220 1408 de
240 1337 366 1408 ceteris
387 1331 636 1408 sacerdotiis¹⁵
662 1339 731 1406 Cn.
754 1337 956 1424 Domitius,
980 1337 1148 1411 tribunus
1168 1341 1245 1438 ple·

168 1445 252 1534 bis,
279 1451 335 1517 vir
360 1445 598 1531 clarissimus,
621 1445 723 1516 tulit:
745 1444 845 1542 quod
870 1448 1052 1545 populus,
1080 1475 1144 1548 per
1161 1451 1246 1523 reli-

171 1559 341 1654 gionem,
364 1554 562 1628 sacerdotia
587 1554 759 1627 mandare
781 1563 857 1626 non
880 1572 1045 1654 poterat,
1066 1575 1107 1630 ut
1127 1563 1247 1632 minor

171 1692 260 1765 pars
277 1666 403 1764 populi
422 1682 632 1754 vocaretur3
655 1665 700 1738 ab
723 1690 764 1738 ea
783 1682 885 1762 parte
906 1669 970 1765 qui
996 1686 1088 1742 esset
1112 1668 1247 1757 factus,

171 1779 204 1848 is
226 1803 247 1850 a
274 1776 427 1874 collegio
449 1791 692 1874 cooptaretur.
717 1776 867 1863 Videte,
889 1777 978 1874 quid
997 1780 1138 1852 intersit
1156 1783 1250 1854 inter

172 1893 241 1962 Cn.
258 1889 474 1972 Domitium,
494 1886 684 1958 tribunum
704 1885 840 1983 plebis,
857 1887 1044 1960 hominem
1064 1889 1264 1970 nobilissi-,

172 2023 298 2086 mum,
321 2013 356 2070 et
374 2001 410 2070 P.
433 1999 604 2086 Rullum,
624 1999 688 2094 qui
707 1999 874 2083 tentavit,
894 2014 934 2070 ut
948 2002 1093 2096 opinor,
1107 2007 1245 2098 patien-

170 2113 262 2182 tiam
286 2123 460 2198 vestram,
479 2133 596 2206 quum
618 2133 656 2180 se
680 2107 883 2180 nobilem¹⁶
906 2134 982 2182 esse
1005 2110 1152 2186 diceret.
1170 2118 1247 2186 Do·

175 2341 257 2390 tribus
270 2339 359 2388 Rullus
372 2337 496 2402 elegissem
512 2335 555 2384 sed
568 2336 628 2384 sorti
643 2336 692 2382 rei·
735 2336 865 2403 noluerunt
877 2353 933 2386 eum
950 2337 1007 2386 loeo
1026 2340 1103 2403 patris
1121 2341 1247 2404 sufficere,

176 2419 284 2488 publicas
307 2419 430 2466 fortunam
455 2416 596 2464 committit.
621 2414 692 2464 inflat
736 2431 777 2463 eos
791 2410 861 2464 etium
876 2417 985 2464 libertate
999 2419 1129 2484 pontifices
1142 2420 1249 2486 eligendi

175 2517 236 2548 sane
255 2511 278 2546 et
303 2510 374 2562 suget
396 2507 479 2544 orator
503 2507 609 2543 erratum
629 2493 692 2542 illud
737 2493 1248 2564 orbavit‚jusqneilludadpopulumomus

176 2579 255 2628 ttulit.
268 2579 378 2640 quue
391 2577 453 2626 sorti
465 2573 527 2622 illud
538 2575 690 2638 permiserat,
736 2575 868 2626 transtulit.

176 2659 310 2706 netribmu
321 2657 426 2720 aliquem
438 2667 585 2718 anteponere
598 2653 691 2700 videre-
775 2661 814 2710 rt.
839 2656 933 2720 Populo
954 2656 1097 2722 supplicari.
1122 2663 1178 2709 Hoc
1199 2674 1249 2725 est,

179 2749 228 2795 tur,
242 2754 287 2784 neo
298 2737 403 2783 incusari
417 2743 499 2799 posset
513 2733 629 2796 qussdam
644 2731 692 2780 sibi
735 2733 854 2799 populum
868 2747 937 2782 antes
952 2735 1088 2785 consulere.
1101 2741 1182 2799 Hujus
1197 2757 1249 2788 ver·

178 2819 279 2866 elerotss
292 2828 335 2863 sut
347 2823 474 2878 corruptas
490 2813 568 2860 tribus
587 2812 618 2860 sd
636 2817 692 2875 per·
736 2813 761 2860 bi
782 2814 830 2861 vim
849 2830 945 2862 omnem
968 2815 1074 2877 explicet
1096 2829 1178 2866 orator
1201 2837 1248 2884 pro

176 2896 270 2960 agenda
280 2895 380 2942 consilis
388 2893 533 2958 seposuisse.
737 2893 821 2940 Plane.
837 2909 891 2956 cap.
904 2901 929 2950 4.

217 2992 257 3024 ιι.
276 2973 373 3022 Habent
381 2971 490 3038 fortuitu
507 2971 602 3034 aliquot
620 2971 691 3018 MSS.
774 2971 813 3018 15.
834 2971 871 3016 De
888 2969 973 3017 ceteris
992 2971 1142 3023 sacerdotiis.
1166 2976 1249 3037 Quum
1348 2994 1351 3004 ’

178 3055 269 3104 Probat
284 3057 396 3102 Goerens.
415 3053 446 3100 erl
460 3051 512 3100 Cic.
529 3050 559 3097 de
576 3048 689 3109 Finibus,
733 3050 863 3096 maximum
879 3047 1048 3112 pontificatum
1064 3053 1110 3101 Cn.
1125 3055 1248 3104 Domitius

179 3136 211 3192 v,
227 3149 236 3180 1
244 3151 264 3181 1.
278 3136 302 3182 J,
312 3134 345 3179 V.
358 3133 385 3179 L.
732 3128 810 3193 plebis
825 3128 945 3192 suffragiis
962 3130 1135 3191 commisisset,
1152 3145 1248 3184 ceteros

218 3230 257 3262 m.
271 3213 319 3259 llic
332 3212 384 3258 sine
393 3225 462 3257 esuss
474 3209 577 3273 glossam
587 3207 688 3255 rident:
733 3219 818 3272 postea
829 3223 913 3255 omnes
927 3208 1045 3257 creandos
1059 3209 1188 3276 pontifices
1202 3231 1247 3278 po-

179 3291 283 3340 lormule
295 3301 338 3338 est.
348 3289 372 3337 J.
382 3291 413 3336 V.
423 3287 449 3336 L.
566 3355 569 3360 ,
734 3287 794 3352 pulo
803 3285 927 3352 permisit,
938 3285 1028 3350 absque
1038 3288 1087 3336 ulls
1099 3289 1247 3354 pontificum

218 3373 258 3420 13.
270 3367 397 3438 Pontifici}
407 3365 518 3414 maximi.
531 3365 596 3412 Olim
608 3364 690 3427 ponti·
734 3365 917 3413 intercessione.

180 3451 218 3499 l'ex
237 3450 356 3497 maximus
382 3465 395 3494 s
423 3443 569 3510 pontificum
588 3441 692 3505 collegio
776 3447 814 3494 16.
831 3448 947 3508 anmse
961 3445 1073 3506 nobilem.
1088 3451 1252 3511 Quintsti·

180 3529 350 3580 tantummodo
367 3527 425 3592 eligi
442 3536 538 3592 poterut
555 3539 562 3571 ε
587 3532 692 3570 ettamen
737 3525 842 3589 lippire,
856 3542 910 3588 esp.
929 3542 969 3586 η,
984 3539 1067 3574 orator
1079 3528 1145 3576 Rulli
1159 3531 1250 3579 nobili·

181 3618 404 3674 proptersummsm
413 3603 543 3652 sacerdotii
551 3601 693 3665 dignitatem
738 3615 809 3652 tatem
820 3605 947 3668 agnoseit,
960 3605 990 3652 de
1000 3622 1047 3669 qus
1059 3607 1169 3654 dubitare
1180 3625 1206 3655 se
1217 3609 1251 3658 ibi

180 3700 206 3736 et
216 3687 361 3752 potentium,
373 3683 495 3734 decretum
505 3695 541 3731 est
551 3693 599 3729 uta
610 3679 693 3728 decem
738 3683 870 3731 simulatur.
884 3683 971 3730 Rullus
984 3701 997 3730 s
1009 3685 1108 3732 Servilio
1121 3699 1191 3749 gente
1199 3700 1252 3737 eret

180 3765 294 3815 tribubus
306 3765 458 3828 congregetis
468 3761 606 3825 eligeretur,
618 3761 633 3807 i.
645 3777 693 3808 en
738 3775 823 3820 ortus;
845 3763 958 3822 Plinius,
976 3762 1021 3812 lib.
1035 3765 1176 3829 Vlll„oup.
1201 3768 1252 3828 51,

180 3847 275 3894 minore
285 3843 370 3910 populi
384 3853 504 3908 parte,ut
519 3841 695 3889 deindescol·
738 3845 765 3891 P.
788 3841 916 3889 Servilium
941 3839 1041 3887 Rullum
1062 3852 1156 3904 petrem
1179 3844 1253 3905 bujru

180 3927 244 3990 legio
257 3923 406 3991 pontificum
420 3932 585 3984 cooptaretur.
602 3920 694 3967 Tribu·
738 3919 831 3967 tribuni
845 3919 952 3966 nobilem
971 3935 1022 3965 esse
1036 3931 1132 3978 namt,
1150 3937 1253 3988 eumque

179 4025 225 4055 nus
242 4022 300 4053 vero
314 4003 393 4068 plebis
407 4002 498 4058 lactus,
511 4000 556 4048 Cn.
571 3999 695 4047 Domitius
740 3999 961 4061 testatur‚primum
972 3999 1164 4062 essequisprum
1174 4012 1253 4052 totum

178 4083 352 4142 bibebamus,
373 4077 531 4146 pontificibus
553 4078 628 4126 imtus
652 4079 694 4142 qui
740 4094 828 4127 mensae
841 4077 1052 4142 suoespposuerit.

1012 4184 1014 4192 ’
1078 4188 1130 4260 ¹7·
