2934 4680
296 411 488 480 ORATIO
513 412 615 480 PRO
640 413 781 481 LEGE
801 409 1038 479 MANILIA.
1155 413 1197 494 [ιι

139 532 305 604 felicitate
328 536 496 630 gesserit;
523 547 566 604 ut
588 535 665 630 ejus
691 557 835 631 semper
856 529 1103 603 voluntatibus
1127 553 1202 602 non

139 641 249 714 modo
273 647 368 714 cives
387 647 623 733 assenserint,
648 646 734 716 socii
756 642 1059 741 obtemperarint,
1081 643 1205 714 hostes

139 750 361 839 obedierint,
379 753 444 824 sed
462 757 569 826 etiarn
583 756 682 828 venti
700 767 1003 852 tempestatesque
1023 753 1204 826 obsecun-

141 861 269 934 dariut.
303 869 381 936 Hoc
410 863 621 937 brevissime
651 865 792 952 dicam,
820 869 1003 935 neminem
1030 889 1205 962 umquam

140 987 210 1047 tam
232 975 484 1072 impudentem
507 975 637 1064 fuisse,
658 979 721 1073 qni
742 1001 763 1046 a
781 974 846 1046 diis
867 973 1131 1046 immortalibus
1150 989 1206 1047 tot

141 1097 177 1154 et
196 1097 313 1155 tantas
333 1109 391 1156 res
409 1090 538 1158 tacitus
557 1087 706 1158 auderet
722 1101 868 1184 optare,
887 1099 977 1183 quot
998 1099 1034 1156 et
1051 1101 1206 1183 quantas

141 1192 191 1264 dii
213 1197 437 1267 immortales
455 1195 501 1268 ad
522 1202 587 1270 Cu.
608 1199 823 1295 Pompeium
847 1194 1082 1268 detulerunt:
1104 1193 1206 1292 quod

140 1318 182 1375 ut
201 1304 254 1374 illi
276 1308 464 1404 proprium
487 1333 528 1380 ac
553 1323 773 1406 perpetuum
791 1308 858 1394 sit,
886 1307 1067 1396 Quirites,
1091 1329 1205 1403 quum

141 1417 346 1486 eommunis
363 1416 487 1490 salutis
502 1433 612 1516 atque
633 1419 797 1516 imperii,
820 1430 898 1487 tum
920 1416 1033 1512 ipsius
1050 1414 1206 1487 hominis

141 1547 267 1611 causa,
286 1528 391 1596 sicuti
407 1524 577 1616 facitis10,
594 1527 685 1600 velle
700 1541 736 1598 et
750 1541 876 1624 optare
893 1524 1046 1598 debetis·

190 1635 312 1723 Quare
331 1659 447 1732 quum
468 1653 503 1708 et
520 1637 658 1728 bellum
676 1639 725 1708 ita
743 1637 984 1708 necessarium
1005 1637 1069 1721 sit,
1088 1651 1129 1708 ut
1145 1661 1208 1708 ne·

142 1743 226 1841 gligi
252 1770 328 1816 non
350 1749 483 1844 possit;
513 1749 562 1818 ita
588 1771 783 1846 magnum,
812 1761 853 1818 ut
875 1748 1140 1818 accuratissime
1161 1749 1208 1819 sit

142 1853 484 1946 administrandum,
507 1873 542 1930 et
560 1883 675 1956 quum
695 1861 728 1929 ei
749 1860 1006 1955 imperatorem
1026 1855 1209 1955 praeficere

142 1966 307 2061 possitis,
331 1971 370 2038 in
394 1993 470 2066 quo
495 1971 541 2042 sit
565 1971 695 2041 eximia
718 1967 805 2040 belli
828 1969 997 2053 scientia,
1019 1967 1207 2067 singularis

141 2078 277 2164 virtus,
300 2076 492 2150 clarissima
514 2084 726 2168 auctoritas,
748 2081 889 2176 egregia
913 2076 1082 2149 fortuna:
1103 2075 1207 2147 dubi-

142 2185 318 2276 tabitis¹¹,
333 2191 510 2280 Quirites,
523 2193 613 2288 quin
628 2190 700 2262 boc
717 2203 857 2260 tantum
872 2187 978 2274 boni,
992 2186 1092 2285 quod
1105 2185 1209 2258 vobis

142 2317 162 2365 a
183 2294 253 2368 diis
277 2299 542 2372 immortalibus
563 2289 728 2372 oblatum
754 2312 791 2369 et
807 2297 933 2369 datum
955 2311 1028 2379 est,
1054 2300 1092 2366 in
1115 2321 1208 2367 rem-

144 2405 327 2503 publicam
355 2410 641 2482 eonservandam
673 2423 783 2506 atque
811 2406 1097 2506 amplificandam
1124 2427 1211 2477 con·

144 2515 286 2588 feratis?

189 2632 302 2699 XVII.
325 2629 436 2721 Quod
454 2633 484 2702 si
501 2636 624 2702 Romae
643 2636 707 2704 Cn.
726 2634 919 2728 Pompeius
939 2631 1098 2728 privatus
1117 2644 1211 2702 esset

145 2737 214 2810 hoc
241 2753 426 2840 tempore,
447 2757 568 2814 tamen
591 2742 635 2814 ad
655 2757 795 2813 tantum
815 2740 953 2813 bellum
975 2742 1005 2812 is
1026 2756 1104 2812 erat
1121 2739 1210 2811 deli-

144 2847 281 2945 gendus
312 2865 421 2949 atque
453 2850 678 2924 mittendus:
704 2875 825 2938 nunc,
850 2874 967 2946 quum
1000 2848 1045 2919 ad
1074 2865 1211 2921 ceteras

144 2981 301 3028 summas
316 2961 488 3034 utilitates
506 2961 582 3033 haec
599 2986 749 3060 quoque
771 2960 1026 3058 opportunitas
1043 2957 1212 3056 adjunga-

145 3082 214 3158 tur,
237 3084 279 3141 ut
300 3072 400 3143 iniis
421 3074 507 3170 ipsis
527 3074 615 3144 locis
633 3073 725 3144 adsit
738 3083 763 3159 ¹,
784 3084 825 3140 ut
847 3068 979 3140 habeat
996 3071 1211 3158 exercitum,

145 3194 185 3250 ut
204 3177 251 3250 ab
278 3183 338 3268 iis,
361 3183 426 3279 qui
451 3182 608 3270 habent,
633 3183 794 3280 accipere
820 3183 940 3251 statim
966 3181 1099 3277 possit;
1120 3180 1211 3277 quid

145 3293 417 3389 exspectamus?
440 3308 502 3364 aut
527 3318 593 3365 cur
614 3319 712 3381 non,
737 3290 891 3363 ducibus
913 3289 981 3362 diis
999 3293 1220 3362 immortali·'

144 3397 231 3488 bus,
254 3397 392 3490 eidem,
421 3405 479 3475 cui
507 3415 649 3475 cetera²
681 3427 822 3475 summa
845 3427 928 3474 eum
956 3403 1069 3474 salute
1087 3406 1211 3500 reipu-

145 3509 244 3582 blieae
279 3515 471 3584 commissa
497 3529 603 3602 sunt,
632 3514 703 3585 hoc
734 3537 884 3611 quoque
912 3511 1047 3584 bellurn
1073 3514 1210 3610 regium

146 3624 427 3694 committimus?

192 3737 238 3804 At
258 3733 358 3804 enim
377 3736 432 3803 vir
450 3733 685 3822 clarissimus,
707 3735 971 3805 amantissimus
988 3729 1213 3828 reipublicae,

183 3912 220 3944 ro.
230 3896 330 3944 Facitis.
340 3896 417 3959 Quod
426 3895 655 3961 declarentimperia
735 3899 818 3946 xvn.
839 3913 861 3944 1.
879 3899 911 3944 Ut
923 3895 948 3944 in
961 3895 990 3942 iis
1004 3893 1063 3942 loeis
1077 3892 1149 3942 adsit.
1165 3893 1214 3942 Ubi

147 3973 231 4038 quibus
242 3975 312 4024 illum
323 3977 493 4025 exornavistis.
699 3976 789 4025 bellum
799 3992 855 4024 cunr
864 3973 1007 4024 Mithridate
1017 3981 1052 4020 est
1063 3973 1202 4034 gerendum.

182 4069 221 4104 11.
233 4053 390 4104 Dubitabitis.
400 4057 476 4105 Multi
487 4055 560 4104 codd.
571 4059 654 4105 Oxou.
735 4071 760 4112 a.
774 4054 867 4104 Cetera.
878 4053 943 4102 Rella
952 4052 1054 4099 scilicet.
1063 4077 1097 4087 -
1105 4052 1212 4116 Regium.

148 4131 265 4182 dubitatis.
279 4135 302 4182 J.
312 4138 344 4181 V.
359 4137 386 4181 L.
700 4135 790 4184 Contra
804 4149 879 4196 reges.
