3020 4666
190 413 193 420 .
281 345 349 418 186
600 349 654 424 Μ.
674 348 710 414 Τ.
731 348 1003 421 CICERONIS

273 469 348 542 huo
365 463 577 555 advolavit⁸‚
595 493 643 544 nc
663 484 725 546 aut
742 468 1008 554 accusatoribus
1028 467 1212 567 diligentia
1221 481 1251 558 ⁹,
1269 485 1335 540 aut

276 579 430 678 pecunia
446 577 599 650 testibus
613 577 770 668 deesset;
786 595 848 654 aut
866 605 912 652 ne
934 577 1025 652 lorte
1047 594 1159 650 mater
1175 578 1246 650 hoc
1265 577 1336 650 sibi

273 689 538 788 optatissimum
560 692 804 786 spectaculum
829 691 937 785 hujus
965 689 1125 764 sordium
1146 704 1256 786 atque
1278 689 1335 762 lu·

275 815 369 885 ctus,
391 813 427 870 ct
448 802 537 870 tanti
558 800 734 896 squaloris
754 801 943 874 amitteret.

323 911 482 980 LXVlll.
501 913 579 980 lam
600 934 683 982 vero
704 908 804 1006 quod
819 911 886 982 iter
905 914 1056 982 Romam
1076 908 1154 1005 ejus
1170 907 1333 980 mulieris

273 1017 384 1090 luisse
418 1020 651 1093 existimatis?
681 1020 781 1116 quod
814 1045 906 1118 ego,
936 1032 1087 1118 propter
1113 1019 1334 1089 vicinitatem

275 1129 508 1224 Aquinatium
536 1144 572 1202 et
597 1129 920 1217 Venafranorum¹‚
947 1153 992 1202 ex
1009 1128 1132 1200 multis
1156 1125 1276 1198 audivi
1299 1142 1336 1198 et

275 1240 459 1335 comperi:
479 1263 572 1335 quos
591 1264 788 1316 concursus
809 1241 846 1311 in
870 1239 927 1310 his
946 1237 1112 1336 oppidis?
1127 1249 1286 1333 quantos
1299 1251 1337 1307 et

276 1351 437 1420 virorum
458 1362 495 1420 ot
510 1337 705 1430 mulierum
724 1353 879 1446 gemitus
894 1373 972 1423 esse
990 1347 1125 1420 factos?
1144 1345 1336 1418 Mulierem

276 1456 470 1554 quamdam
487 1460 637 1550 Larino,
658 1475 767 1556 atque
787 1459 883 1532 illam
903 1467 1018 1555 usque
1036 1481 1058 1531 a
1076 1457 1185 1530 maria
1201 1477 1337 1551 supero

276 1571 426 1639 Romam
448 1565 641 1664 proficisci,
662 1594 743 1642 cum
766 1593 898 1665 magno
918 1568 1090 1640 comitatu
1108 1579 1145 1638 et
1163 1564 1336 1660 pecunia,

277 1698 353 1771 quo
378 1673 515 1748 facilius
532 1681 792 1752 circumvenire
813 1678 949 1773 judicio
973 1677 1116 1774 capitis,
1139 1689 1248 1770 atque
1271 1696 1337 1769 op·

275 1785 431 1880 primere
452 1784 564 1861 fitium
587 1785 731 1885 possiti
753 1792 868 1864 Nemo
888 1800 964 1861 erat
982 1786 1145 1870 illorum,
1166 1807 1268 1880 plene
1283 1781 1335 1852 dir

277 1915 373 1980 cam,
388 1897 476 1990 quin
492 1896 731 1994 expianduml
746 1899 847 1972 illurn
863 1897 984 1970 locum
997 1919 1075 1968 esse
1089 1893 1342 1976 arbitraretur,

277 2025 508 2100 quacumque
543 2006 602 2084 illa
637 2011 706 2080 iter
737 2005 898 2092 lecisset3
925 2027 1058 2092 nemo,
1084 2007 1174 2101 quin
1202 2017 1340 2076 terram

278 2109 392 2206 ipsam
414 2112 555 2200 violari,
578 2141 657 2212 quae
675 2131 788 2189 rnater
805 2130 859 2188 est
877 2119 1059 2202 omnium,
1080 2113 1237 2208 vestigiis
1253 2135 1344 2182 oon·

277 2219 457 2299 scelerare
472 2229 593 2299 matris
607 2240 759 2322 putaret.
779 2231 904 2322 ltaque
919 2223 1022 2298 nullo
1040 2227 1078 2294 in
1097 2219 1232 2319 oppido
1246 2243 1340 2292 oon·

276 2331 425 2408 sistendi
449 2349 605 2429 potestas
625 2337 659 2406 ei
682 2334 768 2424 fuit3
790 2359 895 2406 nemo
919 2359 963 2407 ox
982 2348 1037 2406 tot
1056 2329 1260 2429 hospitibus
1275 2334 1339 2400 in·

276 2455 406 2518 ventus
424 2459 495 2528 est,
514 2447 577 2541 qui
595 2472 669 2518 non
684 2433 935 2542 contagionem
953 2438 1167 2540 adspectus⁵
1182 2437 1339 2534 fugeret.

278 2551 383 2622 Nocti
397 2574 434 2625 se
448 2555 568 2648 potius
586 2580 626 2630 nc
643 2554 844 2642 solitudini,
861 2579 971 2651 quum
987 2553 1050 2624 ulli
1062 2566 1124 2622 aut
1137 2549 1219 2624 urbi
1228 2546 1255 2636 ⁶,
1272 2563 1340 2619 aut

280 2655 418 2756 hospiti
446 2662 731 2738 committebam.
759 2669 865 2738 Nunc
891 2687 978 2736 vero
1010 2659 1100 2759 quid
1128 2673 1226 2757 agat,
1246 2656 1339 2754 quid

314 2807 338 2857 8.
360 2809 499 2860 Advolavt't.
525 2811 709 2860 inmoderatam
729 2815 786 2861 saa-
865 2813 890 2861 3.
904 2811 1093 2860 8ἰοΕωωῑ.οι
1111 2811 1152 2858 ed.
1168 2807 1340 2871 1471.an30

280 2888 321 2938 tin
340 2889 499 2954 cupiditatem
514 2891 668 2957 opprimendi
680 2889 725 2938 lilii
738 2890 786 2940 hoc
827 2903 917 2954 posset.
928 2892 953 2939 J.
960 2893 992 2939 V.
1004 2892 1031 2938 L.

279 2968 355 3018 verbo
366 2973 481 3021 ostendit.
865 2967 1168 3032 scriptitationum
1180 2965 1280 3013 similem
1291 2967 1341 3012 Po-

315 3064 340 3110 9.
349 3052 538 3100 Accusatorr‘bus
550 3049 685 3116 diligentia.
698 3053 732 3099 Ut
745 3065 787 3098 ac·
828 3045 891 3111 lybtt
903 3047 1004 3095 adnotet
1016 3047 1142 3103 tulimus,
1152 3046 1244 3107 l’aoerg.
1253 3045 1302 3100 111,
1310 3059 1339 3104 7.

279 3138 403 3178 emnem
414 3131 440 3178 in
452 3131 504 3180 dle·
517 3131 674 3180 inflammaret
684 3141 709 3178 et
721 3146 783 3178 con·
866 3121 889 3174 5.
898 3124 1071 3190 contagionem
1082 3120 1339 3187 adspectusfficapnrl

278 3205 393 3257 liruret.
828 3205 904 3252 Tacit.
921 3204 1006 3266 Agris.
1021 3204 1068 3262 3ο,
1081 3200 1192 3250 «Oculos
1204 3215 1303 3264 qnoque
1321 3215 1338 3248 ι

314 3285 428 3336 valn.
443 3303 465 3336 r.
477 3285 678 3350 Vensranortrm.
688 3287 739 3348 Qui
750 3289 785 3336 vie
828 3293 943 3330 coumctu
962 3281 1135 3330 dominationis
1152 3279 1280 3329 inviolatos
1297 3277 1340 3331 ha-

278 3363 328 3412 cini
339 3363 433 3412 seilicet
452 3376 519 3416 erent
534 3366 646 3430 Arpino,
659 3351 784 3418 Ciceronis
829 3361 973 3410 beennon.
1252 3371 1256 3379 ’

278 3441 370 3506 patriae.
382 3444 480 3492 Gruter.
496 3443 642 3504 conjiciebat
655 3462 686 3494 es
703 3443 784 3494 l’lim'o
863 3439 888 3488 6.
904 3439 968 3488 Urbi.
981 3442 1063 3491 Grae·
1072 3437 1145 3486 edere
1154 3437 1239 3486 maluit
1252 3451 1265 3484 e
1276 3433 1338 3484 rod.

276 3521 326 3580 111,
340 3521 356 3568 5
363 3554 372 3580 ,
385 3531 408 3570 et
422 3521 495 3573 codd.
504 3523 611 3587 vestigiis
630 3523 785 3574 nnllaterno·
828 3519 911 3571 sune.
923 3519 967 3566 ulli
977 3531 1021 3566 aru
1034 3517 1116 3567 tuda.
1125 3519 1151 3566 J.
1162 3519 1193 3565 V.
1205 3517 1231 3564 L.

277 3615 359 3647 rumn.
368 3601 459 3646 Verum
472 3599 614 3663 obloquitur
623 3599 734 3652 Gravius
743 3599 786 3651 Al·
865 3613 889 3657 7.
904 3595 1080 3646 Committebnt.
1099 3597 1182 3658 Qum
1206 3591 1341 3641 videntne

279 3678 387 3728 luteum
397 3677 480 3728 allecte
492 3679 565 3741 longe
578 3678 668 3728 abhoc
681 3679 784 3735 itinere,
828 3673 859 3723 nb
873 3674 986 3722 omnibns
996 3673 1083 3734 vitari,
1097 3671 1205 3721 interdiu
1219 3670 1272 3716 lone
1288 3685 1338 3732 po-

276 3755 420 3820 longineque
438 3768 553 3806 minutam
567 3757 630 3805 hane
648 3756 734 3806 urbem
753 3756 784 3808 ela
828 3754 877 3804 tint
889 3753 995 3802 solitaria
1004 3751 1192 3815 querebamini
1200 3764 1254 3796 cnm
1263 3747 1339 3794 nomi·

279 3836 386 3899 Aquino.
828 3843 880 3880 tatu
893 3831 1046 3888 subsisteret,
1059 3840 1133 3877 noctu
1155 3839 1235 3876 eutem
1254 3828 1339 3891 potitae

314 3929 340 3965 tt.
356 3919 380 3962 A
398 3912 463 3962 mari
478 3929 574 3977 supero.
595 3915 677 3977 thue
696 3929 710 3962 a
726 3915 785 3961 marl
828 3911 874 3960 suh
887 3910 930 3960 dio
942 3909 1065 3968 menebrt,
1076 3925 1150 3973 quam
1159 3923 1185 3956 ee
1198 3905 1264 3954 urbi·
1277 3905 1339 3952 cele·

279 3991 413 4050 Adriatico,
420 3991 516 4052 mirlier,
527 3994 576 4042 ie.
585 4009 611 4042 ea
621 4008 676 4056 qua
686 3991 785 4040 difficile
829 3989 912 4038 brtuu
925 3989 1100 4048 cornmitteret,
1113 3997 1155 4036 eut
1168 3985 1199 4034 ad
1216 3983 1340 4047 hospitem

278 4068 325 4116 iter
336 4070 413 4119 hoere
422 4081 514 4135 potest,
528 4070 637 4120 advolat.
831 4068 963 4118 diverteret
973 4103 981 4132 ,
991 4066 1058 4132 apud
1067 4082 1139 4131 quern
1155 4073 1322 4129 pernoctaret.
