2986 4670
422 371 489 440 us
514 371 651 444 mea
677 375 931 462 iunium,
956 379 1009 446 11.
1177 377 1244 473 267

174 493 255 591 lege
290 490 513 566 decemviros
547 495 682 566 habere
716 511 933 594 potestatem
950 507 979 540 ¹¹
1016 521 1092 567 non
1123 522 1249 595 posse,

175 603 354 699 quoniam
380 628 446 702 per
469 629 602 676 novem
628 605 744 677 tribus
771 620 891 677 essent
917 607 1116 677 constituti.
1141 606 1250 678 lubet

175 711 270 783 ferre
304 712 349 784 de
379 712 434 783 his
466 715 581 812 legem
611 719 809 800 curiatam
841 720 985 815 praeton'
1007 727 1039 760 ¹²
1072 717 1250 815 imperat:

177 846 289 918 quam
312 821 349 891 id
369 823 487 920 ipsum
503 825 659 896 absurde
674 823 716 916 ¹³,
737 827 826 896 nihil
841 827 884 898 ad
906 851 964 898 me
981 831 1127 914 attinet,
1145 825 1251 922 jubet

178 933 294 1021 enim,
313 957 374 1016 Qui
393 959 524 1006 ramus
542 961 594 1006 srr
613 961 759 1008 reuma
780 961 928 1027 sacrus,
951 961 1028 1010 unu
1046 961 1167 1010 arcun
1186 954 1250 1008 cu-

178 1065 322 1112 nrarau
346 1069 477 1134 ranam
497 1071 552 1116 sur
573 1071 603 1117 is
628 1071 740 1119 ranna
763 1073 837 1119 non
859 1073 1078 1136 rossir,Qu1
1100 1072 1250 1118 rossae-

178 1175 252 1222 uns
282 1177 335 1225 srr
362 1181 370 1223 :
392 1172 433 1226 ut
456 1169 519 1227 aut
539 1157 664 1228 lusisse
682 1163 712 1212 ¹4
740 1160 777 1228 in
800 1161 908 1230 tantis
933 1159 1061 1244 rebus,
1082 1173 1144 1228 aut
1163 1181 1252 1256 pro-

178 1259 276 1333 lecto
304 1269 427 1338 nescio
456 1266 545 1364 quid
579 1283 759 1365 spectasse
786 1269 960 1342 videatur.
995 1273 1130 1340 Verum
1161 1267 1252 1356 boc,

179 1371 280 1469 quod
304 1389 357 1445 est
383 1389 445 1446 aut
466 1379 515 1446 ita
541 1401 774 1474 perversum,
803 1395 844 1452 ut
872 1379 1085 1467 ridiculum,
1118 1394 1179 1450 aut
1204 1379 1254 1449 ita

179 1483 414 1570 malitiosum,
435 1501 477 1556 ut
497 1487 690 1557 obscurum
717 1493 782 1575 sit,
800 1490 1049 1587 relinquamus
1074 1515 1082 1558 ε
1104 1487 1148 1558 ad
1169 1487 1253 1557 reli-

179 1592 325 1688 gionem
338 1591 371 1638 ¹⁵
386 1593 542 1666 bominis
551 1611 783 1669 revertamur.
795 1599 918 1684 Videt,
933 1601 1009 1669 sine
1026 1597 1103 1694 lege
1116 1599 1253 1669 curiata

179 1702 272 1773 nihil
295 1705 352 1800 agi
377 1727 445 1802 per
467 1706 688 1778 decemviros
713 1731 830 1804 posse.
858 1709 956 1800 Quid
985 1723 1130 1806 postea,
1158 1711 1186 1778 si
1211 1731 1254 1778 ea

179 1811 251 1884 lata
265 1838 340 1884 non
360 1819 451 1887 erit?
467 1817 651 1889 Attendite
671 1817 871 1914 ingenium.
891 1823 976 1890 Tun
994 1843 1021 1889 n
1039 1843 1253 1903 necruvinr,

180 1924 320 2020 inquit,
351 1951 473 1998 runnu
500 1953 587 1999 rurs
616 1951 713 2012 surr,
742 1953 816 2013 Quo
840 1955 902 2014 Qui
928 1953 1064 2000 orrrua
1091 1953 1193 2001 urea.
1217 1933 1254 2000 Si

180 2033 254 2104 hoc
276 2033 353 2106 fieri
379 2053 518 2135 potest,
543 2039 644 2110 utin
668 2036 735 2110 hac
757 2044 919 2129 civitate,
942 2065 1021 2138 quae
1042 2041 1150 2136 longe
1171 2041 1254 2135 jure

138 2184 141 2194 .
180 2141 357 2242 libertatis
373 2151 501 2221 ceteris
516 2153 720 2225 civitatibus
740 2151 940 2240 antecellit,
959 2153 1152 2248 quisquam
1174 2149 1255 2220 nul·

182 2251 226 2323 lis
245 2259 398 2329 comitiis
414 2257 446 2304 ¹⁶
466 2265 657 2360 imperium
682 2279 744 2335 aut
765 2277 979 2361 potestatem
1004 2261 1145 2358 assequi
1168 2285 1253 2357 pos-

182 2364 248 2454 sit,
266 2367 353 2463 quid
374 2373 519 2460 attinet,
536 2375 643 2445 tertio
659 2376 774 2473 capite
790 2372 907 2470 legem
923 2374 1094 2442 curiatam
1112 2379 1141 2426 ¹⁷
1161 2367 1255 2441 ferre

222 2621 262 2655 rr.
270 2607 365 2656 natm
369 2621 523 2673 potestatem.
530 2613 594 2661 Nam
603 2613 696 2662 decem·
741 2612 833 2662 curiata
843 2611 908 2677 lege,
920 2611 995 2660 sensit
1005 2611 1156 2659 decemviros
1164 2609 1255 2658 nullam

182 2685 246 2746 viri,
263 2687 305 2750 qni
319 2689 440 2738 aminime
452 2691 537 2756 populi
550 2703 619 2756 parte
628 2703 698 2742 erant
741 2691 866 2757 possidere
877 2691 1047 2739 auctoritatem
1057 2707 1065 2752 3
1077 2692 1159 2754 itaque
1174 2707 1225 2738 erm
1240 2707 1253 2738 a

183 2765 335 2824 ereeti,uou
349 2767 482 2832 legitimum
494 2783 558 2818 certe
569 2771 697 2836 imperium
740 2772 888 2837 praetoribus
901 2773 958 2819 ferri
974 2771 1085 2834 religiose
1103 2770 1192 2831 jubet:
1212 2772 1256 2834 qui

184 2843 347 2902 obtinebant3
361 2847 441 2911 itaque
460 2864 522 2913 opus
534 2863 585 2899 erat
599 2862 626 2898 ut
644 2851 697 2916 lege
741 2867 800 2900 vero
813 2852 833 2900 si
853 2862 1003 2908 recusarent,
1018 2851 1082 2898 ervit
1104 2849 1255 2896 decemviro-

185 2927 277 2972 eurinta
291 2927 426 2976 sanciretur
436 2945 519 2977 eorum
529 2943 644 2995 potestus.
742 2948 796 2979 rum
809 2931 964 2986 auctoritati,
976 2946 1079 2992 nemque
1093 2929 1218 2993 precipit,
1228 2941 1257 2978 ut

224 3006 379 3054 12.Proeeori
397 3005 508 3071 imperat.
527 3013 614 3074 Legem
634 3012 699 3058 enim
742 3012 791 3058 sint
803 3011 966 3070 cadmiam,
982 3025 1032 3072 quo
1047 3009 1089 3073 qui
1098 3009 1190 3072 optima
1201 3007 1255 3071 lege

185 3083 304 3132 curiatam
323 3086 385 3134 ferre
399 3087 513 3136 tribunus
528 3105 578 3136 non
590 3101 699 3154 poterat,
742 3091 832 3138 suerint
846 3089 928 3137 creati.
940 3088 1039 3152 Optima
1058 3087 1100 3136 lex
1112 3087 1152 3134 hic
1163 3083 1256 3150 signill-

186 3173 292 3227 propter
302 3166 437 3229 auspicium
447 3200 454 3225 ,
464 3167 532 3232 quod
541 3169 634 3217 nullum
648 3170 699 3236 ple·
744 3180 782 3218 cat
794 3186 852 3228 coe,
862 3169 905 3233 qui
915 3168 968 3231 lege
978 3168 1086 3228 curiata,
1099 3166 1149 3213 sine
1160 3163 1211 3213 ullo
1220 3166 1258 3214 vi-

185 3239 225 3288 bis
237 3253 284 3291 est.
744 3251 780 3297 tio
794 3259 818 3295 et
831 3247 1022 3305 intercessione,
1038 3255 1182 3310 potestatem
1201 3261 1257 3292 cum

224 3323 264 3372 13.
279 3323 399 3373 Absurde.
417 3325 558 3374 Absurdum
572 3341 695 3387 scireest,
736 3331 791 3389 jure
800 3338 990 3392 consequuntur.

185 3401 221 3448 nic
239 3417 253 3448 e
268 3401 349 3466 prlmo
362 3403 392 3451 acl
411 3417 559 3467 postremum
579 3409 695 3467 transire,
778 3407 819 3455 16.
832 3405 965 3471 Quisquam
974 3403 1047 3453 nullis
1056 3402 1257 3465 comitiis.Quum

185 3494 263 3542 quum
276 3481 306 3528 ad
320 3481 452 3530 seeundum
465 3499 503 3531 ree
521 3484 562 3532 ille
576 3487 696 3550 pertinere
740 3485 805 3534 enirn
823 3487 926 3534 maxima
945 3502 1001 3550 pars
1020 3483 1107 3550 populi
1127 3483 1257 3546 suffragio·

188 3556 309 3618 debuerit,
324 3561 344 3608 ei
358 3562 450 3624 primus
460 3576 598 3612 recusasset.
740 3581 795 3613 rum
817 3565 849 3614 eit
871 3567 924 3626 jure
947 3564 1078 3626 destituta,
1105 3561 1170 3610 nulla
1197 3571 1256 3609 sunt

227 3645 268 3692 14.
280 3640 384 3689 Lusisse.
395 3641 537 3690 Ridiculum
547 3654 612 3692 certe
626 3647 698 3694 estin
741 3643 807 3692 Rulli
821 3643 929 3694 comitia.

187 3725 237 3762 tam
257 3721 321 3780 gravi
334 3721 451 3778 materia,
464 3739 500 3769 res
520 3734 641 3788 tamqnam
653 3741 698 3789 per
780 3739 819 3784 17·
835 3723 961 3772 curiatam
969 3719 1050 3787 fem·
1062 3717 1129 3782 in‘l
1140 3734 1203 3782 0P⁰⁸
1220 3729 1258 3767 ⁰⁸²

183 3795 269 3855 jocum
281 3808 396 3857 tractare,
412 3801 479 3864 qnod
494 3801 698 3855 lecereetrlbunru
741 3799 818 3867 legem
829 3801 895 3850 illam
908 3801 966 3849 ferri
973 3835 980 3860 ,
993 3816 1068 3864 quum
1080 3797 1191 3854 comitia,
1201 3813 1256 3860 quae

100 3921 106 3930 ,
186 3873 295 3936 ridetur,
314 3893 328 3924 a
348 3880 428 3942 primo
447 3881 478 3928 td
495 3893 644 3946 postremum
663 3885 698 3931 sie
742 3897 793 3931 eam
807 3880 964 3940 antecellant,
975 3877 1143 3934 rintsnblete3
1155 3875 1257 3941 impere-

187 3958 343 4007 tremeundo.
745 3973 850 4024 tumque
864 3957 1076 4036 sitndecenrriros
1090 3955 1197 4004 eamdem
1213 3973 1257 4004 eu-

226 4036 265 4082 15.
288 4035 332 4084 Ad
349 4037 500 4104 religionem.
520 4041 582 4086 Eum
604 4038 699 4104 populo
742 4041 878 4088 ctoritatenr
890 4035 1077 4096 retinere,licet
1094 4035 1171 4100 legem
1190 4035 1256 4084 illam

187 4112 349 4166 deridendum
371 4118 610 4178 ostendl13eubletn
634 4119 698 4167 eninr
743 4121 805 4167 lerre
817 4129 934 4184 pretores
947 4115 1088 4164 abnuerim.
