2962 4682
241 427 286 474 20
487 476 494 492 x
561 401 610 468 st.
635 400 673 467 r.
700 397 978 471 nicanorus

240 523 491 608 contulerun13
511 544 669 616 quorum
693 521 852 616 ipsorum
874 543 941 617 per
959 543 999 591 se
1016 539 1073 590 res
1090 535 1126 592 et
1143 518 1297 594 fortunae

239 657 335 706 curae
353 630 457 702 vobis
475 653 553 701 esse
572 628 717 700 debent.
738 632 880 700 Etenim
899 630 928 700 si
946 629 1145 726 vectigalia,
1168 653 1298 704 nervos

240 767 317 816 esse
344 738 570 836 reipublicae,
599 761 741 835 semper
765 737 951 824 duximus3
976 763 1058 810 euru
1082 755 1177 810 certe
1198 739 1297 811 ordi·

239 877 323 923 nem
334 905 343 938 ‚
356 854 420 947 qui
439 862 580 920 exercet
594 848 674 932 itta,
693 845 960 918 firmamentum
979 864 1180 920 ceterorum
1198 848 1296 920 ordi·

241 970 353 1032 num²
374 973 470 1029 recte
491 982 567 1029 esse
588 956 758 1027 dicemus.
783 955 923 1028 Deinde
946 960 1072 1030 ceteris
1095 985 1138 1030 ex
1161 958 1298 1030 ordini·

239 1067 334 1142 bus³
351 1069 517 1140 homines
533 1067 638 1164 'gnavi
656 1080 693 1136 et
711 1065 880 1138 industrii
900 1070 1030 1168 partim
1047 1069 1142 1166 ipsi‘*
1160 1071 1198 1138 in
1216 1071 1299 1140 Asia

198 1199 205 1212 ’
240 1181 482 1275 negotiantur,
495 1175 629 1275 quibus
642 1201 704 1248 vos
718 1174 926 1248 absentibus
942 1180 1130 1250 consulere
1141 1178 1298 1265 debetis;

240 1291 371 1386 partim
399 1311 480 1358 suas
509 1302 545 1357 et
574 1283 748 1358 suorum⁵
778 1287 817 1355 in
844 1309 885 1356 ea
916 1287 1100 1384 provincia
1128 1289 1299 1385 pecunias

239 1419 388 1494 magnas
414 1391 627 1466 collocatas⁶
652 1392 803 1466 habent·
832 1397 909 1466 Erit
934 1396 1041 1491 igitur
1067 1395 1300 1468 humanitatis

239 1520 381 1588 vestra,
401 1527 571 1599 magnum
593 1525 718 1574 eorum
741 1505 872 1574 civium
892 1529 1083 1576 numerum
1102 1505 1300 1578 calamitate

240 1613 454 1711 prohibere3
473 1614 672 1709 sapientia,
690 1613 834 1700 videre,
850 1615 1048 1686 multorum
1066 1619 1198 1687 civium
1214 1616 1300 1688 cala-

240 1728 402 1795 mitatem
415 1721 633 1819 erepublica
646 1722 845 1816 sejunctam
860 1746 937 1794 esse
948 1749 1021 1794 non
1035 1748 1149 1821 posse.
1161 1728 1301 1798 Etenim

136 1875 139 1880 -
240 1831 328 1902 illud
344 1832 500 1929 primum
515 1833 614 1928 parvi
628 1829 752 1916 refert,
768 1854 832 1902 vos
842 1830 1044 1928 publicanis
1056 1834 1302 1905 amissavecti·

241 1941 331 2038 galia
350 1954 475 2038 postea
493 1942 642 2012 victoria
662 1962 897 2037 recuperare:
916 1967 1037 2039 neque
1059 1945 1156 2016 enim
1174 1943 1302 2016 iisdem

241 2050 441 2122 redimendi
458 2047 609 2122 facultas
626 2050 712 2138 erit,
729 2061 881 2147 propter
896 2048 1168 2139 calamitatem⁷‚
1181 2075 1305 2149 neque

242 2159 320 2231 aliis
338 2158 523 2246 voluntas,
548 2171 699 2257 propter
723 2159 901 2229 timorem.
925 2157 1083 2247 Deinde,
1107 2157 1210 2258 quod
1234 2184 1303 2234 nos

244 2269 371 2341 eadem
395 2268 495 2355 Asia,
512 2282 622 2366 atque
644 2266 739 2339 idem
758 2270 825 2340 iste
848 2267 1073 2339 Mithridates
1092 2269 1197 2342 initio
1218 2267 1304 2342 belli

161 2435 164 2438 .
242 2379 386 2450 Asiatici
399 2371 568 2465 docuit⁸;
582 2376 620 2448 id
634 2377 781 2474 quidem
797 2393 894 2449 certe
905 2375 1106 2450 calamitate
1118 2377 1217 2452 docti
1231 2403 1304 2451 me·

244 2489 358 2560 moria
372 2489 527 2559 retinere
542 2485 739 2559 debemus:
757 2511 841 2558 nam
856 2500 954 2573 tum,
969 2511 1084 2584 quum
1098 2489 1136 2558 in
1151 2489 1231 2561 Asia
1247 2513 1304 2562 res

244 2621 391 2695 magnas
420 2596 591 2695 permulti
621 2598 834 2684 amiserant,
863 2599 1014 2681 seimus,
1039 2599 1183 2684 Romae,
1203 2599 1305 2671 solu·

245 2709 344 2779 tione
362 2707 552 2806 impedita,
569 2707 681 2778 fidem
695 2706 904 2778 concidisse.
928 2710 1007 2778 Nou
1031 2711 1127 2778 enim
1151 2725 1305 2806 possunt

246 2903 381 2955 rationibus
392 2901 457 2951 idem
468 2911 505 2951 est
515 2917 543 2949 ae
551 2899 601 2950 suis
614 2898 753 2948 commodis.
796 2897 1306 2958 modisvemisse,l'lutsrchussuctors⁸t
1351 2954 1354 2959 A

247 3011 282 3022 -
291 2981 387 3046 Copias,
396 2981 490 3030 scilieet
499 2996 554 3032 sues
567 2995 638 3046 opes,
648 2979 753 3040 divitias,
796 2978 823 3026 iu
834 2979 883 3026 vita
893 2978 997 3030 Luculli.

248 3065 362 3112 fortunae
833 3057 859 3108 6.
886 3055 1141 3106 Collocataslsabent.
1167 3057 1304 3106 latifundia

284 3157 310 3188 a.
322 3139 520 3186 rimamarum.
531 3169 555 3184 ..
575 3137 695 3186 ordinum.
714 3137 753 3184 Si·
798 3146 905 3184 ememnt
913 3133 971 3182 lisco
981 3134 1090 3190 addicta,
1102 3145 1126 3182 et
1134 3137 1262 3199 pecuniam
1270 3137 1306 3185 ibi

248 3218 337 3267 militer
347 3218 374 3262 in
387 3215 497 3264 oratione
509 3230 556 3279 pro
568 3215 754 3264 Planciozuilos
797 3215 886 3264 foeuori
906 3225 1053 3278 posuerant,
1075 3224 1102 3262 ut
1124 3215 1212 3264 Brutus
1240 3215 1306 3279 apud

248 3295 356 3358 equiturn
366 3293 538 3352 romanorum,
549 3294 755 3342 ormmentumci-
798 3293 915 3358 Cyprios‚
927 3292 956 3342 de
968 3309 1018 3357 quo
1027 3293 1113 3342 Cicero
1125 3295 1152 3341 iu
1164 3293 1306 3358 epistolasd

248 3372 340 3436 vitatis,
353 3369 530 3418 firmamentum
543 3369 696 3434 reipublice,
709 3389 753 3436 pu·
798 3371 917 3420 trucum.

248 3452 399 3500 blicanorum
408 3448 493 3496 ordine
503 3450 667 3498 contineturn.
835 3467 857 3508 7.
871 3452 974 3511 Propter
993 3448 1164 3496 calamitatem.
1177 3451 1260 3510 Quum
1275 3447 1306 3497 de

286 3529 310 3578 3.
328 3527 414 3576 Ceteris
431 3543 464 3574 ese
485 3525 619 3576 ordinibus.
639 3528 755 3592 Exceptis
797 3525 900 3572 fortunis
914 3525 1027 3572 omnibus
1040 3524 1173 3586 deturbati,
1191 3543 1223 3574 ex
1235 3527 1306 3592 equi-

249 3607 413 3667 senatoribus,
424 3605 512 3671 quibus
525 3607 644 3670 negotiari
655 3623 707 3656 nou
724 3607 754 3666 li·
799 3613 851 3674 tuns
863 3597 948 3649 ordine
960 3601 1111 3650 delebuntur.

248 3687 324 3738 esbus.
835 3683 859 3730 8.
879 3679 1033 3728 Mithridates
1057 3681 1149 3731 docuit.
1170 3684 1201 3732 23
1217 3683 1306 3734 abhinc

285 3771 310 3828 4.
321 3766 414 3816 ,Aberat
423 3763 476 3828 ipsi
485 3765 550 3812 Dant
558 3763 720 3814 coddWerd.
731 3775 755 3813 et
799 3759 880 3818 aunis,
898 3758 1054 3810 Mithridates
1067 3761 1149 3810 Asiam
1168 3766 1248 3828 cepit,
1260 3779 1307 3828 pu·

243 3831 358 3911 'uum
373 3845 464 3896 outo.
473 3843 602 3910 probante.
614 3845 678 3894 rr.
692 3847 719 3893 s.
798 3837 906 3886 huonon
920 3842 1056 3904 oppressit,
1077 3851 1101 3888 a
1114 3843 1222 3891 omnum
1241 3843 1307 3890 son·

285 3927 309 3974 5,
318 3927 516 3974 Suessetanorum,
524 3927 666 3972 Innumero!
675 3925 755 3972 tamin
799 3917 984 3982 diripul13ltlnc
996 3917 1056 3966 fides
1067 3923 1151 3969 ΗΘΜ
1161 3921 1263 3980 cecidit,
1279 3921 1306 3970 ld

249 4007 306 4055 Asia
316 4003 459 4069 publicanos
468 4019 495 4052 te
506 4003 661 4052 feneratores
669 4004 753 4066 fuisse,
798 4007 847 4056 est,
867 3995 1000 4054 creditum
1026 3998 1092 4061 quod
1115 4016 1208 4064 semper
1224 4001 1306 4049 evenit

249 4093 373 4148 totamque
384 4080 536 4146 provinciam
543 4081 656 4132 omnibus
663 4082 755 4132 iucom-
798 4086 855 4140 pott
868 4075 961 4126 cladem
975 4092 1093 4140 magnam.
