<?xml version="1.0" encoding="UTF-8"?>
<!DOCTYPE html PUBLIC "-//W3C//DTD XHTML 1.0 Transitional//EN"
    "http://www.w3.org/TR/xhtml1/DTD/xhtml1-transitional.dtd">
<html xmlns="http://www.w3.org/1999/xhtml" xml:lang="en" lang="en">
 <head>
  <title>
</title>
<meta http-equiv="Content-Type" content="text/html;charset=utf-8" />
  <meta name='ocr-system' content='tesseract 3.04.00' />
  <meta name='ocr-capabilities' content='ocr_page ocr_carea ocr_par ocr_line ocrx_word'/>
</head>
<body>
  <div class='ocr_page' id='page_1' title='image "./mtciceronisquae00lemagoog_0650.png"; bbox 0 0 2976 4670; ppageno 0'>
   <div class='ocr_carea' id='block_1_1' title="bbox 330 357 1222 494">
    <p class='ocr_par' dir='ltr' id='par_1_1' title="bbox 330 357 1222 494">
     <span class='ocr_line' id='line_1_1' title="bbox 330 357 1222 494; baseline 0.001 -16"><span class='ocrx_word' id='word_1_1' title='bbox 330 407 421 494; x_wconf 82' lang='lat' dir='ltr'>rao</span> <span class='ocrx_word' id='word_1_2' title='bbox 445 357 812 486; x_wconf 46' lang='lat' dir='ltr'>iureconsultus</span> <span class='ocrx_word' id='word_1_3' title='bbox 838 409 1056 478; x_wconf 71' lang='lat' dir='ltr'>nonanis.</span> <span class='ocrx_word' id='word_1_4' title='bbox 1155 407 1222 494; x_wconf 72' lang='lat'>641</span> 
     </span>
    </p>
   </div>
   <div class='ocr_carea' id='block_1_2' title="bbox 127 529 1280 4215">
    <p class='ocr_par' dir='ltr' id='par_1_2' title="bbox 162 529 1233 923">
     <span class='ocr_line' id='line_1_2' title="bbox 162 529 1230 618; baseline -0.008 -13"><span class='ocrx_word' id='word_1_5' title='bbox 162 540 251 608; x_wconf 82' lang='lat' dir='ltr'>etin</span> <span class='ocrx_word' id='word_1_6' title='bbox 274 537 318 602; x_wconf 89' lang='lat' dir='ltr'>eis</span> <span class='ocrx_word' id='word_1_7' title='bbox 341 536 514 610; x_wconf 86' lang='lat' dir='ltr'>Catonem,</span> <span class='ocrx_word' id='word_1_8' title='bbox 542 551 604 618; x_wconf 84' lang='lat' dir='ltr'>ego</span> <span class='ocrx_word' id='word_1_9' title='bbox 625 551 701 594; x_wconf 84' lang='lat' dir='ltr'>vero</span> <span class='ocrx_word' id='word_1_10' title='bbox 727 543 854 592; x_wconf 87' lang='lat' dir='ltr'>tantum</span> <span class='ocrx_word' id='word_1_11' title='bbox 877 529 968 596; x_wconf 87' lang='lat' dir='ltr'>illum</span> <span class='ocrx_word' id='word_1_12' title='bbox 992 545 1075 618; x_wconf 87' lang='lat' dir='ltr'>puto</span> <span class='ocrx_word' id='word_1_13' title='bbox 1100 530 1230 596; x_wconf 75' lang='lat' dir='ltr'>abisso</span> 
     </span>
     <span class='ocr_line' id='line_1_3' title="bbox 162 633 1232 724; baseline -0.008 -13"><span class='ocrx_word' id='word_1_14' title='bbox 162 647 280 711; x_wconf 87' lang='lat' dir='ltr'>scelere</span> <span class='ocrx_word' id='word_1_15' title='bbox 296 639 437 706; x_wconf 82' lang='lat' dir='ltr'>abfuisse</span> <span class='ocrx_word' id='word_1_16' title='bbox 448 681 457 719; x_wconf 89' lang='lat'>,</span> <span class='ocrx_word' id='word_1_17' title='bbox 469 653 507 702; x_wconf 92' lang='lat' dir='ltr'>ut</span> <span class='ocrx_word' id='word_1_18' title='bbox 524 635 662 700; x_wconf 80' lang='lat' dir='ltr'>maxime</span> <span class='ocrx_word' id='word_1_19' title='bbox 684 633 812 703; x_wconf 76' lang='lat' dir='ltr'>doleam</span> <span class='ocrx_word' id='word_1_20' title='bbox 830 635 904 723; x_wconf 88' lang='lat' dir='ltr'>plus</span> <span class='ocrx_word' id='word_1_21' title='bbox 922 635 1012 724; x_wconf 84' lang='lat' dir='ltr'>apud</span> <span class='ocrx_word' id='word_1_22' title='bbox 1027 655 1081 700; x_wconf 86' lang='lat' dir='ltr'>me</span> <span class='ocrx_word' id='word_1_23' title='bbox 1101 637 1232 702; x_wconf 57' lang='lat' dir='ltr'>simula*</span> 
     </span>
     <span class='ocr_line' id='line_1_4' title="bbox 164 739 1233 836; baseline -0.01 -17"><span class='ocrx_word' id='word_1_24' title='bbox 164 754 287 820; x_wconf 89' lang='lat' dir='ltr'>tionem</span> <span class='ocrx_word' id='word_1_25' title='bbox 309 745 448 812; x_wconf 89' lang='lat' dir='ltr'>aliorum</span> <span class='ocrx_word' id='word_1_26' title='bbox 464 741 662 836; x_wconf 79' lang='lat' dir='ltr'>(Pompeii,</span> <span class='ocrx_word' id='word_1_27' title='bbox 681 741 834 822; x_wconf 66' lang='lat' dir='ltr'>amsans,</span> <span class='ocrx_word' id='word_1_28' title='bbox 850 739 995 828; x_wconf 88' lang='lat' dir='ltr'>Clodii),</span> <span class='ocrx_word' id='word_1_29' title='bbox 1021 761 1119 831; x_wconf 85' lang='lat' dir='ltr'>quam</span> <span class='ocrx_word' id='word_1_30' title='bbox 1139 744 1233 808; x_wconf 82' lang='lat' dir='ltr'>istius</span> 
     </span>
     <span class='ocr_line' id='line_1_5' title="bbox 164 853 440 923; baseline -0.029 0"><span class='ocrx_word' id='word_1_31' title='bbox 164 858 259 923; x_wconf 85' lang='lat' dir='ltr'>fidem</span> <span class='ocrx_word' id='word_1_32' title='bbox 273 853 440 919; x_wconf 72' lang='lat' dir='ltr'>valuisse».</span> 
     </span>
    </p>

    <p class='ocr_par' dir='ltr' id='par_1_3' title="bbox 127 952 1280 4113">
     <span class='ocr_line' id='line_1_6' title="bbox 206 952 1235 1054; baseline -0.004 -29"><span class='ocrx_word' id='word_1_33' title='bbox 206 963 265 1026; x_wconf 88' lang='lat' dir='ltr'>llis</span> <span class='ocrx_word' id='word_1_34' title='bbox 282 961 393 1054; x_wconf 82' lang='lat' dir='ltr'>itaque</span> <span class='ocrx_word' id='word_1_35' title='bbox 412 956 566 1020; x_wconf 89' lang='lat' dir='ltr'>omnibus</span> <span class='ocrx_word' id='word_1_36' title='bbox 583 955 766 1044; x_wconf 83' lang='lat' dir='ltr'>perpensis,</span> <span class='ocrx_word' id='word_1_37' title='bbox 787 952 857 1019; x_wconf 82' lang='lat' dir='ltr'>fieri</span> <span class='ocrx_word' id='word_1_38' title='bbox 873 956 1005 1044; x_wconf 87' lang='lat' dir='ltr'>nequit,</span> <span class='ocrx_word' id='word_1_39' title='bbox 1023 957 1102 1045; x_wconf 91' lang='lat' dir='ltr'>quin</span> <span class='ocrx_word' id='word_1_40' title='bbox 1122 957 1235 1021; x_wconf 64' lang='lat' dir='ltr'>immed</span> 
     </span>
     <span class='ocr_line' id='line_1_7' title="bbox 163 1059 1232 1152; baseline -0.006 -18"><span class='ocrx_word' id='word_1_41' title='bbox 163 1071 227 1134; x_wconf 91' lang='lat' dir='ltr'>rito</span> <span class='ocrx_word' id='word_1_42' title='bbox 247 1068 344 1131; x_wconf 90' lang='lat' dir='ltr'>JCtos</span> <span class='ocrx_word' id='word_1_43' title='bbox 360 1063 504 1128; x_wconf 85' lang='lat' dir='ltr'>accusari</span> <span class='ocrx_word' id='word_1_44' title='bbox 520 1063 668 1144; x_wconf 81' lang='lat' dir='ltr'><strong>fateatur,</strong></span> <span class='ocrx_word' id='word_1_45' title='bbox 686 1061 760 1148; x_wconf 88' lang='lat' dir='ltr'>qui,</span> <span class='ocrx_word' id='word_1_46' title='bbox 784 1059 999 1150; x_wconf 88' lang='lat' dir='ltr'>praejudicatis</span> <span class='ocrx_word' id='word_1_47' title='bbox 1022 1063 1232 1152; x_wconf 83' lang='lat' dir='ltr'>opinionibus</span> 
     </span>
     <span class='ocr_line' id='line_1_8' title="bbox 164 1155 1234 1259; baseline -0.004 -22"><span class='ocrx_word' id='word_1_48' title='bbox 164 1174 256 1255; x_wconf 89' lang='lat' dir='ltr'>liber,</span> <span class='ocrx_word' id='word_1_49' title='bbox 270 1155 450 1259; x_wconf 85' lang='lat' dir='ltr'>simplicem</span> <span class='ocrx_word' id='word_1_50' title='bbox 464 1169 632 1232; x_wconf 87' lang='lat' dir='ltr'>veritatem</span> <span class='ocrx_word' id='word_1_51' title='bbox 655 1167 751 1230; x_wconf 86' lang='lat' dir='ltr'>unice</span> <span class='ocrx_word' id='word_1_52' title='bbox 767 1182 863 1250; x_wconf 85' lang='lat' dir='ltr'>amat,</span> <span class='ocrx_word' id='word_1_53' title='bbox 879 1167 1164 1257; x_wconf 81' lang='lat' dir='ltr'>inhumanumque</span> <span class='ocrx_word' id='word_1_54' title='bbox 1182 1172 1234 1253; x_wconf 73' lang='lat' dir='ltr'>ju-</span> 
     </span>
     <span class='ocr_line' id='line_1_9' title="bbox 127 1272 1234 1364; baseline -0.003 -22"><span class='ocrx_word' id='word_1_55' title='bbox 127 1307 129 1312; x_wconf 83' lang='lat'><em>.</em></span> <span class='ocrx_word' id='word_1_56' title='bbox 166 1277 272 1360; x_wconf 87' lang='lat' dir='ltr'>dicat,</span> <span class='ocrx_word' id='word_1_57' title='bbox 294 1274 469 1364; x_wconf 67' lang='lat' dir='ltr'>aequissimi</span> <span class='ocrx_word' id='word_1_58' title='bbox 488 1272 570 1351; x_wconf 89' lang='lat' dir='ltr'>juris</span> <span class='ocrx_word' id='word_1_59' title='bbox 594 1272 770 1354; x_wconf 83' lang='lat' dir='ltr'>antistites,</span> <span class='ocrx_word' id='word_1_60' title='bbox 790 1273 846 1360; x_wconf 92' lang='lat' dir='ltr'>qui</span> <span class='ocrx_word' id='word_1_61' title='bbox 868 1274 1003 1338; x_wconf 89' lang='lat' dir='ltr'>summis</span> <span class='ocrx_word' id='word_1_62' title='bbox 1023 1275 1146 1339; x_wconf 89' lang='lat' dir='ltr'>meritis</span> <span class='ocrx_word' id='word_1_63' title='bbox 1165 1295 1234 1339; x_wconf 90' lang='lat' dir='ltr'>non</span> 
     </span>
     <span class='ocr_line' id='line_1_10' title="bbox 166 1377 1235 1463; baseline -0.003 -15"><span class='ocrx_word' id='word_1_64' title='bbox 166 1400 293 1448; x_wconf 89' lang='lat' dir='ltr'>tantum</span> <span class='ocrx_word' id='word_1_65' title='bbox 321 1383 405 1447; x_wconf 86' lang='lat' dir='ltr'>cives</span> <span class='ocrx_word' id='word_1_66' title='bbox 423 1402 524 1460; x_wconf 90' lang='lat' dir='ltr'>suos,</span> <span class='ocrx_word' id='word_1_67' title='bbox 552 1377 609 1444; x_wconf 88' lang='lat' dir='ltr'>sed</span> <span class='ocrx_word' id='word_1_68' title='bbox 633 1400 694 1442; x_wconf 89' lang='lat' dir='ltr'>nos</span> <span class='ocrx_word' id='word_1_69' title='bbox 722 1379 817 1442; x_wconf 87' lang='lat' dir='ltr'>etiam</span> <span class='ocrx_word' id='word_1_70' title='bbox 845 1379 958 1443; x_wconf 87' lang='lat' dir='ltr'>seriori</span> <span class='ocrx_word' id='word_1_71' title='bbox 984 1403 1052 1444; x_wconf 84' lang='lat' dir='ltr'>aevo</span> <span class='ocrx_word' id='word_1_72' title='bbox 1072 1382 1235 1463; x_wconf 81' lang='lat' dir='ltr'>viventes,</span> 
     </span>
     <span class='ocr_line' id='line_1_11' title="bbox 166 1471 1235 1576; baseline -0.003 -20"><span class='ocrx_word' id='word_1_73' title='bbox 166 1471 430 1570; x_wconf 77' lang='lat' dir='ltr'>obstrinxerunt,</span> <span class='ocrx_word' id='word_1_74' title='bbox 445 1485 634 1567; x_wconf 84' lang='lat' dir='ltr'>ambitiose,</span> <span class='ocrx_word' id='word_1_75' title='bbox 653 1501 701 1549; x_wconf 89' lang='lat' dir='ltr'>ast</span> <span class='ocrx_word' id='word_1_76' title='bbox 724 1485 863 1574; x_wconf 85' lang='lat' dir='ltr'>inglorio</span> <span class='ocrx_word' id='word_1_77' title='bbox 889 1501 922 1549; x_wconf 92' lang='lat' dir='ltr'>et</span> <span class='ocrx_word' id='word_1_78' title='bbox 944 1509 1060 1575; x_wconf 85' lang='lat' dir='ltr'>pamm</span> <span class='ocrx_word' id='word_1_79' title='bbox 1076 1506 1235 1576; x_wconf 83' lang='lat' dir='ltr'>generoso</span> 
     </span>
     <span class='ocr_line' id='line_1_12' title="bbox 166 1581 1236 1678; baseline -0.002 -19"><span class='ocrx_word' id='word_1_80' title='bbox 166 1593 359 1658; x_wconf 90' lang='lat' dir='ltr'>demortuis</span> <span class='ocrx_word' id='word_1_81' title='bbox 379 1591 566 1678; x_wconf 90' lang='lat' dir='ltr'>triumpho,</span> <span class='ocrx_word' id='word_1_82' title='bbox 582 1590 782 1678; x_wconf 83' lang='lat' dir='ltr'>vituperare,</span> <span class='ocrx_word' id='word_1_83' title='bbox 800 1589 953 1672; x_wconf 89' lang='lat' dir='ltr'>irridere,</span> <span class='ocrx_word' id='word_1_84' title='bbox 972 1593 1127 1657; x_wconf 77' lang='lat' dir='ltr'>lacerare.-</span> <span class='ocrx_word' id='word_1_85' title='bbox 1143 1581 1236 1658; x_wconf 82' lang='lat' dir='ltr'>Desi-</span> 
     </span>
     <span class='ocr_line' id='line_1_13' title="bbox 167 1695 1280 1802; baseline -0.001 -37"><span class='ocrx_word' id='word_1_86' title='bbox 167 1717 247 1764; x_wconf 86' lang='lat' dir='ltr'>nant</span> <span class='ocrx_word' id='word_1_87' title='bbox 263 1699 410 1788; x_wconf 92' lang='lat' dir='ltr'>profecto</span> <span class='ocrx_word' id='word_1_88' title='bbox 429 1696 592 1761; x_wconf 88' lang='lat' dir='ltr'>innocuos</span> <span class='ocrx_word' id='word_1_89' title='bbox 612 1695 698 1759; x_wconf 86' lang='lat' dir='ltr'>falsis</span> <span class='ocrx_word' id='word_1_90' title='bbox 723 1695 913 1760; x_wconf 85' lang='lat' dir='ltr'>criminibus</span> <span class='ocrx_word' id='word_1_91' title='bbox 932 1717 1067 1762; x_wconf 88' lang='lat' dir='ltr'>onerare</span> <span class='ocrx_word' id='word_1_92' title='bbox 1089 1699 1239 1764; x_wconf 87' lang='lat' dir='ltr'>homines</span> <span class='ocrx_word' id='word_1_93' title='bbox 1273 1783 1280 1802; x_wconf 36' lang='grc' dir='ltr'><strong><em>Ι</em></strong></span> 
     </span>
     <span class='ocr_line' id='line_1_14' title="bbox 167 1801 1239 1890; baseline -0.001 -20"><span class='ocrx_word' id='word_1_94' title='bbox 167 1805 305 1886; x_wconf 84' lang='lat' dir='ltr'>eruditi,</span> <span class='ocrx_word' id='word_1_95' title='bbox 318 1803 468 1868; x_wconf 86' lang='lat' dir='ltr'>desinant</span> <span class='ocrx_word' id='word_1_96' title='bbox 479 1802 577 1866; x_wconf 82' lang='lat' dir='ltr'>unius</span> <span class='ocrx_word' id='word_1_97' title='bbox 592 1801 699 1884; x_wconf 86' lang='lat' dir='ltr'>testis,</span> <span class='ocrx_word' id='word_1_98' title='bbox 711 1801 862 1890; x_wconf 89' lang='lat' dir='ltr'>illiusque</span> <span class='ocrx_word' id='word_1_99' title='bbox 876 1819 909 1866; x_wconf 91' lang='lat' dir='ltr'>et</span> <span class='ocrx_word' id='word_1_100' title='bbox 919 1803 1056 1868; x_wconf 89' lang='lat' dir='ltr'>oratoris</span> <span class='ocrx_word' id='word_1_101' title='bbox 1071 1804 1239 1870; x_wconf 86' lang='lat' dir='ltr'>mendacia</span> 
     </span>
     <span class='ocr_line' id='line_1_15' title="bbox 172 1907 1240 2002; baseline 0 -26"><span class='ocrx_word' id='word_1_102' title='bbox 172 1911 340 2002; x_wconf 83' lang='lat' dir='ltr'>lingentis,</span> <span class='ocrx_word' id='word_1_103' title='bbox 356 1925 389 1973; x_wconf 89' lang='lat' dir='ltr'>et</span> <span class='ocrx_word' id='word_1_104' title='bbox 409 1907 579 1972; x_wconf 85' lang='lat' dir='ltr'>adversarii</span> <span class='ocrx_word' id='word_1_105' title='bbox 599 1907 751 1972; x_wconf 85' lang='lat' dir='ltr'>laudibus</span> <span class='ocrx_word' id='word_1_106' title='bbox 769 1908 962 1972; x_wconf 81' lang='lat' dir='ltr'>aemulorum</span> <span class='ocrx_word' id='word_1_107' title='bbox 979 1931 1114 1974; x_wconf 89' lang='lat' dir='ltr'>suorum</span> <span class='ocrx_word' id='word_1_108' title='bbox 1133 1910 1240 1976; x_wconf 79' lang='lat' dir='ltr'>detra-</span> 
     </span>
     <span class='ocr_line' id='line_1_16' title="bbox 169 2011 1239 2098; baseline -0.002 -17"><span class='ocrx_word' id='word_1_109' title='bbox 169 2018 296 2098; x_wconf 89' lang='lat' dir='ltr'>hentis,</span> <span class='ocrx_word' id='word_1_110' title='bbox 315 2015 413 2079; x_wconf 90' lang='lat' dir='ltr'>unico</span> <span class='ocrx_word' id='word_1_111' title='bbox 429 2014 617 2078; x_wconf 88' lang='lat' dir='ltr'>testimonio</span> <span class='ocrx_word' id='word_1_112' title='bbox 631 2029 753 2078; x_wconf 86' lang='lat' dir='ltr'>tantam</span> <span class='ocrx_word' id='word_1_113' title='bbox 770 2011 867 2078; x_wconf 85' lang='lat' dir='ltr'>fidem</span> <span class='ocrx_word' id='word_1_114' title='bbox 883 2014 1019 2096; x_wconf 90' lang='lat' dir='ltr'>habere,</span> <span class='ocrx_word' id='word_1_115' title='bbox 1034 2031 1089 2097; x_wconf 88' lang='lat' dir='ltr'>ut,</span> <span class='ocrx_word' id='word_1_116' title='bbox 1113 2017 1239 2081; x_wconf 88' lang='lat' dir='ltr'>etiamsi</span> 
     </span>
     <span class='ocr_line' id='line_1_17' title="bbox 167 2119 1238 2210; baseline -0.001 -24"><span class='ocrx_word' id='word_1_117' title='bbox 167 2145 266 2188; x_wconf 90' lang='lat' dir='ltr'>nemo</span> <span class='ocrx_word' id='word_1_118' title='bbox 289 2121 370 2186; x_wconf 88' lang='lat' dir='ltr'>alius</span> <span class='ocrx_word' id='word_1_119' title='bbox 389 2119 473 2184; x_wconf 85' lang='lat' dir='ltr'>adsit</span> <span class='ocrx_word' id='word_1_120' title='bbox 497 2135 684 2201; x_wconf 87' lang='lat' dir='ltr'>accusator,</span> <span class='ocrx_word' id='word_1_121' title='bbox 708 2119 870 2207; x_wconf 83' lang='lat' dir='ltr'>nullaeque</span> <span class='ocrx_word' id='word_1_122' title='bbox 891 2121 1100 2208; x_wconf 87' lang='lat' dir='ltr'>proferantur</span> <span class='ocrx_word' id='word_1_123' title='bbox 1118 2122 1238 2210; x_wconf 88' lang='lat' dir='ltr'>proba·</span> 
     </span>
     <span class='ocr_line' id='line_1_18' title="bbox 169 2221 1247 2312; baseline -0.004 -20"><span class='ocrx_word' id='word_1_124' title='bbox 169 2229 289 2308; x_wconf 89' lang='lat' dir='ltr'>tiones,</span> <span class='ocrx_word' id='word_1_125' title='bbox 309 2225 548 2290; x_wconf 83' lang='lat' dir='ltr'>severissimum</span> <span class='ocrx_word' id='word_1_126' title='bbox 564 2221 843 2312; x_wconf 68' lang='lat' dir='ltr'>clarissimumque</span> <span class='ocrx_word' id='word_1_127' title='bbox 856 2222 1006 2289; x_wconf 86' lang='lat' dir='ltr'>ordinem</span> <span class='ocrx_word' id='word_1_128' title='bbox 1019 2227 1161 2291; x_wconf 83' lang='lat' dir='ltr'>maximo</span> <span class='ocrx_word' id='word_1_129' title='bbox 1175 2251 1247 2292; x_wconf 88' lang='lat' dir='ltr'>sce.</span> 
     </span>
     <span class='ocr_line' id='line_1_19' title="bbox 168 2329 1239 2398; baseline 0.001 -1"><span class='ocrx_word' id='word_1_130' title='bbox 168 2335 233 2397; x_wconf 89' lang='lat' dir='ltr'>lere</span> <span class='ocrx_word' id='word_1_131' title='bbox 252 2331 405 2396; x_wconf 87' lang='lat' dir='ltr'>damnare</span> <span class='ocrx_word' id='word_1_132' title='bbox 423 2351 491 2394; x_wconf 90' lang='lat' dir='ltr'>non</span> <span class='ocrx_word' id='word_1_133' title='bbox 508 2344 689 2394; x_wconf 86' lang='lat' dir='ltr'>vereantur.</span> <span class='ocrx_word' id='word_1_134' title='bbox 713 2329 882 2394; x_wconf 90' lang='lat' dir='ltr'>Dilabatur</span> <span class='ocrx_word' id='word_1_135' title='bbox 896 2345 930 2393; x_wconf 88' lang='lat' dir='ltr'>et</span> <span class='ocrx_word' id='word_1_136' title='bbox 945 2330 1093 2396; x_wconf 81' lang='lat' dir='ltr'>funditus</span> <span class='ocrx_word' id='word_1_137' title='bbox 1109 2350 1239 2398; x_wconf 87' lang='lat' dir='ltr'>corruat</span> 
     </span>
     <span class='ocr_line' id='line_1_20' title="bbox 169 2435 1241 2527; baseline 0.003 -25"><span class='ocrx_word' id='word_1_138' title='bbox 169 2461 266 2526; x_wconf 82' lang='lat' dir='ltr'>prava</span> <span class='ocrx_word' id='word_1_139' title='bbox 283 2438 343 2501; x_wconf 87' lang='lat' dir='ltr'>ista</span> <span class='ocrx_word' id='word_1_140' title='bbox 358 2436 488 2526; x_wconf 90' lang='lat' dir='ltr'>opinio,</span> <span class='ocrx_word' id='word_1_141' title='bbox 514 2435 606 2524; x_wconf 88' lang='lat' dir='ltr'>quasi</span> <span class='ocrx_word' id='word_1_142' title='bbox 622 2436 723 2500; x_wconf 86' lang='lat' dir='ltr'>totius</span> <span class='ocrx_word' id='word_1_143' title='bbox 736 2436 819 2515; x_wconf 89' lang='lat' dir='ltr'>juris</span> <span class='ocrx_word' id='word_1_144' title='bbox 842 2435 943 2523; x_wconf 78' lang='lat' dir='ltr'>civilis</span> <span class='ocrx_word' id='word_1_145' title='bbox 966 2437 1058 2527; x_wconf 82' lang='lat' dir='ltr'>origo</span> <span class='ocrx_word' id='word_1_146' title='bbox 1078 2455 1112 2503; x_wconf 89' lang='lat' dir='ltr'>et</span> <span class='ocrx_word' id='word_1_147' title='bbox 1130 2463 1241 2505; x_wconf 84' lang='lat' dir='ltr'>caussa</span> 
     </span>
     <span class='ocr_line' id='line_1_21' title="bbox 168 2538 1241 2627; baseline 0.004 -21"><span class='ocrx_word' id='word_1_148' title='bbox 168 2543 292 2606; x_wconf 86' lang='lat' dir='ltr'>fuerint</span> <span class='ocrx_word' id='word_1_149' title='bbox 306 2540 446 2606; x_wconf 89' lang='lat' dir='ltr'>crudelis</span> <span class='ocrx_word' id='word_1_150' title='bbox 458 2539 651 2604; x_wconf 89' lang='lat' dir='ltr'>dominandi</span> <span class='ocrx_word' id='word_1_151' title='bbox 666 2538 844 2627; x_wconf 86' lang='lat' dir='ltr'>cupiditas,</span> <span class='ocrx_word' id='word_1_152' title='bbox 858 2540 988 2606; x_wconf 89' lang='lat' dir='ltr'>sordida</span> <span class='ocrx_word' id='word_1_153' title='bbox 1004 2544 1152 2627; x_wconf 84' lang='lat' dir='ltr'>avaritia,</span> <span class='ocrx_word' id='word_1_154' title='bbox 1169 2562 1241 2610; x_wconf 88' lang='lat' dir='ltr'>tur-</span> 
     </span>
     <span class='ocr_line' id='line_1_22' title="bbox 168 2646 1241 2740; baseline 0.003 -28"><span class='ocrx_word' id='word_1_155' title='bbox 168 2651 373 2738; x_wconf 83' lang='lat' dir='ltr'>pissimaeque</span> <span class='ocrx_word' id='word_1_156' title='bbox 395 2647 547 2712; x_wconf 85' lang='lat' dir='ltr'>fraudes!</span> <span class='ocrx_word' id='word_1_157' title='bbox 575 2647 753 2711; x_wconf 86' lang='lat' dir='ltr'>Evanescat</span> <span class='ocrx_word' id='word_1_158' title='bbox 775 2646 933 2711; x_wconf 85' lang='lat' dir='ltr'>celebrata</span> <span class='ocrx_word' id='word_1_159' title='bbox 956 2649 1098 2713; x_wconf 85' lang='lat' dir='ltr'>stultitiae</span> <span class='ocrx_word' id='word_1_160' title='bbox 1123 2675 1241 2740; x_wconf 82' lang='lat' dir='ltr'>expro-</span> 
     </span>
     <span class='ocr_line' id='line_1_23' title="bbox 170 2751 1243 2846; baseline 0.002 -26"><span class='ocrx_word' id='word_1_161' title='bbox 170 2756 290 2821; x_wconf 89' lang='lat' dir='ltr'>bratio!</span> <span class='ocrx_word' id='word_1_162' title='bbox 311 2753 361 2818; x_wconf 86' lang='lat' dir='ltr'>Ad</span> <span class='ocrx_word' id='word_1_163' title='bbox 379 2754 500 2818; x_wconf 86' lang='lat' dir='ltr'>bonam</span> <span class='ocrx_word' id='word_1_164' title='bbox 523 2769 665 2816; x_wconf 89' lang='lat' dir='ltr'>mentem</span> <span class='ocrx_word' id='word_1_165' title='bbox 689 2751 839 2833; x_wconf 87' lang='lat' dir='ltr'>redeant,</span> <span class='ocrx_word' id='word_1_166' title='bbox 863 2769 910 2834; x_wconf 88' lang='lat' dir='ltr'>et,</span> <span class='ocrx_word' id='word_1_167' title='bbox 934 2752 1012 2817; x_wconf 91' lang='lat' dir='ltr'>dum</span> <span class='ocrx_word' id='word_1_168' title='bbox 1031 2755 1079 2819; x_wconf 93' lang='lat' dir='ltr'>sol</span> <span class='ocrx_word' id='word_1_169' title='bbox 1103 2757 1137 2819; x_wconf 91' lang='lat' dir='ltr'>in</span> <span class='ocrx_word' id='word_1_170' title='bbox 1153 2760 1243 2846; x_wconf 88' lang='lat' dir='ltr'>apice</span> 
     </span>
     <span class='ocr_line' id='line_1_24' title="bbox 172 2855 1242 2946; baseline 0.002 -21"><span class='ocrx_word' id='word_1_171' title='bbox 172 2877 240 2944; x_wconf 90' lang='lat' dir='ltr'>est,</span> <span class='ocrx_word' id='word_1_172' title='bbox 260 2857 429 2924; x_wconf 89' lang='lat' dir='ltr'>meridiem</span> <span class='ocrx_word' id='word_1_173' title='bbox 447 2873 625 2946; x_wconf 81' lang='lat' dir='ltr'>agnoscant</span> <span class='ocrx_word' id='word_1_174' title='bbox 641 2857 701 2920; x_wconf 90' lang='lat' dir='ltr'>viri</span> <span class='ocrx_word' id='word_1_175' title='bbox 720 2855 827 2939; x_wconf 91' lang='lat' dir='ltr'>docti,</span> <span class='ocrx_word' id='word_1_176' title='bbox 849 2858 876 2921; x_wconf 94' lang='lat' dir='ltr'>si</span> <span class='ocrx_word' id='word_1_177' title='bbox 900 2857 1030 2923; x_wconf 87' lang='lat' dir='ltr'>candidi</span> <span class='ocrx_word' id='word_1_178' title='bbox 1047 2861 1159 2925; x_wconf 90' lang='lat' dir='ltr'>haberi</span> <span class='ocrx_word' id='word_1_179' title='bbox 1182 2887 1242 2927; x_wconf 83' lang='lat' dir='ltr'>vo-</span> 
     </span>
     <span class='ocr_line' id='line_1_25' title="bbox 171 2960 1242 3054; baseline 0.002 -24"><span class='ocrx_word' id='word_1_180' title='bbox 171 2967 265 3048; x_wconf 92' lang='lat' dir='ltr'>lunt,</span> <span class='ocrx_word' id='word_1_181' title='bbox 284 2985 407 3050; x_wconf 92' lang='lat' dir='ltr'>suaque</span> <span class='ocrx_word' id='word_1_182' title='bbox 429 2961 491 3024; x_wconf 88' lang='lat' dir='ltr'>illis</span> <span class='ocrx_word' id='word_1_183' title='bbox 516 2963 601 3025; x_wconf 83' lang='lat' dir='ltr'>fama</span> <span class='ocrx_word' id='word_1_184' title='bbox 627 2960 717 3025; x_wconf 89' lang='lat' dir='ltr'>cordi</span> <span class='ocrx_word' id='word_1_185' title='bbox 737 2978 808 3026; x_wconf 89' lang='lat' dir='ltr'>est:</span> <span class='ocrx_word' id='word_1_186' title='bbox 828 2985 893 3025; x_wconf 87' lang='lat' dir='ltr'>una</span> <span class='ocrx_word' id='word_1_187' title='bbox 919 2986 1033 3028; x_wconf 90' lang='lat' dir='ltr'>omnes</span> <span class='ocrx_word' id='word_1_188' title='bbox 1060 2989 1242 3054; x_wconf 90' lang='lat' dir='ltr'>numquam</span> 
     </span>
     <span class='ocr_line' id='line_1_26' title="bbox 173 3066 1246 3164; baseline 0.003 -28"><span class='ocrx_word' id='word_1_189' title='bbox 173 3073 334 3164; x_wconf 84' lang='lat' dir='ltr'>gloriose,</span> <span class='ocrx_word' id='word_1_190' title='bbox 360 3085 393 3133; x_wconf 90' lang='lat' dir='ltr'>et</span> <span class='ocrx_word' id='word_1_191' title='bbox 412 3069 528 3132; x_wconf 90' lang='lat' dir='ltr'>humili</span> <span class='ocrx_word' id='word_1_192' title='bbox 553 3091 629 3133; x_wconf 91' lang='lat' dir='ltr'>cum</span> <span class='ocrx_word' id='word_1_193' title='bbox 647 3069 705 3151; x_wconf 90' lang='lat' dir='ltr'>iis,</span> <span class='ocrx_word' id='word_1_194' title='bbox 732 3069 789 3157; x_wconf 93' lang='lat' dir='ltr'>qui</span> <span class='ocrx_word' id='word_1_195' title='bbox 808 3091 843 3132; x_wconf 90' lang='lat' dir='ltr'>se</span> <span class='ocrx_word' id='word_1_196' title='bbox 860 3066 1034 3134; x_wconf 87' lang='lat' dir='ltr'>defendere</span> <span class='ocrx_word' id='word_1_197' title='bbox 1057 3087 1246 3161; x_wconf 86' lang='lat' dir='ltr'>nequeunt,</span> 
     </span>
     <span class='ocr_line' id='line_1_27' title="bbox 173 3171 1242 3268; baseline 0.003 -26"><span class='ocrx_word' id='word_1_198' title='bbox 173 3199 302 3268; x_wconf 80' lang='lat' dir='ltr'>pugna,</span> <span class='ocrx_word' id='word_1_199' title='bbox 318 3190 464 3239; x_wconf 85' lang='lat' dir='ltr'>veterum</span> <span class='ocrx_word' id='word_1_200' title='bbox 479 3174 555 3238; x_wconf 82' lang='lat' dir='ltr'>vitia</span> <span class='ocrx_word' id='word_1_201' title='bbox 571 3196 820 3256; x_wconf 84' lang='lat' dir='ltr'>recenseamus,</span> <span class='ocrx_word' id='word_1_202' title='bbox 839 3171 897 3238; x_wconf 87' lang='lat' dir='ltr'>sed</span> <span class='ocrx_word' id='word_1_203' title='bbox 913 3175 1067 3260; x_wconf 85' lang='lat' dir='ltr'>virtutes,</span> <span class='ocrx_word' id='word_1_204' title='bbox 1081 3197 1242 3266; x_wconf 89' lang='lat' dir='ltr'>quantum</span> 
     </span>
     <span class='ocr_line' id='line_1_28' title="bbox 173 3279 1245 3374; baseline 0.003 -26"><span class='ocrx_word' id='word_1_205' title='bbox 173 3304 366 3372; x_wconf 90' lang='lat' dir='ltr'>possumus,</span> <span class='ocrx_word' id='word_1_206' title='bbox 385 3280 551 3344; x_wconf 86' lang='lat' dir='ltr'>imitemur</span> <span class='ocrx_word' id='word_1_207' title='bbox 570 3279 706 3366; x_wconf 14' lang='lat' dir='ltr'>nillomm</span> <span class='ocrx_word' id='word_1_208' title='bbox 737 3283 899 3362; x_wconf 82' lang='lat' dir='ltr'>virorum,</span> <span class='ocrx_word' id='word_1_209' title='bbox 933 3283 990 3370; x_wconf 91' lang='lat' dir='ltr'>qui</span> <span class='ocrx_word' id='word_1_210' title='bbox 1018 3284 1108 3349; x_wconf 89' lang='lat' dir='ltr'>nullo</span> <span class='ocrx_word' id='word_1_211' title='bbox 1138 3289 1245 3374; x_wconf 90' lang='lat' dir='ltr'>pretio</span> 
     </span>
     <span class='ocr_line' id='line_1_29' title="bbox 174 3384 1243 3476; baseline 0.004 -24"><span class='ocrx_word' id='word_1_212' title='bbox 174 3390 300 3470; x_wconf 87' lang='lat' dir='ltr'>nullave</span> <span class='ocrx_word' id='word_1_213' title='bbox 315 3384 463 3451; x_wconf 88' lang='lat' dir='ltr'>mercede</span> <span class='ocrx_word' id='word_1_214' title='bbox 480 3386 584 3450; x_wconf 91' lang='lat' dir='ltr'>allecti</span> <span class='ocrx_word' id='word_1_215' title='bbox 601 3386 725 3451; x_wconf 88' lang='lat' dir='ltr'>miseris</span> <span class='ocrx_word' id='word_1_216' title='bbox 742 3409 838 3474; x_wconf 92' lang='lat' dir='ltr'>opem</span> <span class='ocrx_word' id='word_1_217' title='bbox 855 3388 1070 3476; x_wconf 70' lang='lat' dir='ltr'>praestabant,</span> <span class='ocrx_word' id='word_1_218' title='bbox 1089 3406 1122 3455; x_wconf 90' lang='lat' dir='ltr'>et</span> <span class='ocrx_word' id='word_1_219' title='bbox 1138 3407 1243 3457; x_wconf 83' lang='lat' dir='ltr'>trans·</span> 
     </span>
     <span class='ocr_line' id='line_1_30' title="bbox 175 3493 1246 3588; baseline 0.005 -29"><span class='ocrx_word' id='word_1_220' title='bbox 175 3513 270 3560; x_wconf 79' lang='lat' dir='ltr'>verso</span> <span class='ocrx_word' id='word_1_221' title='bbox 288 3497 361 3559; x_wconf 88' lang='lat' dir='ltr'>l&#39;oro</span> <span class='ocrx_word' id='word_1_222' title='bbox 376 3493 599 3574; x_wconf 88' lang='lat' dir='ltr'>ambulantes,</span> <span class='ocrx_word' id='word_1_223' title='bbox 614 3509 672 3557; x_wconf 90' lang='lat' dir='ltr'>aut</span> <span class='ocrx_word' id='word_1_224' title='bbox 688 3493 779 3558; x_wconf 89' lang='lat' dir='ltr'>domi</span> <span class='ocrx_word' id='word_1_225' title='bbox 794 3493 962 3578; x_wconf 86' lang='lat' dir='ltr'>sedentes,</span> <span class='ocrx_word' id='word_1_226' title='bbox 988 3497 1058 3572; x_wconf 85' lang='lat' dir='ltr'>sinc¹</span> <span class='ocrx_word' id='word_1_227' title='bbox 1080 3497 1147 3562; x_wconf 93' lang='lat' dir='ltr'>ullo</span> <span class='ocrx_word' id='word_1_228' title='bbox 1163 3523 1246 3588; x_wconf 83' lang='lat' dir='ltr'>prae-</span> 
     </span>
     <span class='ocr_line' id='line_1_31' title="bbox 176 3592 1247 3692; baseline 0.005 -28"><span class='ocrx_word' id='word_1_229' title='bbox 176 3601 260 3682; x_wconf 89' lang='lat' dir='ltr'>mio,</span> <span class='ocrx_word' id='word_1_230' title='bbox 279 3599 526 3665; x_wconf 88' lang='lat' dir='ltr'>consulentibus</span> <span class='ocrx_word' id='word_1_231' title='bbox 542 3592 595 3662; x_wconf 88' lang='lat' dir='ltr'>sui</span> <span class='ocrx_word' id='word_1_232' title='bbox 611 3599 739 3689; x_wconf 89' lang='lat' dir='ltr'>copiam</span> <span class='ocrx_word' id='word_1_233' title='bbox 752 3596 931 3682; x_wconf 86' lang='lat' dir='ltr'>faciebant,</span> <span class='ocrx_word' id='word_1_234' title='bbox 949 3623 1024 3665; x_wconf 92' lang='lat' dir='ltr'>cum</span> <span class='ocrx_word' id='word_1_235' title='bbox 1039 3603 1173 3692; x_wconf 88' lang='lat' dir='ltr'>ipsaque</span> <span class='ocrx_word' id='word_1_236' title='bbox 1189 3627 1247 3669; x_wconf 90' lang='lat' dir='ltr'>au·</span> 
     </span>
     <span class='ocr_line' id='line_1_32' title="bbox 178 3701 1247 3795; baseline 0.005 -26"><span class='ocrx_word' id='word_1_237' title='bbox 178 3728 259 3769; x_wconf 84' lang='lat' dir='ltr'>rorae</span> <span class='ocrx_word' id='word_1_238' title='bbox 275 3705 378 3792; x_wconf 88' lang='lat' dir='ltr'>prima</span> <span class='ocrx_word' id='word_1_239' title='bbox 394 3704 466 3768; x_wconf 91' lang='lat' dir='ltr'>luce</span> <span class='ocrx_word' id='word_1_240' title='bbox 478 3703 598 3768; x_wconf 85' lang='lat' dir='ltr'>civium</span> <span class='ocrx_word' id='word_1_241' title='bbox 614 3703 710 3768; x_wconf 89' lang='lat' dir='ltr'>saluti</span> <span class='ocrx_word' id='word_1_242' title='bbox 724 3701 951 3792; x_wconf 85' lang='lat' dir='ltr'>operabantur.</span> <span class='ocrx_word' id='word_1_243' title='bbox 967 3706 1147 3795; x_wconf 88' lang='lat' dir='ltr'>Equidem,</span> <span class='ocrx_word' id='word_1_244' title='bbox 1165 3707 1247 3774; x_wconf 90' lang='lat' dir='ltr'>dum</span> 
     </span>
     <span class='ocr_line' id='line_1_33' title="bbox 178 3809 1247 3900; baseline 0.007 -26"><span class='ocrx_word' id='word_1_245' title='bbox 178 3813 263 3874; x_wconf 88' lang='lat' dir='ltr'>hanc</span> <span class='ocrx_word' id='word_1_246' title='bbox 277 3809 417 3874; x_wconf 86' lang='lat' dir='ltr'>animam</span> <span class='ocrx_word' id='word_1_247' title='bbox 433 3809 660 3897; x_wconf 85' lang='lat' dir='ltr'>reciprocabo,</span> <span class='ocrx_word' id='word_1_248' title='bbox 676 3832 789 3874; x_wconf 86' lang='lat' dir='ltr'>canam</span> <span class='ocrx_word' id='word_1_249' title='bbox 806 3811 1039 3899; x_wconf 88' lang='lat' dir='ltr'>Antiquitatem</span> <span class='ocrx_word' id='word_1_250' title='bbox 1057 3816 1247 3900; x_wconf 85' lang='lat' dir='ltr'>venerabor,</span> 
     </span>
     <span class='ocr_line' id='line_1_34' title="bbox 181 3913 1246 4004; baseline 0.006 -24"><span class='ocrx_word' id='word_1_251' title='bbox 181 3938 287 4004; x_wconf 87' lang='lat' dir='ltr'>neque</span> <span class='ocrx_word' id='word_1_252' title='bbox 303 3914 336 3979; x_wconf 88' lang='lat' dir='ltr'>id</span> <span class='ocrx_word' id='word_1_253' title='bbox 350 3937 434 3979; x_wconf 79' lang='lat' dir='ltr'>coeco</span> <span class='ocrx_word' id='word_1_254' title='bbox 450 3938 561 3980; x_wconf 86' lang='lat' dir='ltr'>amore</span> <span class='ocrx_word' id='word_1_255' title='bbox 577 3913 706 3998; x_wconf 90' lang='lat' dir='ltr'>ductus,</span> <span class='ocrx_word' id='word_1_256' title='bbox 719 3931 776 3980; x_wconf 86' lang='lat' dir='ltr'>aut</span> <span class='ocrx_word' id='word_1_257' title='bbox 791 3915 909 3980; x_wconf 85' lang='lat' dir='ltr'>stolida</span> <span class='ocrx_word' id='word_1_258' title='bbox 924 3919 1091 3982; x_wconf 80' lang='lat' dir='ltr'>vetustatis</span> <span class='ocrx_word' id='word_1_259' title='bbox 1106 3917 1246 3987; x_wconf 85' lang='lat' dir='ltr'>admira·</span> 
     </span>
     <span class='ocr_line' id='line_1_35' title="bbox 181 4021 1249 4113; baseline 0.008 -28"><span class='ocrx_word' id='word_1_260' title='bbox 181 4023 270 4085; x_wconf 89' lang='lat' dir='ltr'>tione</span> <span class='ocrx_word' id='word_1_261' title='bbox 286 4021 462 4108; x_wconf 73' lang='lat' dir='ltr'>abreptus,</span> <span class='ocrx_word' id='word_1_262' title='bbox 477 4042 591 4085; x_wconf 86' lang='lat' dir='ltr'>verum</span> <span class='ocrx_word' id='word_1_263' title='bbox 609 4023 684 4109; x_wconf 86' lang='lat' dir='ltr'>quia</span> <span class='ocrx_word' id='word_1_264' title='bbox 701 4021 833 4103; x_wconf 86' lang='lat' dir='ltr'>abitror,</span> <span class='ocrx_word' id='word_1_265' title='bbox 852 4045 924 4104; x_wconf 90' lang='lat' dir='ltr'>nos,</span> <span class='ocrx_word' id='word_1_266' title='bbox 942 4024 1000 4110; x_wconf 90' lang='lat' dir='ltr'>qui</span> <span class='ocrx_word' id='word_1_267' title='bbox 1021 4047 1039 4088; x_wconf 89' lang='lat' dir='ltr'>a</span> <span class='ocrx_word' id='word_1_268' title='bbox 1061 4026 1173 4113; x_wconf 90' lang='lat' dir='ltr'>priscis</span> <span class='ocrx_word' id='word_1_269' title='bbox 1187 4027 1249 4094; x_wconf 89' lang='lat' dir='ltr'>illis</span> 
     </span>
    </p>

    <p class='ocr_par' dir='ltr' id='par_1_4' title="bbox 254 4131 1122 4215">
     <span class='ocr_line' id='line_1_36' title="bbox 254 4131 1122 4215; baseline -0.005 -23"><span class='ocrx_word' id='word_1_270' title='bbox 254 4131 317 4198; x_wconf 83' lang='lat' dir='ltr'>lll.</span> <span class='ocrx_word' id='word_1_271' title='bbox 345 4143 573 4205; x_wconf 74' lang='lat' dir='ltr'>Cic-paresecunda.</span> <span class='ocrx_word' id='word_1_272' title='bbox 1080 4133 1122 4215; x_wconf 60' lang='lat'>4¹</span> 
     </span>
    </p>
   </div>
   <div class='ocr_carea' id='block_1_3' title="bbox 0 0 1513 4670">
    <p class='ocr_par' dir='ltr' id='par_1_5' title="bbox 0 0 1513 4670">
     <span class='ocr_line' id='line_1_37' title="bbox 0 0 1513 4670; baseline 0 0"><span class='ocrx_word' id='word_1_273' title='bbox 0 0 1513 4670; x_wconf 95' lang='lat' dir='ltr'> </span> 
     </span>
    </p>
   </div>
  </div>
 </body>
</html>
