3020 4668
239 307 310 388 366
562 309 610 375 Μ.
637 309 675 374 Τ.
702 309 976 382 CICERONIS

238 455 331 529 que,
347 430 410 525 qui
428 441 641 511 tumerent,
662 428 885 518 consulares,
903 455 969 526 pro
984 431 1097 504 salute
1112 435 1299 506 communi

240 565 338 612 arma
355 539 551 635 cepissent;
574 559 688 634 quum
709 561 835 609 ornnes
851 555 1038 636 praetores,
1059 557 1188 614 cuncta
1202 543 1299 615 nobi·

237 652 316 722 litas
345 674 386 720 ac
412 649 584 743 juventus
613 663 833 736 accurreret,
860 655 925 720 Cn.
957 664 993 721 et
1020 655 1095 722 L.¹²
1129 655 1297 742 Domitii,

236 765 276 831 L.
288 765 451 844 Crassus,
466 760 511 847 Q.
523 758 682 844 Mucius,
697 762 735 830 C.
751 757 941 845 Claudius,
956 765 1004 830 Μ.
1016 765 1172 851 Drusus;
1185 787 1298 860 quum

237 893 363 942 omnes
380 870 539 953 Octavii,
559 866 715 953 Metelli,
733 867 837 952 Iulii,
862 871 991 956 Cassii,
1008 874 1181 958 Gotones,
1199 877 1298 943 Pom·

237 980 330 1078 peii3
352 995 466 1074 quum
492 981 531 1048 L.
558 976 763 1073 Philippus,
793 982 830 1047 L.
856 980 995 1075 Scipio,
1018 1005 1131 1076 quum
1158 985 1207 1050 M.
1232 989 1298 1054 Le·

237 1088 365 1186 pidus,
384 1111 500 1184 quum
519 1090 564 1158 D.
581 1092 733 1172 Brutus,
751 1111 867 1182 quum
887 1086 946 1158 hic
963 1090 1040 1185 ipse
1057 1092 1092 1158 P.
1112 1091 1298 1178 Serulius,

227 1208 311 1294 'quo
335 1213 374 1268 tu
399 1193 675 1294 imperatore¹³,
698 1195 1084 1288 Labiene,'meruisti;
1107 1225 1222 1296 quum
1242 1200 1299 1272 hic

237 1311 281 1398 Q.
313 1307 486 1392 Catulus,
513 1304 711 1376 admodum
745 1317 825 1376 tum
852 1305 1077 1395 adolescens,
1107 1332 1222 1405 quum
1242 1310 1300 1381 hic

237 1425 276 1494 C.
292 1422 403 1492 Curio
415 1421 456 1507 ¹4,
481 1441 594 1514 quum
611 1415 769 1512 denique
786 1439 913 1486 ornnes
930 1415 1115 1486 clarissimi
1130 1421 1197 1488 viri
1217 1443 1298 1490 cum

236 1529 447 1602 oonsulibus
468 1541 610 1600 essent:
630 1525 720 1623 qnid
739 1525 886 1598 tandem
912 1527 949 1595 C.
973 1525 1159 1597 Rabirium
1185 1527 1299 1600 fauere

235 1639 426 1712 conuenit?
452 1642 585 1710 Utrum
613 1637 792 1708 inclusum
818 1649 928 1732 atque
948 1630 1110 1706 abditum
1132 1639 1241 1710 intem
1261 1645 1299 1710 in

235 1750 397 1838 occulto,
415 1765 529 1845 -atque
558 1749 735 1844 ignaviam
764 1771 866 1817 suam
897 1746 1130 1818 tenebrarum
1163 1775 1206 1820 ac
1239 1775 1299 1847 pa·

236 1863 368 1930 rietum
391 1856 565 1929 custodiis
587 1872 707 1952 tegere
720 1857 803 1926 lan
828 1858 865 1925 in
887 1857 1106 1954 Capitolium
1130 1883 1297 1958 pergere,

236 1985 346 2066 atque
366 1968 416 2038 ibi
435 1993 472 2038 se
494 1989 577 2037 oum
595 1980 659 2034 tuo
680 1979 829 2060 patruo,
853 1979 890 2035 et
904 1968 1053 2050 ceteris,
1066 1967 1110 2038 ad
1125 1983 1300 2054 mortem,

236 2095 386 2177 propper
414 2079 494 2147 ritae
520 2073 786 2170 turpitudinem
805 2072 847 2159 ¹⁵,
872 2074 1185 2174 confugientibus,
1218 2105 1300 2151 con·

151 2189 154 2194 ’
236 2190 408 2286 gregare?
430 2211 475 2258 an
499 2209 584 2256 eum
610 2186 746 2270 stacio,
773 2189 931 2276 Scauro,
961 2187 1112 2273 Catulo,
1136 2191 1297 2278 Metello,

235 2297 417 2382 Scaevola,
447 2319 528 2366 cum
560 2294 666 2365 bonis
694 2293 853 2390 denique
883 2295 1053 2368 omnibus
1082 2301 1200 2386 coire,
1224 2325 1299 2372 non

234 2405 345 2480 modo
366 2405 509 2489 salutis,
527 2427 653 2476 verum
674 2405 785 2474 etiam
805 2405 955 2501 periculi
974 2409 1204 2479 societatem?

284 2520 378 2587 VIII.
402 2519 458 2586 Tu
476 2514 653 2611 denique,
675 2511 849 2602 lobiens,
867 2515 958 2611 quid
977 2514 1113 2608 [acmes
1131 2515 1190 2588 tali
1206 2520 1243 2588 in
1259 2545 1299 2590 re

235 2651 276 2700 ae
302 2624 489 2721 tempore?
503 2649 621 2720 quum
641 2625 790 2720 ignaviae
810 2627 904 2694 ratio
929 2640 965 2696 te
987 2626 1026 2694 in
1047 2624 1166 2722 fugam
1190 2643 1300 2724 atque

237 2737 274 2808 in
300 2733 456 2806 latebras
478 2733 725 2830 impelleret¹3
753 2732 965 2830 improbitas
991 2751 1027 2807 et
1049 2733 1152 2808 furor
1176 2741 1214 2808 L.
1236 2743 1299 2809 Sa-

234 2845 371 2916 turnini
389 2846 427 2914 in
444 2843 664 2940 Capitolium
680 2857 894 2932 arcesseret3
918 2845 1086 2920 ,consules
1111 2847 1157 2918 ad
1178 2852 1300 2945 patriae

235 2957 386 3028 salutem
402 2978 442 3024 oc
457 2952 659 3024 libertatern
674 2969 865 3024 vocarent:
889 2979 1000 3052 quam
1014 2955 1159 3028 tandem
1175 2975 1298 3028 aucto·

234 3067 412 3151 ritatem2,
440 3086 548 3158 quam
577 3087 725 3150 vocem,
750 3061 854 3156 cujus
882 3079 1013 3136 sectam
1044 3069 1170 3162 sequi,
1198 3068 1299 3162 eujus

235 3175 389 3272 imperio
410 3195 535 3270 parere
559 3174 785 3270 potissimum
813 3171 947 3246 velles?
969 3178 1137 3260 Patruus,
1155 3180 1298 3274 inquit,

274 3419 314 3450 12.
328 3399 394 3448 Olim
408 3399 433 3448 C.
452 3411 475 3446 et
494 3401 522 3446 L.
536 3399 644 3448 Domitii.
663 3399 751 3466 Sequi·
792 3401 835 3448 vili
852 3401 917 3451 bello
930 3420 975 3468 pro
990 3403 1082 3452 caesare
1094 3421 1206 3470 pugnans
1218 3407 1299 3471 periit.

236 3499 289 3530 mur
302 3479 413 3542 Pighium
427 3477 459 3524 nd
472 3494 529 3527 ann.
549 3479 609 3526 652.
622 3481 638 3528 J
641 3512 647 3526 .
657 3481 689 3525 V.
703 3479 731 3524 L.
832 3483 870 3529 15.
887 3481 1075 3546 Turpitudinem.
1087 3485 1189 3548 Propter
1210 3486 1300 3548 probn

275 3562 315 3608 ιδ,
333 3561 387 3622 Quo
399 3569 423 3605 tn
436 3556 588 3622 imperatore.
599 3557 625 3604 P.
635 3556 748 3604 Servilios
792 3571 818 3607 et
824 3559 942 3608 dedecora
949 3560 1069 3610 scelerntae
1076 3574 1100 3612 et
1107 3563 1225 3628 improbae
1235 3564 1300 3614 vite.

234 3636 444 3692 &Gliciabellum
452 3635 533 3698 gessit,
540 3636 618 3698 deque
625 3651 652 3683 ea
661 3636 745 3684 trium-
828 3640 898 3686 VIII.
916 3656 938 3686 1.
955 3640 1101 3704 impelleret.
1121 3643 1213 3692 Ernest.
1232 3644 1301 3694 malit

236 3721 333 3788 phorit,
347 3715 426 3780 captis
438 3715 548 3762 maximis
569 3715 620 3774 ejus
640 3716 746 3780 regionis
789 3718 945 3782 compelleret.
960 3721 982 3768 J.
992 3721 1023 3765 V.
1036 3720 1063 3767 t..

236 3799 346 3850 urbibus.
359 3794 452 3850 Ceteri,
465 3807 568 3855 quorum
586 3795 746 3842 nomimant
826 3811 849 3844 o.
881 3797 960 3857 Quom
992 3797 1091 3844 tandem
1121 3799 1300 3850 auctoritatem.

236 3892 290 3930 ante
304 3887 346 3926 aut
356 3877 413 3938 post
427 3872 548 3936 leguntur,
557 3873 668 3922 notiores
680 3885 745 3934 sunt,
789 3875 867 3938 Quem
875 3884 1001 3922 auctorem
1007 3876 1075 3938 sequi
1087 3875 1183 3937 malles,
1192 3879 1299 3926 Saturni·

236 3975 307 4024 quam
321 3967 348 4002 nt
360 3952 492 4016 andquam
501 3953 533 3999 sit
544 3952 692 4002 addendum.
788 3969 893 4011 numne,
906 3969 937 4002 nn
947 3953 1072 4012 eonsules,
1084 3971 1114 4000 an
1128 3956 1301 4020 ignaviam?-

275 4043 312 4089 tt.
328 4034 351 4082 C.
367 4031 450 4080 Curio.
469 4033 539 4080 Pater
555 4032 622 4093 ejus,
644 4033 687 4094 qui
709 4032 743 4078 ci·
787 4033 882 4080 Sectam
895 4031 972 4095 sequi.
985 4033 1007 4078 Α
1018 4031 1127 4096 partibus
1139 4046 1211 4084 sture.
