2934 4680
332 369 525 440 ORATIO
549 371 650 440 PRO
673 374 714 440 A.
742 368 1030 440 CLUENTIO.
1164 367 1214 465 69

191 491 355 560 Primum
366 492 477 590 igitur
489 490 578 564 illud
595 505 666 578 est,
687 517 732 563 ex
749 513 825 588 qno
836 490 985 587 intelligi
1004 491 1134 590 possit,
1151 489 1213 562 de·

145 594 266 670 buisse
284 598 494 672 Cluentium
511 625 731 700 magnopere
748 623 862 672 causae
886 597 1087 690 confidere,
1112 601 1213 698 quod

145 707 350 782 certissimis
361 710 572 783 criminibus
584 726 621 784 et
634 709 786 783 testibus
795 709 907 784 fretus
916 709 961 782 ad
971 709 1212 783 accusandum

142 815 408 892 descenderim.
426 825 504 894 Hoc
522 821 604 894 loco
622 819 825 894 laciendum
844 819 950 908 mihi,
966 820 1124 916 judices,
1143 833 1214 906 est,

142 941 186 998 ut
194 926 299 1000 vobis
311 928 470 1003 breviter
485 931 562 1019 illa,
577 929 711 1028 quibus
725 930 850 1003 Albius
867 928 1128 1002 condemnatus
1141 943 1211 1016 est,

142 1042 295 1113 crimirm
313 1065 505 1138 exponam.
521 1039 594 1114 Abs
611 1057 646 1114 te
665 1057 772 1140 peto,
790 1041 1005 1140 Oppianice,
1026 1055 1068 1111 ut
1081 1063 1140 1112 me
1154 1041 1213 1110 in-

142 1149 257 1220 vitum
271 1148 318 1222 de
337 1151 448 1247 patris
466 1153 519 1222 tui
539 1175 645 1223 causa
663 1151 783 1224 dicere
801 1153 997 1236 existimes,
1017 1147 1213 1220 adductum

130 1255 215 1330 'fide
237 1273 348 1357 atque
369 1257 491 1332 officio
505 1259 761 1334 defensionisr.
776 1251 918 1333 Etenim
937 1258 1003 1330 tibi
1021 1259 1050 1330 si
1069 1259 1108 1328 in
1126 1282 1214 1356 prte-

142 1371 259 1440 sentia
277 1368 478 1442 satisfacere
499 1397 573 1442 non
594 1386 768 1470 potuero,
787 1384 907 1442 tamen
927 1370 1048 1440 multae
1063 1367 1154 1438 mihi
1168 1368 1213 1439 ad

142 1476 433 1552 satisfaciendum
452 1480 594 1579 reliquo
620 1495 784 1578 tempore
802 1477 987 1552 facultates
1005 1476 1213 1548 dabuntur:

141 1587 313 1662 Cluentio
344 1591 412 1691 nisi
436 1615 535 1663 nunc
561 1589 785 1679 satisfecero,
813 1600 940 1689 postea
961 1587 1049 1660 mihi
1075 1584 1212 1666 satisfa-

141 1695 261 1768 ciendi
280 1713 439 1796 potestas
459 1724 535 1771 non
555 1699 633 1771 erit.
652 1701 763 1771 Simul
789 1714 827 1770 et
853 1698 941 1770 illud
961 1701 1044 1796 quis
1068 1712 1122 1770 est
1145 1697 1211 1794 qui

141 1804 310 1880 dubitare
329 1806 476 1898 debeat,
498 1825 624 1882 contra
641 1809 852 1882 damnatum
869 1825 907 1882 et
926 1823 1125 1896 mortuum,
1143 1831 1211 1906 pro

140 1915 338 1990 incolumi⁸
358 1935 394 1992 et
409 1923 489 1992 vivo
507 1920 642 2010 dicere,
660 1945 774 2020 quum
789 1920 857 2010 illi,
880 1923 919 1991 in
937 1943 1046 2019 quem
1063 1917 1211 2002 dicitur,

141 2029 329 2102 damnatio
349 2055 459 2104 omne
485 2033 691 2131 ignominiae
716 2031 944 2131 periculum⁹
959 2032 1033 2127 jam
1052 2027 1209 2100 abstule-

141 2139 205 2228 n't,
224 2165 325 2213 mors
343 2166 431 2215 vero
456 2144 564 2215 etiam
586 2141 740 2230 doloris;
760 2141 846 2214 huic
868 2155 1010 2230 autem,
1042 2163 1109 2238 pro
1133 2161 1209 2234 quo

140 2246 295 2339 dicitur,
315 2250 406 2324 nihil
419 2255 533 2351 possit
547 2249 756 2324 offensionis
774 2243 943 2324 accedere
958 2252 1034 2322 sine
1054 2247 1210 2320 acerbis-

140 2358 234 2430 simo
251 2360 360 2431 animi
378 2386 483 2434 sensu
498 2361 702 2452 acdolore,
721 2377 757 2433 et
776 2362 852 2434 sine
870 2373 1013 2434 summo
1029 2357 1208 2433 dedecore

139 2471 222 2539 vitae
234 2492 278 2541 ac
295 2471 541 2568 turpitudine?
555 2476 693 2569 Atque,
707 2487 749 2544 ut
760 2470 983 2569 intelligatis,
998 2469 1207 2541 Cluentium

140 2603 219 2651 non
230 2583 453 2652 accusatorio
466 2585 605 2670 animo,
620 2607 694 2653 non
714 2583 999 2654 ostentationem
1011 2579 1130 2676 aliqua
1146 2591 1210 2647 aut

141 2758 215 2810 [ὼε
228 2759 428 2811 obtrectationem
438 2763 554 2826 berneiam
564 2753 653 2814 Gesn'e
733 2778 757 2825 9.
771 2761 915 2827 moninio
925 2759 1064 2832 periculum.
1075 2757 1143 2806 Nihil
1155 2758 1205 2818 jem

140 2839 219 2888 meod
226 2839 252 2888 b.
258 2840 277 2888 l.
284 2841 487 2905 monuit,etillud
494 2843 652 2892 animadverti
696 2843 719 2891 ei
736 2842 767 2890 nb
786 2841 885 2890 infamia
899 2839 1056 2888 metuendum
1073 2835 1204 2900 relinquit,

140 2921 198 2968 satie
206 2930 256 2978 eet,
265 2919 304 2969 lais
315 2919 410 2970 duobus
418 2923 503 2987 primia
514 2923 653 2972 oenetimu's
695 2921 817 2987 queue·
824 2918 924 2984 muneri
930 2917 1205 2982 nonpotest.Demneto

140 2999 284 3058 momentis,
293 2999 362 3048 facile
371 3002 469 3050 tertium
479 3001 651 3067 proberi.Vide
695 3001 859 3064 enim,qunm
871 2997 952 3061 eapite
963 2995 995 3045 sit
1008 2995 1150 3052 diminutus,
1159 3007 1205 3040 nec

140 3079 211 3126 etiem
223 3078 329 3143 primam
341 3089 424 3128 notam
436 3079 508 3142 leuius
519 3081 614 3144 eapitis.
693 3081 743 3142 iem
765 3079 829 3126 inter
851 3077 921 3125 viros
933 3075 1064 3132 bebatur,
1087 3073 1135 3119 boe
1148 3071 1204 3136 ipso

174 3157 202 3208 6.
216 3157 382 3206 Desemdern't.
394 3159 456 3207 llam
468 3161 599 3226 exponitur
611 3159 649 3218 id,
693 3158 877 3219 sammullam
883 3159 933 3220 jem
943 3167 979 3206 est
991 3155 1064 3206 deone
1075 3152 1203 3212 tuendum,

140 3251 190 3300 quo
201 3235 374 3300 confirmatur,
386 3239 454 3302 qnod
470 3239 545 3288 modo
558 3237 650 3286 dietum
694 3239 786 3304 quippe
798 3237 867 3302 qnod
880 3236 904 3286 ei
916 3251 988 3285 omne
1000 3233 1090 3284 ademit
1100 3229 1205 3292 ,conde-

140 3315 325 3374 amoeniam
337 3323 451 3381 umquam
459 3317 592 3380 maioribus
601 3318 651 3365 eri·
694 3317 795 3367 mnodo.
812 3321 903 3366 Verum
924 3331 975 3364 non
992 3313 1049 3362 ideo
1072 3311 1152 3360 miseri
1174 3325 1204 3356 ee

141 3393 248 3443 minibus
260 3411 312 3444 esee
322 3395 349 3442 in
360 3395 479 3457 indicium
493 3407 615 3446 temtum.
693 3399 786 3445 mortni
802 3396 871 3444 ruina
883 3394 1056 3453 crescendum,
1069 3391 1136 3458 qnod
1152 3391 1203 3450 iem

175 3489 202 3534 7.
218 3471 309 3542 Officio
316 3471 470 3540 defensionis.
478 3477 558 3539 Qum
566 3476 650 3524 olientl
692 3475 789 3536 abunde
800 3477 831 3523 eit
840 3475 951 3536 infimis,
960 3489 1040 3538 neque
1050 3473 1112 3520 ultre
1125 3467 1206 3535 pouit

141 3553 256 3602 mentio
276 3569 371 3602 servare
397 3553 470 3603 debet
493 3557 598 3617 Cicero,
625 3568 650 3605 et
693 3554 800 3604 defendi.
820 3553 935 3604 Ceterum
948 3553 1037 3618 saepius
1053 3550 1203 3598 heelnore-

142 3633 269 3696 prodaet,
286 3633 451 3698 eiOppieniei
461 3635 537 3699 petris
551 3636 650 3683 en'mine
693 3635 760 3684 tione
770 3633 904 3683 notandum
923 3642 1048 3689 occurret,
1059 3629 1204 3678 Ciceronem

140 3713 259 3762 ”fimi-
693 3713 754 3762 nulli
767 3713 803 3761 rei
816 3713 892 3776 magis
901 3727 974 3776 quem
988 3725 1065 3758 canet
1078 3706 1135 3755 huic
1151 3721 1202 3754 eer-

175 3791 200 3838 8.
218 3790 349 3840 Incolumi.
361 3791 470 3840 Verbum
481 3792 530 3842 boe
542 3792 649 3857 opponi·
694 3794 753 3841 vire.

141 3877 180 3916 tnr
196 3869 361 3928 damnemur
373 3884 419 3933 pro
429 3871 516 3919 Archia
528 3887 534 3918 ε
548 3873 650 3934 «Quum
733 3869 1117 3932 ro.Ostentotione.Utingenium
1125 3877 1205 3915 oeten·

141 3948 254 4008 Gabinii,
273 3964 346 4013 quern
369 3948 413 3997 din
434 3949 564 3998 incolumis
586 3950 650 4010 luit,
696 3961 771 4009 teret3
783 3960 824 3999 ent
837 3951 920 4015 gloriae
932 3947 1046 4014 cupidine
1058 3945 1203 4006 adductum,

140 4025 239 4086 britan,
255 4039 313 4092 poet
328 4027 507 4078 damnationem
529 4028 650 4078 calamitas
695 4047 750 4094 quae
764 4031 865 4092 invenes
883 4029 974 4078 multos
991 4027 1029 4097 ed¹
1042 4025 1206 4093 accusandum

141 4119 236 4156 omnem
249 4107 387 4158 uitulorum
400 4105 473 4158 fldem
483 4109 650 4175 resignasset».
695 4109 799 4175 impulit.
