3020 4666
229 357 1192 382 mmmmmmmmmmmmaumw
1203 341 1293 384 mni!

473 587 1036 740 Ancuunnvuu.

227 851 258 906 P.
269 848 408 908 Servilius¹
416 845 517 906 Rullus
530 845 663 906 tribuum
678 844 772 924 plebis
786 865 876 924 quum
887 865 932 905 eu.
941 851 979 930 U.
992 851 1024 908 C.
1037 849 1110 928 689,
1128 871 1160 910 rv
1170 851 1211 910 id.
1225 851 1288 912 dec.

267 945 464 1022 magistratum
482 945 612 1016 iniisset,
634 945 726 1023 legem
747 945 889 1023 agrariam
905 945 1100 1024 promulgavit
1120 949 1289 1028 plusquam

265 1059 303 1098 xc
324 1040 421 1118 capita
439 1040 620 1117 complexam
649 1038 700 1116 (de
715 1038 770 1116 leg.
791 1042 895 1115 Agrar.
909 1041 974 1111 111,
994 1060 1058 1118 cap.
1077 1039 1115 1119 a).
1142 1044 1290 1123 Praecipua

267 1149 387 1211 autem,
409 1156 534 1216 quorum
557 1137 659 1197 Cicero
679 1136 855 1195 mentionem
877 1136 958 1210 lecit,
984 1138 1100 1196 fuerunt
1117 1141 1171 1200 ista
1184 1139 1200 1198 ε’
1212 1144 1246 1199 1⁰
1259 1155 1290 1202 ut

266 1232 401 1293 tribunus
415 1232 522 1312 plebis,
536 1234 587 1312 qui
601 1253 664 1293 eam
685 1234 775 1310 legem
791 1233 889 1292 tulerit
904 1253 958 1311 per
978 1255 1043 1292 xru
1063 1234 1157 1296 tribus
1172 1237 1290 1298 decem-

264 1330 343 1390 viros
354 1331 523 1409 creetagris
536 1330 720 1403 dividundis,
741 1345 774 1390 ut
786 1349 870 1409 quem
887 1350 992 1390 novem
1007 1331 1098 1392 tribus
1112 1335 1250 1405 fecerint,
1265 1337 1289 1396 is

263 1427 409 1487 decemvir
427 1429 480 1501 sit;
499 1425 532 1485 2⁰
548 1440 581 1486 ut
596 1427 684 1487 iidem
705 1427 805 1486 eodem
823 1427 911 1487 modo
925 1441 1074 1501 creentur,
1093 1449 1152 1508 quo
1166 1434 1289 1493 comitiis

263 1526 415 1602 pontifices
430 1525 567 1597 maximi,
588 1525 696 1583 scilicet
710 1523 840 1604 pontifex
853 1545 928 1583 max.
942 1525 1010 1584 item
1025 1545 1083 1584 non
1101 1527 1138 1586 ab
1152 1529 1288 1589 omnibus

263 1621 415 1695 tribubus,
435 1621 485 1681 sed
507 1635 655 1680 tantuma
680 1621 884 1700 septemdecim
906 1634 985 1681 sorte
1007 1621 1101 1682 durtis
1118 1625 1288 1701 creabatur,

264 1717 299 1776 3⁰
312 1731 345 1777 nt
364 1719 426 1796 lege
444 1719 554 1778 catriata
570 1718 725 1777 decemviri
739 1729 893 1791 omentur;
910 1717 939 1777 h.
960 1739 986 1777 e.
1008 1733 1041 1778 ut
1060 1719 1094 1779 iis
1114 1721 1144 1778 in
1165 1723 1288 1783 comitiis

263 1815 379 1874 cunnus
395 1814 541 1874 tribuatur
560 1815 714 1894 imperium
730 1814 870 1894 militare,
898 1827 928 1873 et
945 1835 1010 1893 quae
1032 1815 1069 1874 ad
1089 1817 1161 1876 illud
1180 1839 1287 1896 geren-

261 1909 331 1968 dum
355 1910 516 1970 necessaria
536 1911 609 1982 sint,
625 1910 806 1988 assignentur
827 1910 918 1990 (quod
935 1930 1024 1989 genus
1039 1927 1122 1973 erant
1138 1917 1287 1994 apparito-

262 2027 324 2081 res,
340 2006 456 2082 scribae,
475 2027 641 2086 praecones,
662 2008 747 2079 muli,
770 2007 985 2087 tabernacula);
1010 2025 1100 2088 utque
1114 2031 1176 2072 eam
1193 2014 1286 2092 legem
1419 2085 1422 2094 .

261 2118 370 2184 praetor
383 2105 472 2179 ierat,
483 2105 534 2183 qui
546 2105 657 2183 primus
670 2117 779 2183 praetor
790 2106 880 2163 lactus
896 2106 950 2178 sit;
964 2107 1009 2164 sin
1022 2107 1047 2164 is
1062 2108 1137 2168 serre
1150 2130 1210 2168 non
1223 2131 1287 2190 poa·
1402 2150 1406 2155 -

261 2203 314 2277 ait,
334 2206 385 2282 qui
410 2216 593 2282 postremus,
615 2203 660 2262 siu
682 2217 777 2262 autem
797 2205 889 2282 legem
913 2225 1009 2284 neque
1030 2207 1140 2285 primus
1167 2223 1284 2288 praetor,

260 2319 355 2379 neque
369 2311 531 2378 postremus
546 2299 656 2371 tulerit,
674 2312 705 2358 ut
718 2300 743 2357 si
756 2299 832 2356 lorte
845 2299 1049 2360 intercessione
1068 2301 1222 2378 tribunus,
1236 2321 1287 2367 aut

260 2398 442 2477 magistratus
457 2397 530 2456 alius
542 2395 677 2474 auspiciis
689 2396 805 2454 comitia
817 2395 999 2475 impedierit,
1021 2411 1054 2457 ut
1071 2397 1225 2460 decemviri
1243 2416 1286 2462 ta-

259 2513 326 2553 men
347 2493 449 2553 eodem
470 2493 536 2571 jure
557 2493 630 2565 sint,
646 2511 732 2570 quam
752 2492 804 2570 qui
824 2493 934 2571 optima
953 2494 1032 2571 lege;
1055 2491 1088 2562 4⁰
1102 2508 1147 2568 ut,
1163 2500 1285 2577 auspicii

260 2591 440 2650 coloniarum
450 2589 683 2650 deducendarum
693 2609 788 2662 causa,
796 2590 935 2668 pullarios
944 2589 1139 2670 habeant(qui
1151 2615 1186 2653 ex
1198 2597 1285 2675 pullis

259 2687 437 2768 gallinaceis,
452 2687 503 2766 qui
518 2687 548 2745 in
564 2705 652 2746 cavea
665 2685 829 2759 alebantur,
846 2687 968 2765 jubente
984 2687 1173 2768 imperatore,
1186 2693 1232 2750 vel
1247 2715 1283 2752 ec

258 2784 389 2861 quicum
403 2797 544 2862 potestate
558 2796 635 2851 erat,
649 2783 809 2861 auspicium
824 2782 1007 2859 captabant),
1029 2783 1132 2843 eodem
1143 2786 1210 2864 jure
1223 2809 1282 2866 quo

258 2880 413 2941 habuerint
426 2881 540 2940 tresviri
553 2882 616 2958 lege
628 2880 798 2960 Sempronia
811 2878 932 2958 (seilicet
943 2881 1054 2958 agrum
1066 2881 1132 2940 Tib.
1143 2885 1282 2959 Gracchi,

258 2999 323 3057 quae
339 2993 435 3038 tamen
454 2999 514 3038 non
530 2987 573 3037 eat
592 2979 719 3056 perlata,
741 2997 779 3035 ne
795 2977 860 3055 quis
876 2977 937 3054 agri
952 2979 1119 3056 plusquam
1141 3003 1161 3038 n
1179 2980 1283 3062 jugera

257 3075 434 3156 possideret,
447 3087 476 3134 et
488 3088 521 3134 ut
534 3074 648 3132 tresviri
664 3085 831 3132 crearentur
846 3073 897 3151 qui
911 3093 995 3152 agros
1006 3073 1086 3154 plebi
1100 3074 1282 3155 dividerent,

257 3193 331 3252 quos
343 3173 408 3252 qnia
419 3172 497 3231 ultra
507 3171 593 3229 istum
607 3189 760 3229 nnmerum
771 3169 959 3249 possideret);
976 3169 1008 3230 5⁰
1019 3185 1049 3231 ut
1061 3172 1146 3233 liceat
1159 3177 1201 3236 eis
1214 3199 1284 3238 ven·

255 3268 326 3329 dere
341 3269 438 3328 omnia
454 3267 491 3326 de
504 3265 611 3346 quibus
624 3265 782 3325 vendendis
800 3269 874 3326 SCta
895 3267 971 3326 lacta
988 3269 1046 3328 sint
1060 3274 1098 3328 M.
1110 3273 1207 3333 Tullio
1224 3279 1279 3336 De·

256 3353 331 3442 cula,
346 3369 399 3426 Cn.
412 3364 549 3426 Cornelio
563 3361 714 3424 Dolabella
725 3383 797 3422 cosa.
813 3363 871 3444 (an.
884 3369 922 3425 U.
936 3369 968 3425 C.
983 3365 1068 3446 672),
1082 3369 1190 3448 quique
1206 3376 1282 3452 agri,

255 3483 320 3542 qua
330 3465 410 3537 loca,
423 3481 489 3542 ane
502 3459 635 3531 aedificia,
647 3460 762 3520 aliudve
774 3461 845 3539 quid
857 3474 940 3521 extra
952 3464 1077 3538 ltaliam,
1089 3467 1168 3544 quod
1181 3469 1282 3547 publi-

257 3579 323 3619 cum
344 3560 447 3639 populi
463 3559 576 3618 romani
592 3547 699 3616 iscium
721 3557 758 3616 sit
776 3561 809 3616 1.
823 3557 961 3618 Cornelio
977 3561 1124 3636 Sulla,'Q.
1139 3567 1279 3644 Pompeio

252 3657 334 3715 linio
348 3677 421 3718 coss.
436 3657 494 3736 (an.
505 3662 543 3717 ll.
555 3654 684 3734 (1.665),
698 3668 748 3715 ant
758 3667 874 3734 postea3
888 3657 923 3714 6⁰
937 3671 969 3716 ut
980 3658 1066 3718 liceat
1077 3660 1117 3718 eis
1132 3662 1279 3738 vectigalia

256 3751 287 3811 in
302 3752 364 3830 lege
377 3753 538 3827 nominata,
551 3772 709 3831 omnesque
723 3771 808 3830 agros
822 3751 955 3832 publicos
974 3767 1057 3814 extra
1076 3756 1189 3816 Italiam
1207 3779 1279 3818 ven-

255 3847 342 3920 dere,
361 3846 586 3924 autiisvectigal
597 3849 761 3927 imponere,
779 3849 911 3908 cumbae
930 3862 1025 3910 umen
1037 3845 1226 3931 exceptione,
1240 3875 1278 3916 ne

255 3946 377 4026 vectigal
393 3946 559 4023 imponatur
572 3965 641 4025 agro
654 3948 686 4006 iu
700 3946 796 4010 Sicilia
805 3948 1006 4017 Recentorico,
1015 3967 1088 4008 neve
1099 3951 1120 4010 ii
1132 3954 1192 4030 agri
1204 3975 1278 4014 ven-

255 4045 371 4115 dentur,
382 4040 534 4121 dequibus
544 4040 652 4104 saedere
663 4057 780 4105 cautum
791 4044 844 4118 sit,
855 4057 885 4104 et
899 4057 931 4103 ut
940 4045 1068 4124 cognitio
1082 4047 1278 4117 decemvirum
