2912 4654
240 399 306 472 13ss
556 401 604 469 M.
631 402 670 466 T.
697 399 977 470 CICERONIS

232 521 278 594 de
294 522 456 620 pecuniis
473 519 703 618 repetundis,
722 519 803 590 lites
819 533 938 590 essent
955 519 1155 603 estimatae3
1178 531 1215 587 et
1231 517 1306 590 hoc

233 629 395 731 quotidie
409 629 487 701 lieri
504 628 686 718 videmus,
715 643 774 717 ut,
796 653 860 700 reo
881 627 1052 698 damnato
1072 625 1118 696 de
1138 628 1305 723 pecuniis

231 739 463 840 repetundis,
490 740 535 811 ad
560 764 653 836 quos
681 742 884 838 pervenisse
914 739 1084 836 pecunias
1111 740 1148 806 in
1179 735 1304 808 litibus

231 851 447 924 aestimandis
471 865 644 923 statutum
669 853 733 939 sit,
764 875 826 921 eos
852 848 905 920 illi
923 847 1063 943 judices
1083 845 1301 918 absolvant:

232 961 335 1060 quod
354 985 467 1059 quum
495 959 556 1050 fit,
580 985 656 1032 non
684 961 817 1057 judicia
845 957 1119 1044 rescinduntur,
1145 957 1209 1028 sed
1231 959 1303 1030 hoc

230 1073 417 1160 statuitur,
447 1073 718 1142 estimationem
755 1070 874 1140 litium
900 1095 977 1140 non
1009 1091 1085 1140 csse
1113 1068 1302 1162 judicium.

231 1178 386 1253 Scaevola
407 1181 669 1252 condemnatus
696 1195 751 1252 est
772 1181 849 1251 aliis
879 1178 1108 1268 criminibus,
1130 1177 1303 1276 frequen·

230 1293 374 1363 tissimis
392 1289 532 1389 Apuliae,
541 1290 704 1362 testibus.
728 1294 837 1362 Omni
851 1293 1085 1362 contentione
1101 1305 1303 1388 pugnatum
1340 1325 1343 1330 ·

231 1415 350 1489 est,ut
369 1401 411 1471 lis
424 1400 499 1471 haec
509 1401 634 1498 capitis
643 1402 886 1472 aestimaretur.
906 1403 1068 1490 Quaeres
1090 1403 1120 1470 si
1140 1393 1193 1472 rei
1204 1399 1304 1494 judi-

231 1527 317 1583 catae
333 1512 478 1610 pondus
494 1511 694 1595 habuisset,
711 1511 769 1583 ille
785 1527 907 1609 postea
922 1511 977 1581 vel
992 1507 1138 1596 iisdem,
1153 1509 1210 1580 vel
1226 1509 1305 1579 aliis

229 1621 400 1708 inimicis,
415 1643 498 1691 reus
510 1621 578 1692 hac
596 1623 674 1718 lege
687 1623 765 1719 ipsa
775 1619 807 1665 ¹⁶
824 1619 938 1692 factus
954 1636 1057 1692 esset.

278 1733 385 1802 xLss.
407 1733 578 1828 Sequitur
602 1730 659 1814 id,
682 1731 781 1829 quod
814 1731 863 1802 illi
891 1730 1069 1826 judicium
1098 1730 1304 1824 appellant,

230 1841 385 1937 majores
404 1855 525 1912 autem
540 1844 655 1912 nostri
673 1865 874 1938 numquam
898 1865 1018 1937 neque
1032 1838 1209 1933 judicium
1235 1861 1303 1908 no-

208 2005 209 2012 ,
230 1951 431 2037 minarunt,
453 1973 572 2048 neque
597 1951 769 2048 perinde,
791 1965 832 2019 ut
851 1973 926 2020 rem
940 1949 1155 2045 judicatam,
1173 1947 1303 2020 obser·

228 2073 421 2147 taverunt,
446 2059 705 2130 animadversio
736 2075 844 2156 atque
867 2059 1061 2130 auctoritas
1100 2059 1265 2130 censoria
1279 2069 1304 2127 ¹.

227 2172 307 2261 Qua
329 2169 375 2242 de
392 2195 432 2240 re
446 2185 640 2267 antequam
653 2172 788 2267 incipio
799 2181 827 2256 ²,
844 2193 1026 2268 perpauca
1048 2169 1135 2240 mihi
1153 2167 1198 2238 de
1218 2193 1305 2239 meo

228 2278 350 2351 officio
370 2279 478 2351 verba
503 2278 670 2352 faciunda
691 2296 796 2368 sunt,
826 2295 867 2350 ut
888 2305 908 2350 a
929 2305 987 2349 me
1011 2305 1125 2376 quum
1150 2279 1306 2375 hujusce

228 2385 416 2486 periculi3,
445 2405 523 2460 tum
540 2405 743 2462 ceterorum
763 2413 911 2488 quoque
931 2387 1136 2460 officiorum
1156 2403 1193 2460 et
1217 2393 1308 2458 ami-

226 2501 393 2571 citiarum
403 2504 492 2570 ratio
502 2517 713 2572 conservata
727 2525 802 2584 esse¹
818 2499 1095 2570 videatur.Nan1
1111 2497 1202 2568 mihi
1217 2523 1306 2569 cum

225 2611 311 2680 viris
328 2607 517 2695 sortibusl,
539 2613 602 2708 qui
619 2635 787 2682 censores
804 2611 968 2708 proxime
986 2607 1156 2696 luemnt,
1175 2609 1305 2679 ambo·

225 2718 295 2790 bus
319 2736 372 2790 est
393 2721 548 2791 amicitia
571 2749 578 2792 :
600 2747 682 2792 cum
702 2719 815 2794 altero
835 2744 921 2791 vero
938 2719 1054 2814 (sicut
1074 2736 1110 2790 et
1135 2719 1304 2818 plerique

226 2844 385 2902 vestrum
403 2830 550 2922 sciunt)
581 2855 732 2928 magnus
758 2855 864 2914 usus,
882 2842 920 2900 et
944 2851 1085 2898 summa
1109 2828 1305 2924 utriusque

227 2938 355 3014 officiis
373 2943 568 3012 constituta
579 2939 809 3012 necessitudo
824 2953 887 3009 est.
903 2941 1043 3028 Quare,
1061 2935 1241 3034 quidquid
1255 2937 1305 3008 de

263 3111 302 3159 ιθ.
317 3111 373 3158 Hae
382 3111 434 3176 lege
444 3111 505 3174 ipsa.
520 3109 557 3157 De
567 3109 689 3174 corruptis
701 3111 738 3170 ju·
783 3108 826 3154 mii
840 3107 906 3166 vice,
920 3117 947 3154 ut
961 3107 1117 3154 facitffieero
1131 3121 1177 3170 pro
1186 3107 1305 3156 etumttu

223 3189 332 3248 dinibus,
340 3201 363 3236 et
373 3205 428 3253 quse
437 3191 463 3237 in
474 3190 618 3255 Septimium
628 3188 738 3245 usdebst,
785 3187 894 3234 dicturus
903 3197 989 3234 contra
999 3201 1127 3245 censores,
1139 3199 1187 3236 ete.
1199 3207 1210 3230 ι

224 3269 365 3334 utpotejam
374 3269 482 3332 corrupti
490 3269 578 3330 iudicii
589 3265 736 3316 damnatum.
818 3267 845 3314 3.
857 3265 960 3331 Hrp'rrsce
965 3265 1078 3331 perterrti.
1088 3265 1126 3312 Ne
1137 3266 1251 3315 Cluentio
1258 3281 1305 3314 no·

260 3347 337 3395 xn11.
352 3363 374 3394 t.
389 3346 469 3407 Olim,
482 3347 737 3395 «animadversionem
782 3357 834 3394 cest
851 3345 967 3393 censorias
984 3345 1203 3394 animadversionis
1216 3359 1303 3392 exeus-

223 3425 737 3490 stquseuctoritsterneeneoriam».Ernest.
782 3425 860 3490 plum.

223 3506 332 3571 sequitur
342 3507 492 3555 Munatium.
504 3507 529 3557 J.
539 3507 571 3556 V.
587 3509 614 3554 L.
818 3511 841 3559 t.
859 3503 918 3552 orm
931 3502 994 3550 viris
1001 3500 1122 3566 fhrtibns.
1141 3501 1207 3550 infru
1221 3504 1303 3549 nani-

260 3588 434 3650 n.Antequem
445 3585 542 3650 incipio.
556 3587 632 3634 Multi
642 3583 738 3632 addunt
782 3591 871 3630 nsntur
898 3584 944 3632 Cn.
967 3581 1084 3630 Lentulus
1107 3593 1131 3630 ct
1155 3585 1183 3630 L.
1205 3581 1304 3630 Gellius

224 3685 236 3706 a
246 3663 326 3713 tlioers
337 3685 359 3713 ι.
373 3666 432 3713 Haec
443 3665 509 3714 adh.
522 3665 539 3714 l.
550 3663 651 3712 adnotat
660 3661 739 3725 Quin·
781 3677 894 3710 censores
905 3677 971 3708 suno
980 3661 1042 3719 683,
1053 3663 1172 3727 Pompeio
1181 3661 1304 3710 etssrssso

224 3742 301 3793 tillsn.
312 3745 361 3792 IV:
373 3745 483 3792 «Praetcr
492 3743 519 3790 id
531 3741 658 3791 exordium
670 3741 737 3805 qnod
783 3757 848 3789 coss.
868 3739 907 3788 lili
924 3755 986 3788 uxrv
1003 3753 1128 3789 senatores
1143 3743 1201 3790 loco
1217 3757 1306 3789 move-

224 3831 261 3870 est
273 3824 348 3870 totius
362 3825 494 3880 orationis,
512 3822 587 3870 multe
603 3835 667 3884 sepe
681 3831 737 3868 sunt
782 3832 840 3868 runt
858 3821 924 3868 inter
944 3833 1007 3884 quos
1024 3821 1065 3873 isti
1087 3821 1130 3884 qui
1151 3839 1165 3869 ι
1185 3821 1303 3869 Cluentio

224 3901 249 3948 iu
259 3899 343 3949 eudem
357 3903 468 3950 oratione
478 3900 607 3966 specialia3
621 3899 641 3948 si
656 3897 736 3947 multi·
781 3899 857 3965 erupti
869 3898 1021 3956 dicebantur,
1031 3909 1055 3946 ct
1067 3901 1186 3950 Lentulus
1197 3903 1258 3948 Sura
1274 3917 1304 3948 ao

223 3977 359 4041 plexesuss
371 3990 419 4040 est,
429 3995 471 4028 sus
480 3979 617 4044 quibusque
628 3977 738 4042 partibus
782 3980 878 4037 Curius,
892 3979 934 4044 qui
949 3989 1032 4044 postes
1049 3993 1104 4027 oum
1118 3979 1224 4029 Catilina
1239 3995 1302 4028 con-

226 4053 305 4102 dands
320 4057 432 4119 praefatio
447 4069 503 4106 eet..
515 4092 522 4103 .
533 4090 557 4104 ..
575 4057 621 4104 Sed
637 4057 663 4103 ln
679 4055 739 4120 ipsis
780 4059 908 4118 jursmnt,
922 4073 951 4104 ec
960 4058 988 4105 C.
999 4057 1123 4107 Antonius
1132 4059 1262 4109 OEeeronis
1277 4059 1303 4107 ln

223 4133 411 4196 probationibus
426 4137 499 4184 inulte
513 4137 649 4200 funguntur
658 4149 740 4199 prote·
783 4137 911 4184 consulatu
921 4135 1023 4198 collega.
