3020 4666
553 414 938 485 ARGUMENTUM.
1210 416 1280 502 243

252 541 400 614 nationes,
414 537 596 618 provincias,
611 555 700 616 regna
722 535 954 596 decemvirorum
974 535 1095 610 ditioni,
1114 539 1227 616 jndicio
1252 556 1281 602 et

251 636 390 718 potestati
400 632 529 713 permitti
544 645 574 690 et
586 631 762 702 condonari,
777 631 1035 705 14-17.Accedere
1048 635 1128 712 quod
1142 639 1221 697 nulli
1234 641 1281 702 lex

252 733 404 813 vectigalia
424 728 527 810 populi
546 729 660 788 romani
680 729 781 801 tollat,
802 741 831 788 et
844 749 950 788 nervos
967 731 1136 809 reipublice
1154 735 1281 807 incidat,

254 833 365 901 rss-ao;
383 826 463 906 quod
477 825 649 884 decemviris
666 825 861 903 permittatur,
878 836 912 882 ut
929 845 1014 901 agros
1027 839 1058 884 et
1075 828 1197 889 aeditieia
1211 851 1282 892 veu-

251 924 585 1005 dant,'quibuscumque
599 921 630 981 iu
646 921 718 982 locis
735 920 887 995 videatur,
912 933 946 980 ut
967 942 1066 982 omues
1089 945 1175 1004 agros
1197 943 1281 989 extra

250 1025 366 1085 ltaliam
389 1022 502 1083 infinito
523 1041 560 1080 ex
579 1033 712 1098 tempore
728 1019 856 1080 vendant
876 1019 886 1100 (
895 1019 927 1077 iu
942 1039 1002 1098 quo
1022 1020 1132 1100 duplex
1148 1028 1281 1105 exceptio

251 1115 313 1202 agri
323 1123 354 1181 in
369 1121 467 1181 Sicilia
481 1118 678 1203 Recentorici,
687 1131 718 1176 et
730 1137 868 1197 agrorum
880 1117 917 1178 de
930 1116 1036 1196 quibus
1047 1120 1157 1181 loedere
1165 1139 1282 1196 cantiam

251 1222 297 1294 sit,
308 1217 518 1296 dijudicatur),
531 1237 578 1291 ar,
596 1237 650 1291 αις
668 1215 748 1296 quod
763 1235 882 1290 aurum,
900 1231 1051 1296 argeutum
1063 1239 1099 1278 ex
1117 1221 1231 1299 prada,
1246 1244 1282 1283 ex

251 1315 412 1387 manubiis,
425 1335 462 1374 ex
473 1333 545 1373 auro
561 1313 771 1386 eoronario,ad
782 1333 981 1392 quoscumque
989 1319 1171 1396 pervenerit,
1187 1339 1282 1399 neque

251 1415 375 1474 relatum
393 1413 430 1472 sit
451 1413 483 1471 iu
507 1411 672 1491 publicum,
686 1431 783 1491 neque
805 1412 836 1470 iu
854 1428 1044 1472 monumento
1059 1431 1281 1495 consumptum,

249 1513 443 1592 imperatores
456 1510 535 1590 apud
548 1510 730 1570 decemviros
741 1511 887 1591 profiteri,
903 1523 934 1569 et
945 1509 983 1570 ad
998 1529 1048 1570 eos
1064 1514 1175 1573 referre
1185 1514 1282 1593 jusse-

250 1609 305 1683 rit;
329 1611 360 1667 in
376 1621 436 1688 qno
452 1607 506 1668 etsi
526 1607 698 1686 Pompeium
715 1607 875 1688 exceperit,
893 1619 991 1668 tamen
1005 1627 1095 1687 qtrum
1108 1611 1231 1686 navent,
1249 1627 1282 1672 ut

250 1708 274 1767 si
291 1725 350 1786 qua
362 1705 487 1786 pecnnia
499 1705 621 1784 posthac
635 1725 672 1764 ex
690 1707 776 1764 novis
794 1705 985 1785 vectigalibus
1000 1707 1167 1786 recipiatur,
1182 1727 1216 1768 ea
1230 1709 1283 1769 de·

250 1803 369 1863 oemviri
381 1815 511 1877 utantur,
522 1803 607 1862 simul
622 1802 709 1891 etiam
724 1802 851 1862 remissis
864 1804 1004 1882 Pompeio
1015 1804 1174 1876 manubiis,
1185 1817 1283 1867 tamen

249 1901 400 1981 vectigalia
421 1900 482 1978 ejus
504 1900 611 1959 virtute
629 1913 719 1980 parta,
731 1900 902 1960 decemviris
919 1899 1124 1976 attribuantur,
1149 1905 1196 1962 aa.
1216 1909 1281 1964 Jam

250 2019 341 2078 quum
356 2000 405 2058 lex
419 1999 499 2057 llulli
512 2000 624 2077 agraria
637 1995 739 2074 jubeat
752 1997 890 2058 immensa
901 1998 956 2058 ista
970 1999 1095 2077 pecunia
1107 2019 1191 2079 agros
1207 2003 1281 2074 emi,

249 2117 309 2176 qno
330 2097 430 2155 coloni
449 2115 486 2154 ex
509 2095 595 2175 plebe
616 2113 738 2154 romana
760 2095 951 2168 deducantur,
973 2097 1070 2174 primo
1091 2098 1281 2176 reprehendit

249 2206 350 2254 orator
367 2214 421 2252 nee
437 2193 533 2253 locum
546 2206 576 2252 et
591 2191 677 2250 sitnm
695 2210 846 2270 agrorum,
870 2205 1049 2268 aequavero
1061 2205 1197 2254 naturam
1212 2193 1282 2253 defi-

155 2331 157 2334 ·
249 2292 319 2365 niri;
335 2292 433 2369 itaque
447 2291 518 2349 alios
531 2303 565 2348 nt
577 2289 710 2349 Sullanos
726 2307 826 2365 agros,
839 2300 961 2367 propter
971 2288 1126 2363 invidiam,
1142 2291 1213 2350 alios
1225 2311 1281 2350 au-

250 2402 308 2447 tem
318 2387 442 2446 incultos
452 2399 576 2466 propter
585 2386 776 2454 sterilitatem,
785 2385 857 2445 alios
865 2397 963 2443 vastos
972 2403 1005 2444 aa
1016 2384 1147 2446 desertos
1158 2402 1281 2467 propter

247 2485 441 2565 pestilentiam
455 2483 607 2562 fugiendos
622 2503 683 2542 esse
695 2481 839 2551 ostendit,
853 2481 978 2560 ideoque
989 2482 1124 2543 hortatur
1133 2485 1279 2560 Quirites,

249 2598 281 2643 ut
300 2583 397 2662 potius
420 2583 505 2641 istam
522 2582 733 2660 possessiouem
751 2583 862 2658 gratiae,
880 2579 1037 2656 libertatis,
1059 2583 1279 2661 suffragiorum,

250 2680 409 2760 dignitatis,
420 2678 503 2738 urbis
510 2723 518 2752 ,
530 2679 596 2753 lori,
612 2678 766 2753 ludorum,
780 2678 920 2737 festorum
931 2677 1047 2737 dierum
1058 2692 1280 2759 ceterorumque

247 2778 466 2838 commodorum
483 2778 639 2851 retineant,
658 2796 745 2855 qnam
766 2775 874 2836 relictis
895 2777 940 2835 his
960 2776 1049 2836 rebus
1072 2779 1103 2835 in
1125 2780 1280 2857 Sipontina

248 2876 391 2948 siccitate,
406 2888 457 2933 ant
469 2875 498 2933 in
513 2874 716 2953 Salapiuorum
728 2871 898 2952 pestilentie
908 2871 1030 2948 linibus,
1041 2873 1130 2933 Rullo
1144 2873 1233 2945 duee,
1247 2895 1278 2936 se

249 2973 386 3033 collocari
401 2973 559 3051 patiantur,
574 2979 673 3044 ιιι-η.
692 2970 827 3048 Denique
848 2983 948 3029 monet
967 2983 1001 3028 ut
1022 2972 1165 3048 cogitent,
1188 2991 1279 3050 quum

248 3071 405 3132 decemviri
426 3090 463 3128 ex
476 3068 538 3147 lege
551 3069 665 3146 agraria
679 3086 794 3126 omnem
809 3066 978 3145 pecuniam,
1004 3079 1152 3146 totamque
1165 3069 1279 3130 Italiam

248 3169 306 3229 suis
321 3166 427 3247 opibus
443 3165 590 3224 obsessuri
608 3164 679 3238 sint,
695 3165 858 3243 perieulum
881 3182 958 3234 esse,
984 3183 1021 3222 ue
1041 3183 1156 3224 omnem
1174 3167 1279 3247 populi

247 3266 413 3325 libertatem
429 3262 488 3321 suis
510 3260 651 3340 presidiis
674 3274 704 3319 et
723 3259 845 3319 coloniis
861 3271 978 3319 teneant
999 3261 1206 3337 interclusam,
1229 3266 1278 3326 nt.

246 3361 335 3438 Quod
357 3373 454 3420 autem
477 3359 580 3418 Rullus
603 3359 665 3436 lege
683 3377 736 3417 sua
753 3377 855 3436 agrurn
872 3361 1050 3436 Campanum
1068 3360 1278 3441 ,sedivisurum

246 3459 411 3532 denuntiet,
425 3471 454 3516 et
468 3459 597 3535 Capuam
608 3454 753 3514 coloniam
766 3453 973 3526 deducturum,
988 3455 1020 3514 id
1032 3477 1088 3516 neo
1097 3457 1133 3516 ad
1146 3478 1277 3517 commo-

247 3555 316 3616 dum
338 3554 458 3635 aliquod
474 3554 588 3634 plebis,
611 3573 664 3612 uec
685 3552 722 3612 ad
742 3553 962 3632 amplitudinem
979 3574 1012 3614 ac
1033 3554 1203 3634 dignitatem
1212 3549 1278 3614 ¹rei-

248 3652 372 3732 publicae
386 3653 541 3733 pertinere.
564 3651 702 3732 Quinque
723 3650 814 3710 millia
835 3651 913 3710 enim
936 3652 1108 3712 colonorum
1122 3653 1184 3731 lego
1197 3653 1278 3712 Rulli

248 3752 377 3828 Capuam
389 3750 494 3822 scribi3
516 3750 654 3827 integris,
673 3749 795 3829 quietis,
817 3750 919 3809 otiosis
929 3749 1096 3809 bominibus
1109 3751 1139 3808 in
1153 3751 1210 3809 hoe
1223 3771 1278 3808 nu-

248 3866 330 3906 mero
345 3847 441 3904 locum
455 3867 514 3905 non
528 3851 590 3906 lore
598 3891 607 3922 ,
621 3848 673 3908 sed
686 3869 706 3907 v
718 3848 872 3907 hominum
884 3847 1012 3906 millibus
1028 3847 1066 3906 ad
1079 3849 1153 3921 vim,
1165 3848 1277 3907 lacinus

246 3944 413 4022 caedemque
427 3943 546 4003 delectis
558 3946 656 4004 locum
667 3960 753 4026 atque
765 3946 884 4020 urbem,
900 3965 965 4024 quar
977 3945 1087 4004 bellum
1101 3945 1195 4004 iacere
1207 3966 1277 4025 pos-

168 4051 173 4056 “
246 4044 292 4112 sit,
304 4039 413 4120 quaeri,
430 4060 478 4118 ²9·
501 4046 545 4100 Ac
562 4041 586 4100 si
601 4057 699 4122 posset
713 4063 782 4123 ager
801 4046 966 4122 Campanus
982 4041 1018 4102 ad
1033 4043 1276 4124 nniversam'ple-

247 4139 313 4205 bem
332 4138 503 4223 pervenire,
525 4140 752 4217 exspectandum
774 4154 870 4200 tamen
891 4159 952 4199 esse
964 4184 973 4214 ,
998 4152 1031 4198 nt
1057 4142 1185 4215 Quirites
1208 4163 1275 4205 eum

1098 4239 1151 4314 16.
