2956 4676
185 407 206 436 a
240 363 307 444 140
554 361 602 429 Μ.
629 362 666 430 Τ.
694 359 988 431 CICERONIS

234 507 255 552 a
272 479 482 552 censoribus
504 495 607 552 erant
626 482 853 579 reprehensi,
870 479 968 552 hunc
986 493 1113 578 postea
1127 493 1164 550 et
1178 478 1304 577 populi

235 591 394 678 romani,
428 605 464 662 et
491 615 640 678 eorum,
663 593 786 690 quiin
815 595 935 689 ipsum
961 589 1305 674 animadverterant,

235 700 397 773 moribus
411 699 607 800 praefuisse.
623 702 732 792 Quod
749 703 779 773 si
795 699 885 772 illud
901 700 1079 795 judicium
1098 713 1305 796 putaretur,

234 831 276 887 ut
310 818 442 904 ceteri,
471 819 567 914 turpi
604 816 787 911 judicio¹²
814 816 999 902 damnati,
1023 816 1061 886 in
1086 829 1305 914 perpetuum

236 928 336 998 omni
350 926 491 1000 honore
507 952 547 999 ac
566 928 738 1024 dignitate
758 923 1009 1026 privantur¹³;
1033 927 1082 998 sic
1094 925 1306 997 hominibus

234 1038 434 1134 ignominia
452 1038 585 1109 notatis
599 1092 609 1125 ,
624 1062 744 1136 neque
766 1037 811 1110 ad
834 1036 1012 1108 honorem
1027 1037 1162 1124 aditus,
1184 1061 1306 1134 neque
1339 1132 1345 1149 .

234 1151 272 1217 iu
288 1149 425 1218 curiam
439 1148 578 1220 reditus
593 1163 695 1220 esset.
713 1151 821 1222 Nunc
832 1203 841 1237 ,
853 1153 883 1220 si
898 1172 1008 1246 quem
1018 1150 1049 1198 ¹¹⁴
1065 1149 1130 1218 Cn.
1146 1147 1305 1232 Lentuli,

137 1294 140 1314 ι
237 1270 299 1328 aut
318 1263 358 1330 L.
378 1258 484 1329 Gellii
503 1257 654 1331 libertus
672 1257 759 1330 fruti
778 1259 1046 1346 condemnarit,
1067 1263 1114 1346 is,
1137 1256 1306 1328 omnibus

237 1374 459 1441 ornamentis
480 1370 631 1458 amissis,
658 1394 860 1466 numquam
887 1369 984 1441 illam
1010 1368 1212 1441 honestatis
1236 1391 1307 1438 suae

237 1488 388 1573 partem
405 1479 634 1576 recuperabit
660 1507 667 1550 :
692 1504 785 1575 quos
806 1486 927 1550 autem
945 1481 1022 1576 ipse
1042 1481 1082 1548 L.
1107 1477 1245 1550 Gellius
1272 1489 1307 1546 et

222 1591 302 1682 'Cn
323 1588 518 1677 Lentulus,
544 1586 617 1660 duo
637 1613 824 1676 censores,
848 1589 1034 1660 clarissimi
1052 1588 1141 1674 viri,
1164 1589 1306 1683 sapien·

236 1698 436 1795 tissimique
467 1699 652 1786 homines,
676 1698 765 1771 furti
786 1713 822 1770 et
852 1713 1036 1797 captarum
1072 1699 1306 1794 pecuniarum

237 1809 402 1894 nomine,
426 1822 660 1898 notaverunt3
678 1810 701 1878 ii
720 1833 797 1880 non
817 1807 929 1879 modo
948 1813 984 1878 in
1007 1821 1172 1878 senatum
1190 1804 1305 1876 redie-

239 1931 343 2006 runt,
360 1915 543 1988 sedetiam
561 1919 704 1990 illarum
726 1919 886 2016 ipsarum
907 1941 1027 1989 rerum
1045 1915 1190 2012 judiciis
1204 1913 1307 1985 abso·

238 2023 305 2095 luti
329 2042 424 2097 sunt.

288 2133 414 2206 XLIII.
450 2137 640 2208 Neminem
672 2138 868 2209 voluerunt
896 2137 1049 2231 majores
1083 2137 1198 2206 nostri
1232 2159 1307 2205 non

239 2246 349 2318 modo
365 2245 410 2318 de
427 2248 689 2319 existimatione
711 2249 944 2345 cujusquam,
962 2247 1086 2317 sedne
1102 2244 1308 2343 pecuniaria

241 2355 388 2451 quidem
414 2356 459 2429 de
488 2382 528 2428 re
551 2359 698 2428 minima
728 2383 804 2430 esse
833 2357 1012 2452 judicem,
1041 2357 1108 2426 nisi
1130 2357 1195 2454 qui
1214 2357 1308 2425 inter

173 2497 175 2502 ·
239 2465 460 2538 adversarios
470 2471 698 2540 convenisset
708 2477 733 2537 ¹.
748 2469 981 2565 Quapropter
992 2472 1030 2538 iu
1040 2466 1212 2538 omnibus
1225 2465 1308 2562 legi·

239 2574 326 2662 bus,
342 2576 476 2673 quibus
497 2594 687 2676 exceptum
710 2593 782 2667 est,
802 2578 847 2648 de
867 2576 1000 2674 quibus
1022 2578 1136 2649 causis
1155 2591 1218 2647 aut
1233 2600 1307 2646 ma·

239 2685 423 2780 gistratum
454 2711 582 2784 capere
611 2713 686 2759 non
713 2688 835 2773 liceat,
863 2701 926 2758 aut
950 2687 1107 2782 judicem
1133 2687 1225 2783 legi,
1248 2699 1309 2756 aut

240 2793 393 2866 alterum
409 2821 595 2886 accusare,
611 2798 686 2870 haec
701 2799 909 2896 ignominiae
929 2810 1056 2869 causa²
1076 2796 1308 2895 praetenuissa

241 2921 303 2975 est
325 2911 478 2980 TImoris
497 2910 592 2980 euim
612 2933 779 2997 causam,
807 2935 883 2980 non
910 2910 990 2978 vitae
1015 2933 1159 3006 poenam
1187 2909 1227 2978 in
1250 2906 1309 2977 illa

240 3031 418 3113 potestate
441 3044 517 3090 esse
532 3019 731 3090 voluerant.
748 3025 875 3117 Itaque
894 3044 968 3090 non
991 3019 1127 3108 solum,
1151 3017 1307 3113 judiees,

239 3126 330 3198 illud
346 3129 551 3218 ostendam,
571 3129 672 3226 quod
686 3129 759 3224 jain
779 3129 925 3216 videtis,
942 3127 1068 3227 populi
1084 3131 1223 3199 romani
1241 3123 1308 3197 sus-

280 3395 319 3430 ιι.
339 3380 412 3445 Turpi
418 3380 523 3446 juditio.
537 3381 613 3444 Quod
625 3397 668 3430 eos
680 3383 752 3447 Igno·
795 3381 889 3442 judiees
907 3381 943 3428 illi
961 3397 1024 3445 qnos
1044 3397 1095 3429 non
1114 3382 1263 3442 rejecerant,
1280 3381 1309 3428 ab

242 3459 316 3508 mitur
327 3459 492 3524 perfunderet.
508 3505 513 3516 ,
796 3470 901 3524 utroque
913 3461 1011 3525 probari
1024 3462 1176 3509 videbantur.

280 3541 321 3587 1³.
332 3539 435 3588 Meleed
441 3539 752 3604 wetstianafflrivarensar.
833 3556 859 3588 a.
868 3539 1014 3604 Ignominia
1020 3555 1103 3588 eausa.
1113 3541 1228 3589 Censoris
1236 3541 1309 3588 auim-

281 3626 320 3674 ιι.
334 3618 362 3666 Ss'
373 3635 452 3682 quem.
468 3619 493 3666 Si
507 3619 561 3682 quis
580 3619 610 3666 ab
624 3618 753 3696 humiliore
797 3618 908 3667 adversio
921 3630 1014 3668 unturn
1025 3621 1057 3668 sd
1068 3621 1223 3686 privatorum
1238 3620 1310 3668 veluti

242 3707 380 3756 aecusatus,
396 3697 462 3760 turpi
470 3696 565 3758 judicio
574 3699 605 3745 sit
615 3697 752 3756 damnatus,
797 3697 900 3745 morales
913 3707 981 3745 actus
994 3698 1148 3762 pertinebat,
1170 3700 1203 3746 ita
1221 3711 1249 3748 ut
1268 3715 1310 3748 nec

244 3778 323 3824 omnis
337 3776 461 3838 dIgnitatis
470 3786 610 3823 ornaments
620 3775 717 3824 amittit.
797 3777 919 3824 iubrnism
937 3778 1069 3840 irrogaret,
1087 3795 1132 3826 neo
1146 3778 1223 3826 Tullii
1240 3780 1309 3825 etiam

278 3857 369 3904 XLIII.
387 3871 411 3910 ι,
429 3854 585 3903 &avertisset
604 3857 675 3904 Facta
687 3854 753 3915 judi·
797 3857 1312 3921 tempore,qniequrmseredamnatosller

243 3949 298 3982 cum
326 3933 470 3995 sortitione,
495 3945 622 3982 rsceusator
649 3946 673 3982 et
699 3949 753 3982 reus
797 3935 902 3993 ret‚nisi
910 3935 1037 3984 ruborem:
1051 3953 1130 4000 neque
1141 3937 1207 3984 enlm
1219 3937 1250 3984 de
1261 3952 1310 3983 rnr-

243 4023 335 4060 certum
343 4027 471 4060 numerum
480 4011 751 4077 rejiciebant,quorum
801 4014 854 4079 guis
876 4015 1008 4064 sceleribus
1029 4015 1124 4080 agebat.
1138 4015 1227 4064 Cicero
1248 4015 1311 4080 apud

244 4094 268 4138 in
294 4093 374 4140 locum
397 4091 539 4139 subsortitio
561 4091 649 4156 fiebet3
672 4095 752 4156 itaque
801 4093 1014 4156 Nouium‚l‚93.
