2988 4668
395 386 589 454 orario
614 388 714 454 rao
740 389 780 454 u.
805 389 1034 458 uuunua.
1092 411 1103 428 ’
1177 387 1247 489 537

184 534 333 608 quoque
350 506 545 580 habuimus
567 518 721 580 scenam
738 508 1060 608 competitricem⁶.
1084 513 1195 604 Quod
1218 519 1248 586 si

183 645 269 718 ego,
286 621 351 718 qui
372 618 632 708 trinosludos⁷
647 615 757 690 aedilis
771 617 943 707 feceram,
959 634 1083 692 tamen
1100 626 1248 696 Antonii

183 731 280 803 ludis
304 727 559 802 commovebar
588 757 596 799 :
624 726 715 818 tibi,
734 731 796 826 qui
821 723 929 801 casu⁸
949 730 1068 803 nullos
1088 729 1248 822 feceras,

181 839 272 911 nihil
295 839 408 934 hujus¹
428 843 530 910 istam
554 842 695 937 ipsam,
726 862 836 936 quam
861 837 1014 926 irrides,
1043 849 1248 938 argenteam

180 962 371 1037 scenam9,
389 947 610 1021 adversatam
630 950 761 1048 putas?

124 1134 128 1141 ,
228 1063 304 1130 ΧΧ.
326 1058 395 1131 Sed
418 1058 493 1130 haee
512 1083 598 1131 sane
615 1061 688 1130 sint
709 1061 808 1156 paria
823 1062 970 1149 omnia;
991 1061 1036 1132 sit
1051 1085 1117 1159 par
1130 1059 1250 1134 foren-

180 1170 228 1240 sis
242 1192 354 1266 opera
367 1167 531 1258 militari;
559 1170 605 1240 sit
628 1194 694 1268 par
709 1169 853 1240 militari
870 1167 1078 1268 suffragatio
1090 1170 1251 1262 urbana;

180 1281 225 1350 sit
247 1279 361 1366 idem,
382 1277 777 1376 magnificentissimos,
799 1295 836 1351 et
856 1281 975 1353 nullos
1001 1307 1174 1380 umquam
1194 1281 1248 1356 fe·

179 1392 269 1459 cisse
284 1387 391 1460 ludos
411 1414 420 1458 :
443 1388 555 1486 quid?
571 1391 610 1462 in
629 1393 708 1488 ipsa
726 1405 883 1489 praetura
906 1391 1055 1464 nihilne*
1069 1395 1251 1467 existimas

179 1501 275 1571 inter
295 1515 415 1588 tuam,
436 1513 472 1570 et
490 1501 591 1572 istius
616 1515 748 1572 sortem
770 1499 998 1574 interfuisse?
1012 1503 1151 1597 Hujus¹
1173 1506 1250 1576 sors

179 1634 221 1680 ea
242 1608 328 1696 fuit,
352 1634 462 1708 quam
489 1607 616 1682 omnes
637 1612 691 1682 tui
713 1614 906 1685 necessarii
929 1611 995 1683 tibi
1017 1612 1249 1711 optabamus,

175 1721 268 1816 juris
289 1720 468 1818 dicundi:
497 1724 535 1790 in
563 1745 637 1819 qua
661 1720 811 1818 gloriam
839 1723 1006 1793 conciliat
1034 1723 1246 1820 magnitudo

179 1831 336 1928 negotii3
366 1831 537 1928 gratiam,
555 1834 732 1927 aequitatis
749 1831 912 1930 largitio;
931 1856 1004 1930 qua
1021 1835 1059 1903 in
1078 1848 1177 1906 sorte
1197 1859 1250 1905 sa·

177 1942 282 2038 piens
296 1957 443 2038 praetor,
464 1942 580 2042 qualis
597 1941 657 2014 hic
671 1941 758 2032 fuit,
777 1942 1017 2016 offensionem
1031 1945 1119 2016 vitat
1133 1970 1250 2043 aequa·

178 2047 317 2120 bilitate
347 2049 584 2138 decernendi,
607 2051 891 2125 benivolentiam
913 2054 1077 2152 adjungit
1101 2056 1249 2128 leuitate

178 2159 360 2230 audiendi.
385 2163 536 2259 Egregia
554 2175 590 2233 et
617 2162 664 2234 ad
687 2163 916 2235 consulatum
939 2179 1022 2263 apta
1044 2165 1247 2262 provincia,

176 2273 214 2339 in
233 2294 306 2366 qua
327 2270 404 2342 laus
415 2273 602 2369 aequitatis,
611 2274 844 2371 integritatis,
856 2271 1051 2359 facilitatis,
1065 2274 1111 2345 ad
1129 2287 1248 2345 extre·

176 2404 279 2450 mum
299 2377 470 2450 ludorum
485 2381 669 2480 voluptate
683 2381 925 2456 concluditur.
950 2383 1052 2475 Quid
1067 2399 1129 2455 tua
1149 2384 1250 2456 sors?

176 2491 307 2580 tristis,
332 2504 434 2561 atrox
459 2519 467 2560 :
496 2493 646 2590 quaestio
679 2494 867 2592 peculatus
890 2505 923 2582 ²,
950 2519 994 2566 ex
1026 2493 1136 2570 altera
1170 2517 1249 2591 par-

211 2691 238 2738 6.
250 2691 352 2738 Sceuam
363 2689 558 2756 competitrieem.
567 2692 620 2755 ligo
632 2707 690 2755 quo
730 2691 908 2752 jurisdicendi
928 2693 1024 2756 obtigit.
1048 2695 1106 2741 Erat
1123 2703 1203 2741 autern
1220 2710 1249 2742 es

175 2785 223 2834 que
232 2771 295 2817 sensi
305 2769 377 2817 ludos
385 2785 400 2817 a
409 2770 570 2833 competitore
578 2770 689 2818 Antonio
733 2772 839 2836 pratum
852 2771 957 2828 urbana,
971 2788 1045 2835 quam
1062 2775 1106 2837 qui
1116 2787 1251 2836 consequu-

175 2849 252 2896 fsctos
263 2849 321 2896 huic
335 2848 405 2895 valde
416 2849 544 2912 profuisse.
551 2847 599 2896 Sed
608 2857 691 2896 aucto·
734 2858 773 2897 tus
787 2859 851 2906 erat,
864 2847 998 2897 honoratos
1005 2861 1104 2914 proetor
1113 2850 1250 2900 dicebatur.

177 2929 209 2974 ris
223 2929 299 2974 nostri
315 2927 396 2974 verbis
413 2928 475 2974 inest
490 2927 527 2974 vis
538 2925 650 2989 quaedam
662 2941 690 2973 sc
734 2927 775 2974 Illi
789 2927 861 2974 etiam
882 2926 944 2986 soli,
965 2937 989 2974 et
1008 2930 1135 2992 peregrino
1150 2930 1250 2993 praetori

176 3005 256 3068 lepor,
266 3020 321 3068 quse
330 3005 433 3052 omnino
442 3003 505 3052 delet
513 3005 688 3068 interpretatio.
731 3005 870 3066 jurisdictio
892 3005 1018 3054 dicebatur
1039 3007 1158 3072 assignata
1181 3025 1251 3067 esse,
1275 3041 1279 3046 -

214 3101 238 3146 7.
252 3083 334 3132 moros
344 3083 423 3133 ludos.
439 3086 507 3147 Quos
516 3083 570 3148 ipse
580 3085 690 3134 nominat
733 3084 821 3148 reliqui
834 3095 960 3150 pretores,
979 3087 1022 3150 qui
1040 3088 1185 3151 questiones
1196 3104 1249 3136 sor·

179 3165 251 3212 Verr.
264 3166 296 3220 V,
314 3173 354 3221 14.
732 3164 772 3210 titi
789 3175 871 3222 eraut,
886 3163 1057 3224 jurisdictione
1071 3167 1193 3217 eambaut.
1206 3169 1247 3216 Sic

211 3246 235 3294 8·
251 3245 322 3292 Casu.
337 3235 413 3306 Quod
436 3259 489 3292 sors
501 3244 625 3301 Murenae,
638 3259 688 3292 uon
731 3232 799 3306 apud
807 3244 884 3293 Tacit.
898 3245 981 3307 Agric.
996 3245 1026 3304 6,
1042 3245 1125 3294 «idem
1133 3257 1247 3312 praetura

173 3323 283 3386 Sulpicio
296 3321 363 3371 dedit
378 3334 506 3388 utpretor
523 3323 632 3370 urbanus
651 3339 688 3370 ss·
731 3333 815 3381 tenor,
829 3335 854 3372 et
872 3324 1013 3374 silentium:
1029 3341 1075 3373 neo
1088 3327 1154 3376 euim
1171 3328 1249 3388 juris·

172 3415 222 3462 set,
237 3403 268 3451 ad
282 3419 354 3466 quem
376 3403 489 3452 ludorum
507 3402 687 3467 Apollinarium
737 3401 813 3450 ‹liedo
826 3403 989 3453 obvenerstn.

173 3499 229 3530 cura
244 3483 371 3546 pertinuit.
771 3497 797 3532 a.
819 3485 926 3548 Querstio
935 3487 1074 3549 peculatus.
1097 3485 1203 3534 Sortitus
1223 3501 1249 3534 es

129 3560 132 3568 '
208 3577 233 3624 9.
259 3564 411 3626 Argenteum
436 3579 544 3610 sunam.
571 3562 688 3619 Plinius,
733 3563 906 3627 questionem,
920 3565 945 3615 b.
956 3583 979 3614 s.
989 3565 1110 3626 judicium
1129 3565 1160 3613 de
1172 3581 1252 3629 pseu-

172 3641 298 3698 xxxlss,
315 3642 468 3701 aueum,
489 3643 531 3706 qui
547 3653 632 3706 postea
651 3641 688 3689 di·
731 3642 795 3702 latu,
808 3659 850 3692 seu
863 3645 929 3692 furto
947 3643 1052 3707 publicu·
1063 3645 1182 3709 pecunie.
1202 3646 1249 3694 os-

171 3729 250 3766 etator
263 3721 322 3780 fuir,
335 3722 463 3784 primusiu
487 3722 619 3780 aedilitate,
632 3737 687 3770 mu·
732 3723 777 3770 teri
789 3723 854 3770 enim
874 3719 1127 3787 praetores,exoepto
1149 3723 1245 3773 urbano

171 3814 227 3846 uere
247 3800 322 3862 patris
343 3801 452 3860 funebri,
478 3803 544 3848 omui
567 3813 686 3867 apparatu
730 3810 755 3847 et
767 3801 912 3866 peregrino,
925 3802 1072 3865 quaestiones
1083 3802 1147 3849 inter
1160 3817 1248 3850 essor-

170 3893 250 3925 arenae
265 3889 380 3942 argenteo
394 3895 452 3926 usus
465 3890 514 3934 est,
530 3881 686 3944 ferasquesr·
731 3880 860 3929 tiebautur.
878 3882 926 3928 ,lsta
946 3880 1048 3942 quaestio
1068 3880 1158 3928 dicitur
1170 3881 1247 3930 tristis

170 3957 262 4019 genteis
281 3956 344 4005 vasis
367 3957 487 4006 incessere
507 3969 560 4006 tutu
579 3962 685 4024 primum
730 3968 755 4007 et
767 3969 852 4020 atrox,
872 3957 928 4022 quia
942 3958 1070 4022 peculatus
1087 3959 1122 4008 rei
1138 3959 1245 4024 iusque·

168 4035 248 4084 visum
257 4059 280 4084 a.
292 4037 365 4086 Couf.
378 4052 452 4101 supra
462 4047 515 4086 not.
528 4052 552 4084 a.
727 4041 794 4096 lore,
812 4053 944 4102 omnesque
965 4039 1062 4088 illorum
1078 4040 1204 4090 necessarii
1217 4041 1243 4088 in

206 4117 264 4163 XX.
283 4131 303 4165 r.
326 4115 405 4180 Hujus
423 4131 484 4166 sors.
502 4115 542 4165 Illi
556 4118 682 4180 provincia
728 4115 842 4184 lacrymis
855 4119 1021 4167 versabantur.
