2988 4668
192 387 199 403 ⁸
308 399 495 469 OBSERV.
522 399 718 494 APOLOG.
741 401 832 471 PRO
857 401 952 472 JUR.
977 401 1092 473 ROM.
1163 405 1233 502 579

167 543 239 598 rum
258 521 421 586 sublectos
438 519 588 586 flosculos
606 521 641 584 iu
657 522 767 610 patriis
790 521 1030 587 viridariistam
1051 541 1146 613 apto,
1165 543 1231 592 tarn
1287 531 1290 542 '

166 627 301 692 naturali
321 625 437 694 ordine
455 626 662 715 disposuerit.
686 627 797 709 Solus,
824 643 982 716 quantum
1004 629 1175 714 recordor,
1191 655 1233 702 ex

167 733 258 796 omni
273 733 466 820 antiquitate
486 750 535 798 est
552 733 696 816 'I'ulliua‚
716 733 773 822 qui
790 733 840 822 (ι)
857 733 987 801 dicendi
1004 735 1135 828 laudern
1156 760 1232 803 cum

167 839 330 927 sapientire
347 839 456 904 studio
472 839 676 921 conjunxerit
691 863 699 904 :
717 857 766 922 et,
785 841 930 928 quamtis
946 841 987 906 ad
1005 865 1080 907 eunt
1099 845 1235 932 poetices

166 946 325 1012 facultatis
342 943 479 1034 gradum
502 945 592 1010 haud
608 945 719 1012 enisus
735 947 850 1026 fuerit,
870 963 907 1010 at
923 946 1033 1034 aliquo
1053 949 1139 1013 inter
1150 969 1235 1038 poe·

167 1067 214 1115 tas
231 1052 305 1116 loco
322 1067 511 1130 censeatur,
530 1051 610 1114 mihi
630 1067 736 1116 tamen
754 1051 886 1114 nullum
907 1067 956 1115 est
978 1051 1133 1137 dubium,
1151 1057 1232 1143 quin

166 1151 358 1243 perfectiora
374 1156 408 1218 in
428 1155 493 1220 hoe
516 1179 636 1244 genere
651 1157 798 1246 prolerre
814 1156 859 1244 (a)
874 1159 1052 1245 patuisset,
1072 1157 1099 1222 si
1114 1161 1236 1226 Ιιουιίιιί

166 1265 406 1349 occupatorias
420 1261 467 1348 (3)
487 1283 627 1328 vacuum
646 1264 747 1352 magis
762 1278 892 1350 tempus
914 1281 949 1328 et
965 1264 1104 1332 liberum
1120 1269 1234 1332 luisset

168 1367 344 1447 tributum,
364 1390 432 1454 quo
447 1366 577 1432 insitam
593 1369 704 1431 animo
719 1369 786 1431 vim
802 1369 977 1457 explicere,
995 1387 1028 1434 et
1039 1370 1080 1434 ad
1091 1369 1234 1460 fingendi

167 1473 403 1538 vehementiam
430 1474 572 1538 licuisset
595 1473 756 1538 extollere.
788 1476 866 1538 Jure
889 1475 1020 1558 merito,
1056 1491 1094 1539 ut
1111 1479 1235 1564 -pauois

168 1579 268 1642 multa
289 1580 501 1667 complectar,
527 1579 748 1661 Quintilianus
774 1579 822 1666 (4)
845 1579 963 1644 dixisse
986 1580 1066 1644 mihi
1087 1579 1244 1664 siderius

168 1715 181 1739 ι
191 1707 267 1750 eum
284 1708 319 1748 re
332 1707 407 1750 vera
421 1685 613 1772 profecisse,
630 1686 684 1749 cui
699 1687 812 1749 Cicero
828 1685 920 1750 valde
941 1687 1124 1773 placeretn,
1143 1707 1235 1752 vere·

169 1813 233 1876 que
252 1791 393 1856 Velleius
416 1791 602 1856 Paterculus
625 1790 688 1879 (5),
713 1791 900 1854 evicturum
921 1791 1065 1856 Tullium
1082 1813 1142 1880 per
1163 1815 1235 1857 om·

169 1896 260 1960 nium
283 1896 469 1960 seculorum
497 1897 707 1977 memoriam,
728 1896 874 1984 dumque
897 1898 962 1961 hoe
982 1919 1091 1962 rerum
1113 1915 1242 1964 nature¹
1326 1887 1347 1998 'p

168 2025 301 2092 corpus,
318 2003 408 2091 quod
420 2005 472 2068 ille
482 2025 574 2092 paene
586 2003 675 2068 solus
686 2005 910 2068 Rornanorum
921 2001 1033 2068 animo
1039 2004 1134 2087 vidit,
1148 2007 1238 2095 inge·

170 2109 224 2172 nio
242 2109 431 2197 complexus
457 2125 522 2190 est,
545 2108 729 2198 eloquentia
753 2109 959 2193 illuminavit,
982 2111 1126 2174 manebit
1144 2112 1237 2176 ineo-

168 2216 273 2295 lume‚
296 2216 448 2282 comitem
470 2215 527 2279 aevi
555 2217 607 2280 sui
635 2216 801 2280 Ciceronis
827 2214 957 2280 laudern
980 2214 1062 2280 illud
1085 2237 1154 2282 esse
1171 2235 1236 2281 tra·

168 2337 333 2386 murum».

213 2426 282 2490 Nee
311 2429 419 2492 minus
450 2427 591 2516 egregias
623 2427 745 2511 animi,
781 2449 889 2516 quant
906 2428 1051 2518 ingenii,
1082 2427 1175 2492 dotes
1203 2431 1238 2493 in

169 2531 325 2598 Cicerone
351 2529 489 2596 eluxisse
515 2553 609 2604 reor,
635 2531 680 2596 ita
699 2549 816 2596 tumen
840 2550 878 2596 ut
903 2549 936 2596 et
959 2555 1017 2596 sua
1046 2533 1120 2596 titia
1145 2531 1236 2597 illurn

203 2738 431 2806 (1)1pseTnllius‚
445 2728 476 2786 de
488 2737 539 2788 off.
552 2738 596 2791 lile.
611 2740 704 2802 Imp.
719 2739 812 2797 stelit
821 2737 848 2785 ld
859 2736 958 2801 quiden
972 2737 1063 2787 mint
1075 2738 1148 2786 video
1162 2741 1234 2792 Gru.

169 2845 252 2877 eornm
266 2827 346 2876 adhuc
360 2827 508 2892 contigisse,
519 2838 548 2876 nt
561 2827 626 2874 idern
638 2837 742 2890 utroque
754 2825 780 2875 ia
793 2839 879 2888 genere
892 2825 1036 2884 elaboraret,
1044 2837 1233 2894 sequereturque

169 2927 193 2963 et
205 2913 267 2963 illud
277 2917 373 2962 somnae
383 2913 481 2982 dicentii
491 2948 498 2970 ‚
509 2915 588 2964 ethoe
599 2914 708 2977 quietum
721 2889 861 2978 dispittandi
869 2929 957 2976 genus,
969 2912 1016 2960 nisi
1028 2913 1090 2962 torre
1098 2917 1237 2966 Demettiu

170 2999 297 3050 Phalereus
315 3001 340 3048 ia
360 3001 410 3050 lroc
428 3015 531 3049 numero
549 2997 633 3048 haberi
648 3009 747 3063 potest,
768 2999 904 3065 disputator
919 2997 1015 3048 subtilis
1026 3037 1034 3064 ,
1046 3011 1129 3050 orator
1148 3020 1235 3068 parum

173 3089 305 3137 vehemens
314 3111 335 3136 ι.

205 3167 246 3234 (a)
256 3169 322 3218 Plnt.
333 3180 352 3218 t.
363 3170 384 3227 Ι,
403 3183 458 3234 pag.
470 3168 518 3218 tor
528 3199 535 3226 ,
547 3167 583 3226 li,
603 3182 660 3216 asne
671 3165 762 3216 dicitnr
770 3167 796 3220 al
809 3166 880 3236 pltat
892 3165 972 3238 ῥήτωρ
982 3204 990 3230 ,
1001 3167 1064 3220 m&
1079 3168 1122 3222 sal
1132 3171 1237 3232 esea:

170 3247 252 3317 ἄριςος
269 3235 387 3316 l'upatlua
406 3264 413 3296 t
435 3263 495 3296 mox
511 3245 654 3310 subjicitur,
674 3247 760 3311 poesin
773 3248 825 3306 eius
842 3253 936 3324 rama
953 3249 1043 3320 εὐφυῶν
1057 3250 1234 3324 imperspicua

170 3329 332 3380 παντάπασιν
345 3327 420 3382 sust
432 3323 473 3380 tal
488 3325 574 3396 ἄτιμον
591 3327 663 3397 lipara
681 3319 871 3396 rupsstsstts'aar.
890 3329 970 3392 Juoge
988 3345 1043 3393 pag.
1064 3329 1123 3389 aar,
1142 3331 1177 3390 C,
1191 3332 1235 3380 ulti

170 3417 257 3466 Cicero
270 3417 360 3465 dieitur
372 3415 542 3475 consuevisse,
552 3414 650 3480 quando
660 3415 691 3464 ad
704 3417 809 3463 earmina
822 3415 950 3465 scribenda
962 3417 1091 3478 serebatur,
1102 3435 1149 3466 uas
1160 3431 1233 3468 noete

176 3506 225 3554 500
235 3522 318 3554 versus
334 3506 421 3554 lacere.
435 3505 508 3554 Cous.
521 3505 576 3554 seb.
588 3505 690 3554 Corradi
700 3506 872 3567 Quaesturam,
889 3521 944 3569 pag.
954 3507 1016 3564 246.

206 3593 246 3658 (3)
260 3595 348 3644 Cicero
363 3609 409 3658 pro
422 3593 525 3641 Murena
535 3627 543 3652 ‚
555 3609 610 3656 esp.
626 3593 672 3652 ¹³3
686 3592 716 3642 de
732 3595 836 3662 Harusp.
850 3609 977 3660 resposp
992 3609 1020 3656 9;
1039 3595 1128 3660 Topio.
1139 3609 1195 3658 esp.
1214 3609 1241 3656 r;

171 3681 202 3730 de
213 3683 265 3730 Fin.
276 3682 319 3730 lib.
335 3684 388 3738 111,
399 3697 453 3746 esp.
464 3683 478 3732 ³
489 3698 497 3739 ;
510 3681 540 3734 tle
551 3683 625 3746 Legg.
637 3679 679 3730 lib.
687 3682 715 3742 1,
725 3695 780 3746 esp.
794 3683 825 3738 33
846 3702 858 3722 α
866 3692 933 3730 totos
946 3681 998 3732 dias
1008 3697 1033 3730 se
1046 3681 1153 3732 scrihere
1165 3704 1192 3742 ι,
1205 3683 1241 3732 ait

171 3765 202 3816 ad
216 3773 267 3818 Art.
278 3769 324 3818 lib.
339 3771 459 3834 x11‚ep.
478 3777 518 3825 14.

207 3859 245 3923 (t)
263 3857 440 3920 ut.x‚0.p.
455 3873 545 3922 1‚nes-
560 3874 619 3922 ⁹1⁷·
1016 3917 1020 3930 ,
1092 3879 1097 3891 ·

209 3946 365 4014 (5)tih.11,
379 3961 434 4010 esp.
451 3943 521 4008 66,§
535 3945 560 3996 ⁵.
572 3943 703 4011 Magnifice
717 3961 818 4010 qnoque
833 3947 924 3996 &neca
938 3945 964 3998 in
977 3944 1122 4008 prolatione
1134 3947 1242 3999 conuo-

172 4037 304 4086 verniacum
318 4034 348 4082 de
361 4035 479 4083 Cicerone
487 4033 536 4082 sit:
548 4056 560 4076 ι
570 4036 641 4084 Potui
652 4047 676 4083 et
688 4033 751 4086 illud
761 4019 975 4100 ingenium,l1uorl
988 4034 1069 4084 achra
1078 4035 1185 4099 populns
1197 4051 1239 4086 ro·

174 4139 258 4172 manus
273 4138 317 4187 par
327 4122 431 4187 imperio
444 4138 489 4171 suo
503 4121 603 4180 habuit,
616 4139 792 4188 cognosceren.
1152 4127 1154 4135 “
