2976 4670
306 355 375 454 576
559 421 564 434 ,
625 357 1051 438 numerationis

301 481 546 554 alienissimaa
560 479 838 550 mansuetudine
853 492 889 550 et
906 476 1154 550 misericordia
1171 480 1366 572 vestra,ju-

302 589 399 664 dices
419 604 651 662 :conservate
669 588 796 688 populi
814 590 954 662 romani
965 585 1206 675 beneficium
1230 588 1365 660 reddite

301 697 511 798 reipublice
526 697 708 793 consulem
721 725 731 786 ;
754 697 836 770 date
855 697 925 768 hoc
944 698 1055 794 ipsius
1070 696 1203 794 pudori
1216 695 1269 785 ¹³,
1291 698 1365 770 date

299 812 393 908 patri
407 809 570 896 mortuo,
587 808 669 880 date
682 810 806 908 generi
818 823 854 880 et
869 805 1011 878 familiae
1022 811 1065 894 ¹⁴,
1082 805 1164 878 date
1182 809 1292 878 etiarn
1306 813 1365 879 Ia·-

303 922 437 1008 nuvi0‚
468 921 667 1017 municipio
695 918 969 1005 honestissimo,
995 916 1097 1014 quod
1130 919 1168 987 in
1196 918 1266 988 hac
1298 933 1366 990 tota

304 1047 410 1104 causa
427 1029 600 1127 frequens
623 1045 867 1127 moestumque
885 1023 1073 1100 vidistis¹⁵.
1093 1028 1212 1100 Nolite
1231 1033 1367 1101 asacris

305 1139 470 1240 patriis¹⁶
487 1143 639 1213 Iunonis
661 1143 873 1239 Sospitaeu,
898 1140 957 1210 cui
977 1162 1104 1210 omues
1131 1139 1299 1210 consules
1320 1138 1366 1210 fa·

303 1245 425 1326 cere¹8
442 1276 586 1324 necesse
599 1265 671 1338 est,
691 1251 929 1322 domesticum
940 1263 976 1318 et
990 1273 1095 1318 suum
1106 1249 1297 1320 consulem
1310 1275 1368 1348 po·

301 1365 479 1450 tissimum
497 1362 650 1434 avellere
661 1370 705 1432 ¹⁹.
725 1365 842 1453 Quem
864 1383 933 1454 ego
955 1358 1081 1446 vobis,
1103 1361 1133 1430 si
1155 1359 1243 1455 quid
1265 1359 1367 1430 habet

303 1489 364 1546 aut
377 1475 595 1546 momenti²⁰
614 1470 901 1556 commendatio,
918 1485 982 1542 aut
997 1471 1222 1541 auctoritatis
1238 1469 1367 1542 confir·

301 1586 413 1656 mano
425 1608 525 1670 mea,
543 1583 669 1655 consul
682 1582 890 1666 consulem,
907 1579 1046 1674 judices
1057 1581 1124 1669 ,ita
1139 1580 1366 1665 commendo,

305 1709 347 1765 ut
371 1691 642 1790 cupidissimum
672 1695 738 1764 otii
753 1698 809 1779 ²¹,
838 1689 1139 1764 studiosissimum
1171 1690 1365 1778 bonorum,

306 1807 519 1876 acerrimum
567 1819 693 1876 eontra
737 1801 1023 1890 seditionem²²,
1062 1799 1300 1875 fortissimum
1338 1804 1369 1872 iu

305 2045 448 2096 Ciceronem
469 2059 516 2109 pro
539 2045 674 2096 Cluentio:
698 2049 820 2111 «Quare,
864 2059 940 2098 ctore.
968 2047 1005 2096 De
1025 2049 1149 2096 LenuvIne
1173 2059 1256 2097 eutem
1282 2052 1369 2098 Iunone

302 2122 412 2184 judices,
431 2123 453 2170 ei
475 2123 553 2172 scelus
574 2124 674 2186 odistis,
691 2127 820 2192 prohibete
864 2127 947 2174 Livius
964 2125 1009 2174 lib.
1026 2129 1085 2182 xc:
1105 2127 1210 2177 Ovidius
1224 2129 1270 2177 lib.
1287 2133 1369 2176 Fauor.

307 2202 399 2250 adimm
412 2199 575 2251 matrieeiilii
588 2207 717 2269 sanguine,
731 2217 801 2254 eto»
864 2206 952 2264 Silius,
974 2205 1019 2255 lib.
1042 2207 1114 2255 xm.
1138 2204 1298 2256 Simulacrum
1319 2206 1369 2270 liugi

345 2283 385 2330 13.
397 2281 499 2330 Pudort‘.
509 2285 589 2346 Quen
600 2301 672 2348 supra
683 2285 820 2350 quoquein
863 2285 963 2333 solitum
979 2301 1035 2333 oum
1050 2285 1112 2351 pelle
1126 2288 1241 2352 eeprIne,
1256 2299 1283 2336 et
1296 2287 1368 2341 husu,

306 2363 410 2410 Murem
428 2361 552 2410 leuderit:
571 2385 583 2405 a
593 2364 624 2410 eit
639 2364 757 2412 auxillum
772 2380 821 2428 pu·
864 2375 888 2413 et
898 2376 980 2425 scuto,
991 2377 1017 2414 et
1027 2365 1113 2415 culcele
1126 2367 1259 2432 rependis,
1274 2367 1370 2416 ostendit

308 2439 363 2488 <lori
373 2461 396 2488 ι.
864 2444 966 2503 Cicero,
978 2445 1023 2494 lib.
1038 2448 1059 2505 l,
1074 2461 1121 2509 29,
1130 2446 1160 2494 de
1172 2448 1229 2496 Nat.
1241 2448 1355 2496 Deorum.

346 2527 387 2574 η.
401 2520 466 2564 Date
476 2519 562 2583 generi
571 2517 718 2584 etfirmilite.
738 2523 820 2570 Latine
902 2525 1051 2573 18.Facere.
1061 2525 1131 2573 Sacra
1141 2527 1228 2586 funere,
1236 2528 1306 2591 quod
1313 2543 1370 2574 oom-

306 2607 372 2662 μαι
381 2611 456 2660 genus
465 2611 538 2660 quem
548 2598 650 2661 familia
664 2601 745 2665 plures
755 2603 820 2650 enim
865 2604 943 2668 posite
960 2603 1095 2654 morificate
1106 2605 1229 2668 ffiurunt,
1243 2618 1324 2656 vetere
1337 2605 1369 2652 lo·

307 2674 414 2736 ejusdem
427 2676 520 2738 generis
529 2677 625 2727 familie
638 2696 690 2728 esee
702 2694 819 2746 possunt,
865 2683 957 2746 quendi
971 2700 1048 2734 more.
1060 2711 1095 2722 -
1107 2685 1207 2735 Necesse
1221 2699 1264 2736 est.
1280 2689 1368 2736 Ilorci

309 2765 337 2802 ut
350 2753 521 2813 Pulchrorum,
540 2757 679 2816 Neronum,
693 2761 822 2808 Marcello·
865 2763 997 2825 majoribus
1008 2776 1118 2830 accepto.

308 2848 362 2880 rum
372 2833 484 2892 similla,
495 2835 590 2884 Claudii
603 2837 697 2900 generis
707 2855 713 2886 :
727 2840 822 2904 Scipio-
903 2857 945 2905 ¹9·
955 2843 1072 2892 Avellere.
1083 2843 1268 2894 abiuneta.
1280 2844 1369 2894 Gneo

309 2927 386 2970 uum,
416 2912 591 2974 Lentulorum,
618 2916 822 2979 Dolebellerum,
865 2922 930 2970 enlm
956 2921 1049 2970 videbit
1076 2922 1237 2970 domesticum
1256 2935 1284 2972 et
1307 2939 1368 2971 suun

308 2991 445 3052 Sullae-un,
467 2992 615 3042 Merulemm
634 2995 744 3058 familie,
761 2998 822 3046 Cor-
865 3001 991 3050 cuumlem
1009 3017 1075 3050 nure
1089 3019 1133 3050 ena
1147 3002 1290 3062 facientem,
1305 3017 1368 3067 quen

298 3070 368 3134 'nelli
390 3072 493 3134 generis.
517 3075 582 3132 Date
596 3076 696 3139 generi,
717 3077 820 3126 subaud.
865 3091 1053 3128 eetemeomnee
1067 3081 1237 3146 comulee,qui
1247 3082 1369 3145 quotannis

309 3149 417 3212 Licinio;
430 3161 454 3198 et
456 3148 580 3215 samilioe,
590 3155 644 3202 eub.
653 3157 819 3204 Mureuerum.
864 3159 887 3206 ei
896 3159 975 3208 faeere
984 3171 1172 3210 consueverunt.

348 3224 387 3276 15.
411 3229 520 3279 Vidistis.
540 3234 599 3282 Non
617 3235 685 3296 quod
705 3236 821 3285 abiissent
901 3255 935 3286 ao
953 3240 1077 3288 Nomenti.
1093 3241 1124 3289 Id
1137 3251 1189 3302 eet,
1203 3239 1368 3304 ponderis.-

309 3309 445 3372 muuipree
457 3321 585 3374 enteqnam
596 3317 722 3364 sententie
731 3317 820 3364 leiren·
866 3317 1023 3386 Confirmatio
1035 3335 1098 3369 mea.
1110 3320 1139 3370 Id
1149 3331 1197 3378 eet,
1211 3319 1367 3368 testimouium

310 3398 364 3446 tur;
375 3387 418 3436 sed
427 3388 541 3452 uidistis,
551 3389 610 3438 dum
620 3407 691 3440 caum
700 3405 821 3458 ageretur,
863 3413 954 3448 mcum.

308 3466 440 3532 alloquitur
450 3471 514 3516 enim
524 3469 620 3530 judicer
633 3470 660 3518 iu
674 3472 743 3521 exitu
752 3473 820 3534 judi·
901 3493 945 3526 ar.
957 3477 1142 3542 {lepidissimum
1156 3477 1208 3526 otii.
1223 3479 1255 3526 Bt
1273 3491 1366 3532 nature,

310 3546 356 3609 cil,
368 3563 444 3611 quum
453 3547 585 3598 sententias
593 3549 666 3599 laturi
674 3550 705 3600 de
717 3569 760 3600 reu
771 3555 821 3614 jum
864 3567 888 3605 et
896 3559 1002 3606 fortuna.
1011 3557 1103 3606 Nature
1113 3558 1169 3621 quie
1178 3557 1270 3618 bonus,
1280 3561 1366 3608 tonum

310 3637 398 3674 munt.
864 3636 921 3700 quie
934 3647 1000 3685 stetu
1013 3639 1116 3702 optimo.
1135 3637 1168 3684 lie
1181 3638 1283 3686 muteu'o
1296 3651 1365 3686 rerum

350 3705 389 3754 16.
408 3705 504 3754 Patriis,
523 3709 585 3770 Qute
603 3711 705 3758 Lanuvii
723 3710 820 3760 lichum.
864 3714 923 3763 odio
942 3727 993 3775 eet,
1015 3717 1057 3780 qui
1075 3717 1149 3764 mutis
1167 3727 1225 3766 snut
1242 3713 1367 3764 commodis

310 3785 387 3831 Sacra
394 3783 479 3846 patria
488 3797 560 3835 vocet
569 3788 666 3848 Cicero,
675 3790 731 3853 quie
741 3793 821 3840 llIure·
863 3795 973 3858 prediti,
984 3807 1012 3844 ut
1021 3807 1106 3844 nutura
1118 3806 1143 3844 et
1156 3797 1253 3844 fortune
1263 3811 1317 3842 cum
1324 3793 1365 3840 rel·

312 3877 342 3908 ne
355 3874 407 3912 eret
416 3865 563 3914 Ieuuvinue.
864 3874 970 3937 publicae
987 3875 1064 3924 selme
1082 3876 1210 3937 conjuncti
1223 3876 1280 3922 sint.

349 3956 387 4004 17.
405 3944 508 3992 Iunonis
520 3945 629 4009 Sospitae.
648 3947 706 3996 Non
719 3949 822 3998 hnuvii
901 3969 945 4003 aa.
955 3954 1112 4004 Seditionem.
1125 3954 1295 4003 Tribuniciem.
1305 3949 1367 3997 Vidi·

310 4019 402 4080 solum,
415 4037 495 4070 verum
510 4025 582 4072 etiem
593 4026 678 4076 llomoe
692 4027 820 4078 delubrum
863 4047 917 4078 mne
935 4032 999 4080 euim
1017 4049 1060 4082 eoe
1075 4033 1118 4097 qui
1136 4032 1229 4082 tribuni
1241 4030 1318 4097 plebis
1330 4028 1365 4075 de·

307 4099 411 4164 Sospite
423 4101 529 4150 Junouls
541 4104 603 4167 luit,
618 4119 717 4156 anctore
735 4108 761 4157 P.
776 4109 820 4158 Vi·
863 4110 1161 4175 agnationum-tutuo
1169 4111 1279 4162 consiliis
1286 4113 1364 4160 uim·
