2976 4670
272 396 342 498 61¹2
446 397 816 466 OBSERVATIONES
841 395 1177 464 APOLOGETICAE

270 521 417 601 scientia,
432 541 482 582 res
502 535 580 582 sunt
594 499 717 607 parva,
737 501 843 608 ¹prope
859 518 893 581 in
910 517 1045 606 singulis
1064 516 1165 579 literis
1182 532 1282 603 atque
1299 518 1352 578 in·

268 623 551 715 terpnnctionibus
582 625 756 689 verborum
782 640 946 712 occupatae
958 653 981 686 ι.
1009 625 1049 686 In
1078 623 1244 711 responsis
1267 623 1352 702 suis,

256 749 342 822 ‘quae
359 733 453 798 editis
468 733 560 796 libris
571 733 751 820 posteritati
764 731 1000 796 conservabant
1011 729 1352 819 prudentes,nomina

270 841 512 905 consulentium
530 839 711 916 addebant,
741 863 783 902 ne
799 839 908 902 forsan
925 837 1015 901 fictas
1032 859 1159 900 caussas
1174 859 1290 926 agere,
1318 853 1353 899 ct

268 952 397 1012 inanem
417 969 548 1035 operam
565 947 686 1027 jactare
701 944 900 1010 viderentur.
918 945 1045 1008 Morem
1059 945 1150 1008 hunc
1164 943 1349 1030 reprehen-

268 1055 316 1119 dit
331 1071 440 1118 orator
455 1075 463 1116 ε
481 1053 656 1140 «Perpetui
675 1051 722 1139 (ι)
733 1052 831 1132 juris,
846 1067 878 1114 et
896 1051 1038 1114 universi
1055 1050 1180 1139 generis
1197 1050 1350 1136 quaestio,

269 1185 335 1225 non
360 1161 533 1224 hominum
565 1160 720 1242 nomina,
753 1158 810 1223 sed
833 1159 992 1222 rationem
1011 1156 1162 1239 dicendi,
1190 1173 1222 1220 et
1246 1179 1351 1244 argu·

268 1283 456 1331 mentorum
474 1265 581 1329 fontes
600 1265 781 1329 desiderat:
813 1265 846 1327 in
872 1287 940 1352 quo
968 1263 1063 1328 etiam
1085 1263 1137 1326 isti
1159 1285 1220 1326 nos
1244 1261 1350 1348 juris-

267 1372 407 1436 consulti
423 1369 623 1461 impediunt,
637 1394 655 1434 a
667 1368 890 1456 discendoque
904 1367 1077 1433 deterrent.
1088 1366 1193 1432 Video
1209 1369 1298 1431 enim
1313 1369 1349 1431 in

267 1478 398 1542 Catonis
417 1493 450 1542 et
474 1477 564 1540 Bruti
581 1475 672 1539 libris
698 1475 892 1539 nominatim
913 1476 981 1540 fere
1000 1472 1131 1556 referri,
1154 1471 1233 1561 quid
1250 1472 1350 1537 alicui

267 1583 307 1648 de
317 1583 390 1664 jure
403 1582 474 1645 viro
484 1597 541 1646 aut
556 1580 686 1644 mulieri
703 1579 946 1668 responderint;
958 1577 1073 1660 credo,
1090 1594 1128 1643 ut
1142 1595 1350 1668 putaremus,

265 1691 300 1752 in
318 1687 527 1769 hominibus,
545 1709 613 1749 non
633 1686 668 1748 in
687 1709 741 1767 re,
759 1684 1024 1766 consultationis,
1050 1701 1108 1748 atat
1131 1683 1348 1750 dubitationis

266 1818 412 1858 caussam
431 1792 571 1881 aliquam
592 1792 692 1856 fuisse
706 1823 729 1855 ν.
745 1791 867 1856 Eadem
883 1792 917 1856 in
937 1808 1048 1855 nostra
1064 1792 1212 1856 oratione
1227 1807 1276 1854 est
1291 1815 1348 1854 re-

265 1899 439 1987 prehensio
452 1922 459 1963 :
472 1929 484 1952 α
499 1899 538 1960 ln
548 1897 639 1961 omni
653 1896 795 1984 denique
810 1897 884 1976 jure
903 1896 987 1960 civili
1003 1895 1187 1983 aequitatem
1204 1896 1348 1983 relique-

266 2021 362 2086 runt,
392 2003 490 2068 verba
514 2003 583 2090 ipsa
606 2019 804 2083 tenuerunt;
831 2017 884 2084 ut,
915 2001 992 2089 quia
1018 2003 1051 2064 in
1078 2002 1214 2081 alicujus
1235 2001 1347 2082 libris,

265 2110 404 2200 exempli
423 2130 555 2190 caussa,
587 2107 621 2170 id
638 2128 758 2171 nomen
783 2108 995 2188 invenerant,
1022 2122 1201 2194 putarunt,
1229 2129 1346 2171 omnes

265 2218 427 2296 mulieres,
438 2237 510 2302 quae
521 2214 762 2302 coemptionem
778 2212 934 2293 facerent,
946 2211 1183 2276 Caiasvocari».
1202 2213 1344 2277 Innocui

265 2321 415 2385 ridentur
432 2318 561 2400 judices
576 2315 730 2406 pedanei,
746 2317 822 2404 quia
838 2318 934 2381 certis
951 2317 1118 2399 formulis,
1136 2318 1244 2382 minus
1259 2321 1346 2384 forte

264 2425 467 2505 necessariis,
481 2424 516 2486 in
532 2423 698 2486 sententiis
713 2423 780 2486 suis
795 2424 981 2488 utebantur.
994 2423 1147 2487 «Frustra
1159 2422 1206 2510 (a)
1218 2423 1345 2505 judices

263 2533 387 2608 solent,
404 2551 507 2617 quum
528 2527 722 2592 sententiam
738 2530 975 2616 pronuntiant,
992 2527 1128 2610 addere,
1146 2531 1173 2594 si
1185 2528 1265 2617 quid
1279 2533 1343 2594 snei

261 2637 374 2717 judicii
392 2652 456 2716 est;
485 2635 512 2699 si
537 2635 622 2699 enim
642 2657 711 2698 non
735 2635 800 2698 luit
815 2657 930 2699 eorum
944 2634 1205 2718 judicii,¹nihilo
1222 2637 1342 2726 magis,

263 2743 326 2807 hoc
344 2765 412 2805 non
426 2741 555 2822 addito,
566 2740 647 2804 illud
664 2759 712 2804 est
726 2740 929 2824 judicatum,
946 2740 1038 2828 quod
1051 2739 1178 2822 judicat
1197 2765 1341 2807 sensus».

263 2847 386 2914 Eadem
403 2848 560 2910 JCtorum
577 2847 611 2910 in
629 2845 858 2934 respondendo
875 2847 929 2909 hic
946 2861 994 2911 est
1010 2847 1147 2934 culpat·
1159 2847 1275 2935 Neque
1292 2865 1343 2913 ta·

264 2977 339 3018 men
359 2952 560 3040 quidquam,
587 2970 651 3015 tam
667 2968 802 3039 anguste
821 2953 979 3041 scriptum
1004 2968 1068 3035 est,
1098 2975 1166 3041 quo
1193 2977 1254 3044 ego
1272 2978 1341 3019 non

201 3053 207 3071 '
263 3061 407 3148 possim,
439 3083 506 3146 qua
530 3059 629 3122 dere
657 3059 782 3147 agitur,
801 3057 920 3123 addere
931 3057 978 3147 (3)
991 3091 1013 3123 ι.
1045 3060 1093 3124 Ex
1118 3061 1238 3149 quibus
1261 3063 1342 3126 locis

264 3189 367 3254 quum
387 3182 538 3247 constet,
555 3165 676 3228 nullam
695 3167 900 3229 occasionem
914 3167 1023 3254 legum
1038 3167 1161 3256 peritos
1182 3167 1341 3256 arguendi

296 3398 338 3466 (ι)
351 3400 389 3445 De
400 3397 470 3445 Oret.
480 3397 524 3445 lib.
535 3399 572 3453 11,
591 3412 646 3460 cap.
660 3396 703 3446 33.

300 3502 340 3570 (a)
354 3505 392 3550 De
406 3503 460 3551 Fin.
476 3500 520 3549 lib.
533 3503 573 3561 11,
587 3517 642 3566 cap.
653 3515 695 3550 ra.

297 3608 338 3676 (3)
356 3607 448 3656 Similia
467 3607 539 3671 plura
557 3607 640 3670 colligi
659 3618 769 3670 possent.
790 3607 895 3655 Facilem
909 3607 1036 3656 scientiam
1057 3625 1108 3658 esse
1120 3611 1338 3676 jurispmdentisnr

262 3697 409 3766 persuadere
428 3697 573 3745 conabatur.
584 3695 668 3760 (Vide
682 3696 719 3744 Cl.
733 3696 826 3744 Schult.
840 3697 871 3744 de
879 3698 933 3746 Jur.
946 3699 999 3748 Cic.
1010 3713 1066 3763 psg.
1077 3698 1148 3765 253.)
1161 3723 1174 3742 ι
1182 3701 1206 3748 st
1219 3712 1282 3749 esset
1291 3703 1337 3750 ists

264 3787 373 3852 cognitio
380 3785 441 3846 juris
449 3800 536 3849 magna
544 3800 572 3833 ac
583 3782 705 3847 difficilis,
716 3795 764 3834 etc.
775 3807 787 3827 n
799 3787 860 3833 ltern
871 3803 877 3833 :
891 3806 903 3828 ι
911 3786 996 3833 Omnia
1010 3796 1068 3834 sunt
1076 3789 1157 3853 posits
1167 3799 1223 3838 ente
1234 3790 1334 3838 oculos·

262 3875 381 3924 collocata
396 3873 422 3919 in
440 3887 486 3919 usu
502 3872 665 3936 quotidiano,
681 3873 705 3919 in
720 3873 893 3938 congressione
909 3873 1036 3922 bominum
1053 3887 1127 3940 atque
1140 3877 1165 3924 in
1180 3878 1251 3934 soso,
1265 3889 1310 3926 etc
1322 3903 1336 3920 ..

264 3965 295 4012 de
310 3964 379 4010 Orat.
390 3959 434 4008 lib.
449 3963 476 4022 1,
487 3976 541 4025 cap.
554 3968 585 4016 ss
599 3971 624 4008 et
635 3963 676 4018 ⁴3·
691 3961 782 4009 Eadem
795 3961 820 4008 in
834 3973 916 4010 nostra
929 3963 1040 4012 oratione
1050 3963 1187 4016 bebentnr:
1200 3989 1213 4008 ι
1222 3965 1336 4015 Difficilis

262 4063 343 4099 autem
365 4065 403 4096 res
421 4047 478 4096 ideo
501 4063 551 4098 non
572 4060 686 4114 putatur,
700 4051 769 4113 qnod
785 4061 811 4098 et
828 4051 957 4115 perpaucis
977 4063 1001 4101 et
1017 4051 1116 4102 minime
1130 4054 1242 4104 obscuris
1258 4055 1337 4104 literis

261 4137 402 4185 continetur
412 4167 419 4193 ,
435 4145 481 4182 etc.
491 4155 504 4176 a
