3026 4680
262 361 333 434 506
576 365 624 432 Μ.
651 367 688 432 Τ.
717 366 1011 434 CICERONIS

252 481 652 584 'praestaredebet⁶‚qui
664 507 703 556 se
717 499 814 556 nexu
830 484 1024 581 obligavit:
1041 483 1206 583 profecto
1221 491 1333 560 etiam

262 598 396 669 rectius
421 596 459 666 iu
489 593 626 690 judicio
655 594 812 692 consulis
835 595 1029 694 designati,
1049 596 1079 666 is
1098 598 1330 695 potissimum

263 706 411 794 consul,
438 710 502 803 qui
527 705 711 776 consulem
735 703 948 796 declaravit,
982 718 1130 778 auetor⁷
1162 705 1331 780 beneficii

263 815 392 914 populi
405 817 565 903 romani,
578 812 818 912 defensorque
831 815 981 914 periculi
995 841 1072 888 esse
1085 814 1244 888 debebit.
1259 821 1329 910 Ac,

264 928 311 1014 si,
331 940 372 996 ut
393 923 579 1012 nonnullis
603 930 640 996 in
669 925 873 1000 civitatibus
900 925 980 998 lieri
1012 928 1125 1016 solet,
1154 943 1330 1026 patronus

262 1036 350 1108 huic
368 1059 481 1106 causae
501 1032 665 1132 publice8
683 1039 985 1114 constitueretur:
1008 1041 1038 1109 is
1055 1040 1239 1136 potissime
1259 1039 1328 1110 ho·

262 1171 354 1218 nore
380 1145 509 1218 affecto
535 1143 703 1218 defensor
734 1146 905 1233 daretur,
937 1153 1003 1246 qui
1027 1148 1158 1222 eodem
1186 1150 1329 1222 honore

262 1253 435 1354 praeditus
462 1281 537 1328 non
555 1260 676 1329 minus
694 1255 840 1330 afferret
857 1257 903 1330 ad
923 1259 1116 1331 dicendum
1134 1263 1328 1333 auctorita-

263 1369 332 1455 tis,
352 1391 459 1462 quam
481 1364 670 1438 facultatis.
694 1369 802 1458 Quod
825 1369 854 1440 si
873 1383 982 1466 portu
1001 1369 1261 1457 solventibus⁹‚
1280 1373 1326 1454 ii,

264 1480 328 1574 qui
349 1477 422 1572 Jam
452 1478 490 1546 iu
521 1490 669 1573 portum
688 1498 734 1548 ex
763 1477 837 1548 alto
860 1479 1100 1568 invehuntur,
1135 1483 1327 1579 precipere

263 1579 407 1658 summo
426 1584 551 1656 studio
577 1586 696 1658 solent
725 1601 761 1658 et
787 1603 1042 1686 tempestatum
1063 1593 1259 1677 rationem,
1291 1603 1328 1662 et

264 1697 495 1796 predonum,
507 1711 544 1776 et
562 1696 743 1783 locorum3
759 1695 859 1794 quod
873 1714 1002 1770 natura
1014 1697 1084 1771 lert
1096 1711 1141 1786 ¹⁰,
1155 1713 1197 1770 ut
1207 1701 1260 1770 eis
1276 1698 1327 1770 sa·

264 1829 431 1894 mamus,
444 1810 508 1904 qui
529 1808 654 1886 eadem
677 1807 894 1906 pericula¹¹‚
909 1809 1045 1906 quibus
1063 1835 1129 1882 uos
1148 1809 1328 1908 perfuncti

264 1942 413 2007 sumus,
439 1918 711 2015 ingrediantur:
737 1943 813 2017 quo
845 1920 991 1991 tandem
1022 1945 1080 1994 me
1101 1925 1223 1993 auimo
1250 1945 1328 1994 esse

263 2045 427 2127 oportet,
449 2055 564 2127 prope
586 2031 659 2122 jam
685 2055 729 2101 ex
754 2054 882 2126 magna
900 2032 1096 2127 jactatione
1119 2047 1251 2104 terram
1272 2037 1327 2102 vi·

262 2139 409 2212 dentem
424 2153 464 2226 ¹²,
488 2141 662 2228 lehuno,
692 2142 752 2211 cui
785 2140 891 2212 video
915 2145 1087 2213 maximas
1122 2142 1328 2240 reipublice

261 2363 342 2412 evinci
362 2378 400 2410 res
415 2361 504 2408 dicitur
517 2360 609 2413 aliena.
626 2373 681 2424 qun
694 2376 770 2408 noua
816 2363 1000 2423 conjuratorum
1021 2362 1173 2428 principibu
1195 2362 1328 2412 interiectis

260 2457 320 2490 vero
333 2455 470 2504 possessore
485 2439 583 2488 vendita
596 2450 633 2488 est
647 2440 735 2496 tertio,
748 2450 773 2486 et
816 2440 923 2489 habitam
935 2442 998 2489 hane
1012 2443 1147 2490 orationem
1163 2443 1252 2500 fuisse3
1269 2453 1328 2490 tuuc

259 2519 368 2583 legitimo
384 2519 516 2582 possessori
534 2519 637 2583 repetita
655 2519 772 2566 sententia
816 2520 880 2567 enirn
905 2520 1019 2584 periculis
1047 2520 1189 2584 perfimetns
1215 2521 1329 2570 omuibus

258 2599 348 2660 judicis
362 2596 474 2645 redditur
485 2609 510 2644 et
522 2597 552 2644 ab
566 2597 724 2646 eoauiertur.
817 2599 902 2646 Cicero
927 2599 981 2648 luit.
1004 2603 1096 2648 Verum
1124 2599 1176 2648 linc
1198 2602 1328 2664 generatim

291 2680 323 2740 ¹6,
334 2674 684 2742 Periculumjndieiip‘oestare
693 2676 772 2726 debet.
817 2676 848 2725 (ie
860 2679 986 2726 consulatu
1000 2677 1125 2737 dicuutur,
1135 2693 1212 2742 enque
1222 2677 1330 2740 difficili,

260 2757 397 2820 Periculum
413 2757 541 2815 strictionis
562 2757 696 2820 suscipere,
705 2756 773 2820 quod
816 2769 841 2808 et
854 2757 953 2806 additur
966 2757 1051 2804 eudem
1064 2757 1131 2820 quod
1145 2757 1255 2805 noudum
1266 2769 1329 2807 teur-

260 2839 288 2886 iu
300 2835 374 2886 rebus
385 2835 489 2899 mancipi
503 2835 616 2883 venditor
629 2835 771 2899 prmtsbatt
815 2851 905 2901 porum
924 2837 1035 2886 conditio
1055 2847 1119 2884 esset
1137 2845 1237 2884 mutatu
1256 2840 1329 2888 Certe

260 2917 356 2966 eiiieere
374 2927 403 2965 ut
419 2915 534 2964 alienatio
550 2915 605 2973 ills,
618 2927 645 2964 et
663 2915 773 2970 venditio
817 2927 845 2966 ut
860 2935 890 2964 ex
907 2935 928 2964 e.
949 2919 963 2964 3
984 2927 1092 2978 eoustut,
1108 2915 1211 2966 Catilina
1226 2915 1329 2980 expulso

261 3008 311 3048 rata
324 2997 355 3044 sit
366 3031 375 3056 ‚
387 3012 418 3044 ne
428 2995 489 3058 quid
503 2995 534 3051 is,
546 2995 592 3058 qui
601 2996 675 3050 emit.
691 2994 773 3041 damni
814 2996 936 3058 judicium
945 2997 992 3045 hoe
1001 2996 1110 3045 habitum
1118 2996 1181 3054 fuit,
1191 2996 1258 3059 quod
1266 2996 1330 3044 istra

259 3077 373 3142 pst'tur.
391 3101 425 3114 --
446 3074 495 3139 Qui
514 3091 540 3122 se
558 3090 624 3122 nexu
645 3072 769 3137 obligavit.
817 3075 963 3126 tricesimum
978 3076 1044 3124 diem
1059 3085 1111 3123 erut
1126 3075 1236 3124 deruore
1248 3075 1331 3123 absol·

184 3198 187 3206 ι
260 3157 310 3219 Qui
324 3171 370 3220 pro
388 3155 459 3201 rebus
475 3153 596 3218 mancipio
612 3153 721 3200 alienatis
738 3155 771 3200 ita
817 3154 937 3212 rendum,
952 3171 1037 3202 verum
1056 3153 1166 3202 noudum
1180 3154 1256 3202 ceteri
1270 3169 1331 3202 cou-

259 3236 386 3300 promisit,
403 3245 555 3285 utseetsua
568 3234 633 3280 bona
642 3233 771 3296 obligaret.
814 3236 888 3296 jurati
912 3245 990 3282 mosee
1009 3234 1104 3282 ueluti
1128 3239 1253 3297 apparent.
1275 3234 1330 3281 Hoc

299 3331 323 3376 7.
335 3319 435 3364 Auctor.
450 3316 508 3376 Quo
520 3313 617 3362 nornine
626 3315 726 3378 proprie
737 3314 770 3369 is.
815 3316 889 3364 etism
915 3313 1046 3362 coniicitur
1071 3330 1102 3362 ex
1127 3317 1151 3360 ci
1180 3314 1224 3375 37,
1252 3327 1330 3375 neque

262 3396 306 3460 qui
324 3411 374 3441 rem
393 3394 515 3456 mancipio
531 3393 614 3440 vendit
635 3410 663 3440 se
682 3393 773 3451 tradit,
816 3395 882 3442 euim
894 3405 977 3442 untur
987 3394 1054 3454 injici
1065 3392 1242 3453 conjurationis
1252 3403 1330 3440 metus

261 3473 405 3541 appellatur.
415 3475 454 3522 ct.
466 3473 544 3520 Plsot.
556 3469 657 3522 Cureul.
672 3475 716 3529 IV,
728 3490 752 3522 a.
817 3475 944 3537 potuit,si
956 3473 1036 3522 omnis
1044 3474 1095 3533 jem
1107 3483 1187 3520 mut
1195 3471 1330 3536 prelum,

297 3557 321 3603 8.
336 3553 443 3602 Publice.
459 3553 516 3602 Nou
528 3567 611 3610 areo,
622 3551 665 3600 ssd
674 3552 773 3602 civitate
816 3553 1011 3617 suppliciumque
1021 3551 1052 3598 de
1065 3551 1169 3612 celsinus
1178 3561 1314 3613 sumpturi.

261 3636 352 3686 electus
362 3644 387 3681 et
398 3641 517 3695 receptus.
855 3647 894 3680 rs.
908 3634 1010 3679 Terram
1018 3630 1152 3678 nidenan.
1162 3629 1330 3678 Puiuulurun

296 3730 324 3778 9.
338 3713 475 3767 Victorius,
492 3720 551 3774 post
564 3710 666 3772 Quintil.
681 3713 714 3771 V,
733 3727 772 3768 st,
817 3711 920 3760 ιιιιιὶιιιι
933 3721 1001 3774 purte
1015 3709 1157 3757 defunctum
1169 3719 1194 3756 et
1207 3719 1330 3771 tanqum

261 3797 332 3858 ιδῃ
343 3803 416 3859 portu
425 3790 576 3840 solventium.
589 3791 615 3837 J.
627 3793 656 3836 V.
666 3793 692 3838 L.
817 3793 848 3840 sd
864 3802 962 3854 potuim
979 3789 1157 3838 succedentem.
1175 3787 1256 3835 Verba
1273 3799 1331 3836 suut

258 3915 261 3918 .
299 3889 339 3923 ιο.
354 3875 393 3922 Sic
405 3887 437 3920 ex
449 3869 535 3918 eodem
547 3869 652 3930 Quintil.
662 3870 772 3920 Lumbin.
817 3870 1025 3934 uompmtioueur
1050 3867 1195 3930 exceptione
1226 3867 1330 3929 quadam

260 3947 774 4014 Mutet.Graev.provulg.affirt.J.V.L.
818 3951 922 4013 exigua,
947 3949 990 3996 sed
1016 3946 1085 3996 nullo
1110 3945 1228 4009 temporis
1252 3947 1332 4009 spatio

301 4049 341 4081 ιι.
355 4031 450 4080 Eadem
458 4027 579 4092 pericula.
594 4029 630 4074 Ex
643 4027 681 4074 his
694 4027 775 4076 verbis
818 4020 919 4078 delinita
934 4029 1067 4112 exipeutin
1080 4027 1158 4089 iisque
1169 4025 1330 4089 respondent,

261 4111 361 4162 deducit
370 4108 505 4172 Manutius,
516 4119 571 4174 post
579 4123 640 4160 uon.
651 4107 773 4158 decembr.
819 4108 862 4175 qui
868 4107 943 4174 jem,
954 4120 1002 4158 etc.
