3020 4666
459 377 526 446 ns
549 375 688 449 nucu
713 377 974 463 tanturn,
998 377 1025 444 1.
1166 359 1275 476 ‘237

207 513 396 582 mesticum
416 523 471 581 est
488 536 496 579 :
514 508 600 582 huic
617 533 686 608 pro
708 533 746 582 se
764 511 919 606 quisque
937 521 1104 582 nostrum
1119 512 1275 603 mederi,

206 637 317 719 atque
338 621 409 693 hoc
433 631 562 692 ornnes
588 643 714 692 sanare
736 620 829 691 velle
856 617 1040 694 debemus.
1065 625 1217 712 Erratis,
1244 629 1276 697 si

206 747 372 803 senatum
397 729 553 830 probare
575 757 637 820 ea,
668 753 749 828 quae
776 728 949 801 dicuntur
972 755 992 802 a
1014 755 1093 820 me,
1120 735 1276 832 putatis,

206 844 386 941 populum
403 858 523 914 autem
540 866 617 914 esse
634 845 673 911 in
687 841 753 913 alia
766 839 963 912 voluntate.
986 845 1141 930 Omnes,
1159 845 1224 940 qni
1238 868 1276 915 se

206 951 406 1025 incolumes
423 953 569 1041 volunt,
581 966 781 1050 sequentur
796 957 1076 1023 auctoritatem²
1097 955 1275 1044 consulis,

205 1063 315 1134 soluti
334 1087 355 1134 a
376 1062 634 1162 cupiditatibus
647 1059 675 1151 ³,
696 1061 801 1134 liberi
818 1087 839 1135 a
856 1060 1014 1149 delictis,
1037 1064 1134 1134 cauti
1154 1065 1191 1136 in
1210 1088 1274 1163 pc-

204 1170 349 1259 riculis,
369 1197 444 1243 nnn
461 1171 579 1243 timidi
598 1175 637 1242 in
654 1170 951 1244 contentionibus
961 1175 988 1240 ⁴.
1012 1171 1119 1262 Quod
1144 1178 1174 1244 si
1192 1177 1287 1272 quis,

206 1297 365 1355 vestrum
379 1307 444 1382 spe
464 1281 627 1371 ducitur,
645 1308 683 1354 se
701 1306 807 1380 posse
823 1280 1035 1354 turbulenta
1055 1283 1195 1354 ratione
1211 1282 1274 1356 ho·

159 1455 165 1462 .
206 1395 288 1464 nori
303 1392 471 1466 velificari
492 1417 560 1466 suo
583 1393 792 1492 :.primum,
810 1415 869 1464 me
887 1392 1058 1480 consule,
1080 1391 1117 1464 id
1130 1417 1274 1491 sperare

205 1501 373 1592 desistnt3
398 1502 530 1575 deinde
555 1501 689 1574 habeat
709 1527 768 1574 me
795 1505 915 1601 ipsum
941 1500 1009 1572 sibi
1034 1501 1274 1592 document0,

204 1638 316 1710 quem
346 1615 507 1711 equestri
537 1628 660 1684 ortum
685 1611 794 1684 loco⁵
822 1610 1011 1685 consulem
1042 1610 1160 1700 videt,
1193 1639 1274 1712 quae

204 1726 283 1796 vitae
304 1726 361 1795 via
385 1723 552 1797 facillime
578 1725 675 1804 viros
705 1723 824 1794 bonos
846 1721 891 1793 a'd
916 1720 1096 1794 honorem
1120 1723 1273 1822 dignita·

206 1845 352 1931 temque
366 1833 550 1933 perducat.
566 1831 676 1924 Quod
693 1834 722 1906 si
736 1857 799 1905 vos
814 1846 975 1904 vestrum
989 1830 1078 1903 mihi
1091 1832 1272 1925 studium,

205 1959 325 2041 patres
350 1946 562 2044 conscripti,
589 1943 635 2016 ad
656 1967 890 2016 communem
913 1943 1125 2042 dignitatem
1145 1943 1271 2016 defen·

205 2053 360 2127 dendam
390 2053 650 2156 profiteminit,
681 2053 866 2152 perficiam
892 2051 1057 2152 prolecto
1083 2053 1141 2143 id,
1170 2055 1272 2152 quod

240 2337 264 2370 e.
276 2324 411 2388 Sequemur
420 2324 592 2372 auctoritatem
601 2321 714 2371 consutis.
760 2322 889 2374 discrimen
905 2321 983 2369 ullum
1000 2321 1155 2372 demutabit.
1171 2321 1216 2373 Hie
1228 2342 1270 2374 re·

205 2401 336 2466 Postquem
349 2402 475 2452 tribunum
485 2403 580 2468 plebis,
594 2414 620 2451 et
630 2417 715 2451 omnes
759 2401 868 2449 tionibus
889 2399 953 2448 hene
979 2401 1080 2449 elterem
1102 2400 1185 2461 eddit,
1203 2407 1273 2469 quod

205 2481 362 2530 consiliorum
378 2483 432 2544 eine
447 2483 588 2547 principes,
604 2481 715 2531 hortetur
760 2489 839 2528 errant
849 2495 864 2526 e
874 2477 1017 2544 p'ropoeito,
1029 2478 1167 2530 ethonore·
1177 2481 1222 2532 luc
1232 2484 1272 2534 rie

203 2571 290 2619 eet,ut
297 2561 532 2628 tendemeliqueirdo
542 2562 715 2626 rempublicam
759 2575 784 2607 ee
802 2559 936 2624 adepturos
953 2560 1119 2622 arbitrentur,
1136 2578 1188 2610 non
1206 2565 1271 2614 enirn

95 2650 97 2656 ’
204 2653 343 2704 cepeeemt,
354 2643 513 2707 desinuntque
530 2645 607 2708 magis
621 2659 650 2690 ee
668 2657 716 2690 rne-
758 2639 806 2686 lroc
822 2637 898 2686 modo
913 2637 945 2686 ed
957 2639 1063 2687 honores
1076 2642 1234 2705 pervenient,
1251 2647 1293 2702 ei,

204 2719 241 2784 gie
258 2723 344 2770 lesem
360 2722 478 2782 lecerere3
497 2739 568 2771 ecee
586 2724 714 2788 proposito
758 2718 872 2767 videficet
885 2718 1059 2785 rempublicern
1073 2737 1169 2785 semper
1182 2722 1273 2773 ddece-

204 2799 324 2858 deterret,
350 2802 502 2852 ostendendo
519 2802 640 2868 populum
658 2816 715 2850 curn
758 2810 814 2847 rent
825 2797 897 2846 norie
910 2797 1091 2862 rogationibus,
1113 2815 1168 2864 quoe
1180 2815 1272 2869 uictum

204 2891 290 2929 eemtu
302 2892 327 2930 et
340 2882 481 2933 eomnlihue
491 2881 518 2930 in
531 2897 573 2930 eos
586 2880 713 2944 edrupire·
758 2879 873 2928 omnibns
885 2878 1017 2937 incutient,
1036 2877 1216 2944 seditioneque
1227 2898 1272 2930 no-

204 2971 300 3022 turum,
311 2961 449 3027 nullmqne
460 2963 580 3011 retionene
591 2959 652 3024 legis
661 2975 714 3006 een·
758 2975 800 3008 ree
812 2960 918 3024 perient.

130 3103 132 3108 ,
205 3039 297 3091 cienda
310 3029 425 3090 futurem.
438 3041 491 3090 Nee
503 3041 553 3089 ulle
567 3053 648 3088 revere
659 3038 714 3087 fuit.
794 3049 820 3097 4.
828 3040 884 3087 Non
897 3035 979 3086 timidi
987 3035 1012 3084 in
1022 3036 1273 3088 contentionibus&-

206 3120 267 3167 Nem
285 3121 338 3184 lege
355 3119 479 3180 nTullio,
503 3117 598 3186 populo
617 3132 715 3176 curem,
758 3121 824 3166 euim
836 3120 857 3166 ei
870 3133 908 3165 ree
921 3117 947 3164 in
962 3117 1150 3188 contentioneni
1167 3116 1273 3168 deduce-

206 3198 287 3246 riride
300 3211 325 3248 et
337 3201 425 3248 acriter
435 3199 590 3263 impugnata,
604 3212 680 3261 quum
689 3196 715 3243 in
760 3206 808 3255 tur,
820 3197 892 3245 bona
905 3210 983 3244 cam
995 3195 1038 3260 qui
1052 3194 1167 3256 inservit,
1180 3213 1231 3246 non
1248 3199 1272 3248 ei

204 3280 311 3328 consuti·
328 3279 472 3328 sententiam
486 3277 643 3326 inclinassent
663 3291 716 3322 orn·
760 3288 797 3325 eet
810 3276 953 3337 defuturus,
972 3273 1016 3322 eed
1029 3284 1114 3322 contre
1126 3275 1274 3327 eudecterei

204 3358 273 3406 nium
289 3359 384 3421 enimi,
404 3359 503 3421 cognita
522 3354 609 3421 populi
626 3354 715 3403 solun·
743 3357 973 3425 ,patrocinaturus

205 3447 269 3497 tete,
280 3439 369 3488 Rullus
378 3455 422 3487 eue
430 3453 474 3503 spe
485 3437 663 3500 deiectusque
674 3435 715 3500 de·
794 3436 819 3485 5.
832 3420 948 3499 Equestr'r'
959 3446 1038 3484 ortum
1050 3434 1115 3484 loco.
1127 3437 1222 3486 Petrern
1233 3437 1273 3486 ci·

205 3517 291 3564 stineu
305 3519 339 3568 in.
349 3529 429 3566 mente
446 3517 581 3576 hebuerit,
598 3511 714 3580 perficere
759 3516 854 3564 neronis
865 3514 983 3563 lullonem
996 3515 1082 3574 iniere,
1094 3516 1274 3580 Calenueepnd

206 3609 257 3641 nun
267 3596 317 3655 jem
329 3613 401 3646 euius
415 3607 459 3645 eet.
705 3593 707 3598 ’
759 3595 865 3643 Dionem
876 3593 1002 3644 declamat.
1015 3594 1124 3653 Plinius,
1138 3611 1192 3642 euru
1202 3611 1274 3658 eque·

242 3673 268 3719 3.
293 3675 370 3722 Saluti
391 3693 408 3722 e
432 3672 612 3738 cupiditatibus.
633 3672 715 3735 Quum
742 3661 1273 3739 ‘etriloeoorturnnarret,prolertqneeurn

206 3752 272 3800 enim
283 3767 333 3800 uun
345 3754 467 3804 servande
480 3751 620 3820 reipublice
631 3752 715 3801 studio
759 3751 786 3800 id
799 3755 824 3801 in
835 3762 920 3801 senatu
930 3751 1102 3812 declrnvieee,
1113 3762 1141 3799 ut
1151 3750 1241 3815 populi
1249 3761 1274 3800 et

207 3831 330 3891 incitetur,
340 3847 418 3895 neque
428 3849 545 3880 noverum
556 3849 636 3880 rerum
646 3831 715 3898 cupi·
760 3831 877 3896 equestris
897 3829 971 3878 eimul
994 3829 1088 3877 ordinis
1109 3829 1203 3876 enimoe
1226 3829 1274 3877 eibi

144 3903 147 3910 ’
207 3910 283 3959 ditete
298 3921 398 3974 egetur,
413 3911 474 3958 nilril
488 3927 543 3958 eum
560 3926 572 3958 e
585 3913 716 3977 proposito
735 3915 736 3921 ’
760 3910 910 3958 conciliaret.

207 3989 448 4054 deterrere‘poterit;
459 4005 538 4053 neque
550 3991 615 4036 eninr
627 3999 716 4038 temere
796 3984 987 4054 &Priuitemini
996 3985 1272 4051 Nunceenetoreeipeoe
1373 4025 1375 4030 .

208 4085 234 4118 ee
256 4069 371 4134 periculis
397 4067 513 4131 objiciet,
531 4083 611 4133 neque
631 4071 718 4118 timore
761 4063 1277 4131 edeepeeeendemrerupnblicemltortetnr‚
