3020 4666
585 375 868 445 EXCURSUS.
1198 378 1269 448 aod

195 519 264 563 uon
281 493 412 578 rident,
431 511 489 560 aut
509 497 618 562 vocari
638 497 785 586 potuisse
805 496 1022 563 contendunt.
1039 499 1155 588 Itaque
1173 499 1273 565 altera

191 603 293 694 vulgo
312 602 470 667 sententia
485 604 658 691 praefertur
675 627 683 668 ε
699 625 771 691 quaa
782 619 890 668 tamen
910 603 1000 668 haud
1013 605 1123 669 minus
1134 604 1274 670 absurda

193 727 255 776 est.
268 711 414 775 Hoccine
424 710 465 774 sit
473 710 644 792 credibile,
656 710 789 775 Nasone
800 727 938 800 praetore
946 711 1093 776 veneficii
1101 727 1272 801 presente,

193 812 383 876 Voconium
395 811 729 900 quaestionisjudieem
744 814 814 904 lege
826 814 1143 904 quaesisseiliepete,
1153 838 1274 904 quaeso,

195 941 271 1008 quae
294 928 311 996 ς
340 941 359 982 a
381 917 533 984 diximus.
556 919 645 984 Nihil
668 921 808 1005 certius,
837 943 936 1009 quam
957 923 1145 1010 praetorium
1173 923 1273 986 fuisse

195 1041 334 1103 munus,
350 1019 418 1108 lege
431 1041 581 1110 quaerere,
595 1020 741 1111 illudque
752 1039 833 1088 tunc
844 1024 968 1105 solum,
980 1043 1082 1112 quum
1093 1023 1276 1113 protorde·

195 1122 322 1207 ficeret,
332 1124 374 1189 ad
386 1127 573 1214 quaestionis
582 1127 726 1208 judicem
738 1128 942 1218 pertinuisse.
957 1127 1057 1210 Quod
1071 1130 1097 1193 si
1112 1128 1273 1194 ambobus

195 1253 233 1296 ea
247 1231 346 1296 simul
361 1255 411 1298 res
429 1235 631 1317 conveniret,
645 1253 730 1301 certe
747 1252 855 1302 tamen
874 1257 983 1324 neque
994 1234 1078 1300 duos
1090 1236 1160 1323 pari
1177 1251 1273 1323 poto·

195 1353 279 1404 state
309 1338 497 1427 quaesitores
526 1341 637 1404 liceret
666 1340 808 1431 fingere,
836 1365 945 1432 neque
972 1342 1039 1422 lex,
1069 1357 1168 1430 atque
1196 1341 1274 1405 inde

194 1444 342 1529 Mlius,
355 1446 501 1534 proteris
517 1444 699 1527 adjutorem
714 1449 932 1530 nominasset,
950 1449 1021 1537 ipso
1036 1463 1174 1536 pretore
1193 1469 1274 1511 con·

196 1567 332 1639 tempto.
346 1551 378 1614 N
379 1573 430 1614 am
439 1549 529 1638 quod
543 1552 695 1640 Sigonius
711 1551 751 1617 de
764 1553 838 1618 tud.
851 1555 898 1637 11,
915 1553 967 1636 31,
969 1553 1113 1644 judicem
1126 1553 1275 1642 quaestib-

195 1658 246 1720 tu's
260 1677 323 1744 pro
342 1677 553 1744 quocumque
570 1658 742 1745 quaesitore
752 1707 761 1740 ,
773 1659 839 1723 sive
854 1660 880 1724 is
892 1674 1010 1748 praetor
1028 1659 1088 1740 sit,
1102 1658 1170 1722 sire
1187 1679 1273 1741 non,

196 1761 231 1825 in
249 1762 321 1850 lege
338 1762 489 1851 usurpari
507 1779 618 1852 putat,
638 1780 737 1851 atque
760 1765 794 1828 id
812 1765 974 1854 singulare
989 1765 1165 1828 arbitratur
1184 1785 1273 1844 esse,

196 1883 262 1932 tam
280 1883 330 1932 est
349 1867 497 1956 profecto
512 1868 689 1957 singulare,
710 1885 748 1932 ut
764 1868 852 1934 eredi
867 1871 959 1934 nullo
980 1869 1081 1933 modo
1093 1869 1205 1958 possit
1224 1869 1274 1932 Ab

196 1972 324 2062 legibus
336 1971 513 2036 verborum
524 1989 572 2037 est
585 1974 695 2062 potius
704 1973 921 2039 redundantia
931 1974 1163 2062 exspectanda,
1176 1995 1273 2063 quam

197 2078 393 2168 parsimonia
411 2097 419 2141 :
435 2093 564 2142 tantum
577 2079 686 2160 abest,
704 2095 742 2143 ut
753 2077 837 2144 duos
852 2080 948 2168 longe
962 2071 1106 2144 diuersos
1122 2079 1273 2144 homines

197 2207 266 2250 uno
282 2183 455 2274 designent
467 2185 619 2265 nomine,
634 2185 733 2273 idque
751 2208 768 2249 a
786 2185 926 2268 minori,
941 2187 998 2274 qui
1012 2209 1054 2250 ne
1068 2187 1273 2275 magistratus

198 2291 331 2380 quidem
351 2308 439 2372 erat,
455 2289 628 2356 desumant
640 2314 772 2357 nomen.
788 2293 900 2358 En'tne
914 2293 1049 2380 aliquis,
1079 2293 1132 2356 cui
1144 2291 1276 2380 probari

197 2398 319 2487 possit,
341 2398 488 2488 praetoris
511 2397 633 2463 vicario
654 2398 839 2464 mandatam
861 2400 960 2465 fuisse
984 2399 1218 2489 quaestionem,
1239 2399 1274 2463 iu

197 2505 335 2592 ejusque
352 2504 486 2569 nomine
508 2504 615 2593 ipsum
638 2506 798 2570 contineri
818 2507 1014 2596 praetorem?
1031 2505 1095 2570 Sed
1113 2505 1206 2570 haesit
1224 2505 1275 2569 vir

198 2631 338 2699 magnus
349 2609 383 2673 in
394 2609 444 2674 his
457 2609 598 2673 Tulliani
608 2608 747 2674 difficilis
758 2611 822 2676 loci
834 2613 956 2700 laqueis
969 2634 977 2675 r
990 2611 1046 2699 qui
1056 2659 1065 2692 ,
1076 2632 1181 2699 quum
1192 2612 1224 2674 ΙΙ
1234 2607 1276 2675 de

197 2714 273 2781 tud.
293 2720 335 2798 4,
350 2713 368 2780 5
381 2764 391 2798 ,
403 2715 569 2780 Nasonem
581 2733 771 2804 praetorem,
786 2735 817 2782 et
831 2718 1016 2782 Voconium
1028 2715 1170 2798 judicem
1186 2739 1276 2804 qute-

197 2822 315 2887 stionis
335 2823 481 2906 fecisset,
501 2845 570 2912 erp.
596 2822 649 2906 31,
674 2824 715 2907 Q.
737 2823 903 2888 Nasonem
925 2823 1112 2911 questionis
1133 2820 1277 2902 judicem

199 2928 396 2992 Cluentiano
405 2927 529 3007 judicio
538 2928 698 2994 existimat
711 2928 887 3018 praefuisse.

242 3035 302 3099 tx.
314 3035 385 3098 iarn
399 3057 477 3100 vero
495 3057 597 3124 quum
610 3046 626 3113 s
641 3034 658 3101 5
671 3053 705 3100 et
720 3037 741 3101 6
760 3035 943 3117 statuerim,
959 3055 1059 3100 unam
1076 3033 1177 3098 fuisse
1196 3034 1279 3098 Cor·

198 3139 317 3205 neliam
336 3141 440 3230 legem
451 3140 494 3205 de
509 3141 647 3224 sicariis,
661 3157 693 3205 et
707 3140 891 3223 veneficiis,
910 3139 967 3205 sed
985 3140 1181 3228 quaestiones
1192 3138 1278 3202 nihi·

197 3247 343 3312 lominus
355 3247 454 3314 fuisse
465 3247 560 3330 duas,
573 3254 590 3329 §
604 3271 642 3330 a,
655 3269 776 3336 quum,
794 3247 874 3337 quid
887 3249 1010 3312 fuerint
1026 3247 1214 3336 questionis
1228 3247 1280 3325 ju·

197 3351 520 3444 diees,exposuen'm,
527 3375 649 3442 eosque
660 3353 731 3443 lege
741 3355 902 3442 quaesisse,
907 3353 1103 3442 judiciisque
1112 3353 1278 3441 praefuisse

158 3529 164 3536 ,
198 3459 234 3524 in
250 3461 289 3526 iis
307 3460 542 3550 questionibus
559 3461 773 3541 observarim,
791 3482 864 3548 quar
880 3476 955 3550 post
970 3461 1176 3525 sortitionem
1195 3481 1278 3547 praa·

199 3581 310 3632 torum
331 3589 441 3632 vacuae
464 3567 714 3644 remansissent,
731 3571 750 3648 s
774 3587 810 3649 a,
832 3567 867 3650 3,
887 3571 924 3648 4,
942 3567 1003 3632 erit
1021 3589 1111 3632 nuno
1135 3565 1277 3654 pretium

199 3691 306 3760 operte
325 3687 424 3760 eaput
446 3671 510 3737 hoe
528 3673 598 3753 ejus
621 3672 700 3762 legis
716 3672 871 3760 quintum
894 3671 1083 3737 devenero
1104 3669 1144 3734 ab
1166 3669 1277 3732 Tullio

198 3779 338 3844 relatum
369 3799 445 3843 eum
474 3779 581 3866 primo
608 3777 650 3843 de
672 3779 792 3843 sicariis
814 3795 931 3870 agente
955 3778 1114 3843 conferre.
1137 3777 1277 3839 Caretur

198 3885 309 3973 itaque
321 3884 427 3973 capite
448 3885 569 3974 ptimo,
583 3915 597 3942 α
606 3902 644 3949 ut
657 3885 684 3949 is
698 3901 832 3973 praetor,
848 3883 988 3965 judexne
1005 3881 1211 3970 questionis,
1224 3880 1278 3946 cui

199 4009 286 4056 sorte
298 3992 470 4056 obvenerit
480 3991 616 4080 quaestio
629 3989 669 4055 de
678 3990 818 4072 sicariis,
835 3990 919 4070 ejus,
931 3989 1022 4076 quod
1035 3987 1068 4052 in
1083 3988 1164 4052 urbe
1174 3989 1278 4054 Roma

198 4099 337 4190 propius
354 4095 442 4161 miiie
459 4119 571 4186 passtts
595 4100 717 4162 factum
734 4097 790 4180 sit,
808 4111 847 4158 ut
867 4109 989 4182 quaerat
1009 4115 1083 4158 oum
1094 4090 1276 4176 judicibus,
1360 4088 1364 4100 '
