2976 4670
348 439 438 511 rao
462 427 829 512 tunucousuutts
854 442 1072 513 Romanu.
1173 439 1245 543 595

175 579 207 628 ct
218 581 348 645 auctor,
363 565 428 646 jam
444 581 511 628 erat
521 563 718 629 constitutus
732 587 791 653 per
806 586 922 630 manus
936 565 1193 651 consertionem,
1210 583 1244 634 et

174 669 320 735 vindiciae
335 671 513 759 possessori
531 693 570 734 ex
586 669 652 734 Xll
670 670 772 734 Tabb.
790 669 871 736 datae
894 669 959 758 (1);
978 693 1054 736 uam
1072 671 1159 738 illam
1175 675 1242 744 rim

175 777 374 858 simulatam,
391 792 423 840 et
443 777 477 839 in
494 799 529 840 re
544 777 693 864 proesenti
708 799 867 866 pugnarn,
889 777 957 842 VV.
975 779 1045 841 DD.
1063 800 1177 843 omnes
1197 779 1244 844 la·

174 901 258 947 ctam
272 885 371 947 fuisse
384 882 517 946 tradunt
529 899 604 946 ante
617 883 918 972 interrogationem,
931 886 1091 972 annefias
1109 901 1245 950 auctor:

174 989 229 1054 scd
247 990 364 1054 dubito
388 989 520 1074 (timide
538 1005 646 1054 tamen
664 1006 696 1053 et
713 1013 780 1054 non
798 990 867 1053 sine
889 989 1017 1077 pudore
1036 1013 1140 1054 meam
1162 993 1245 1058 hunc

173 1093 412 1158 dubitationem
427 1093 634 1184 proponens)
653 1118 733 1157 num
756 1095 814 1158 ista
837 1095 1046 1184 interrogatio
1064 1119 1131 1160 non
1146 1099 1245 1162 fuerit

172 1199 254 1264 sacta
272 1218 347 1264 ante
365 1223 481 1264 manus
499 1201 759 1284 consertioncm;
779 1201 906 1264 nullum
926 1217 1013 1265 certe
1031 1220 1176 1267 veterum
1194 1204 1244 1268 lo·

172 1329 248 1368 curn
270 1305 385 1386 video,
411 1305 469 1395 qui
494 1329 565 1371 eam
588 1322 662 1394 post
684 1306 769 1369 hanc
788 1305 852 1370 vim
876 1305 1060 1370 simulatam
1079 1307 1126 1396 (a)
1143 1309 1243 1374 fuisse

172 1412 288 1500 factam
307 1433 455 1499 expresse
480 1426 616 1475 testetur
637 1434 646 1474 ε
665 1410 711 1474 sic
734 1409 844 1474 forsan
867 1433 969 1474 resse
991 1411 1130 1476 habuit:
1149 1415 1244 1480 «Pri-

172 1539 280 1598 mum,
306 1539 410 1604 quum
435 1515 487 1581 die
510 1516 691 1605 perendino
710 1533 849 1604 uterque
871 1515 999 1606 litigans
1020 1517 1243 1584 vadimonium

172 1625 321 1706 obiisset,
335 1624 397 1688 hac
409 1640 519 1688 nostra
534 1625 673 1689 formula
688 1647 781 1688 reum
801 1625 936 1715 rogabat
957 1641 1063 1708 actor,
1080 1649 1164 1689 antra
1180 1651 1242 1692 aas·

170 1726 367 1814 ctorfierct?
379 1730 399 1793 i.
415 1753 443 1794 e.
464 1752 505 1792 an
524 1730 666 1813 essetis,
683 1753 782 1818 aquo
794 1731 846 1810 jus
862 1753 959 1796 suunt
976 1731 1127 1820 persequi
1142 1730 1242 1797 debe·

170 1851 219 1899 ret
235 1835 301 1923 (3);
324 1835 351 1899 si
367 1858 441 1900 reus
463 1853 610 1924 negaret,
630 1852 662 1900 et
683 1859 760 1900 eum
781 1859 850 1901 rem
869 1853 977 1900 tamen
998 1837 1145 1902 detinere
1164 1861 1242 1927 pro·

169 1940 320 2022 baretur,
347 1941 507 2030 possessio
529 1942 563 2004 in
591 1957 734 2006 actorem
759 1942 1013 2006 transferebatur
1039 1927 1108 2030 (4);’
1130 1945 1178 2008 sin
1207 1969 1242 2009 sc

168 2063 335 2112 auctorem
347 2045 486 2128 diceret,
501 2063 573 2110 tum
588 2069 702 2112 manus
716 2048 878 2111 consertio
891 2046 1003 2128 fiebat,
1018 2065 1050 2112 et
1061 2047 1241 2137 possidenti

168 2152 321 2241 (excepta
339 2152 462 2216 liberali
485 2152 616 2240 caussa)
639 2152 793 2218 vindicias
810 2169 930 2241 praetor
946 2152 1060 2236 dabat,
1078 2156 1144 2219 sive
1162 2178 1239 2220 eum

167 2259 315 2339 interim,
336 2257 446 2346 quoad
467 2256 630 2322 definitiva
647 2257 688 2322 de
704 2259 900 2347 proprietate
916 2261 1073 2324 sententia
1088 2283 1239 2349 pronun·

167 2355 319 2446 tiaretur,
343 2386 562 2453 possessorem
587 2365 829 2447 constituebat,
854 2381 929 2453 post
950 2366 1018 2430 baec
1036 2384 1237 2432 sacramento

167 2469 369 2550 certabatur,
404 2491 445 2532 an
471 2468 594 2548 justum
629 2469 710 2534 illud
736 2486 819 2534 esset
844 2468 1050 2550 judicabatur
1075 2471 1147 2561 (5),
1176 2495 1238 2561 pro

167 2574 274 2663 praede
292 2575 504 2640 satisfaciebat
528 2597 713 2663 possessor,
735 2598 769 2639 se
792 2575 871 2640 nihil
895 2577 1173 2666 inpossessione,
1195 2579 1236 2644 d'e

167 2705 232 2771 qua
244 2682 389 2772 jurgium
406 2698 491 2763 erat,
513 2679 655 2747 deterius
675 2683 855 2765 facturum,
872 2683 922 2746 liti
938 2683 1134 2748 aestimandae
1149 2683 1237 2748 arbi·

200 2918 239 2985 (r)
261 2923 312 2968 ΧΠ
336 2918 414 2967 Tabb.
434 2918 488 2966 bec
505 2919 579 2967 luisse
599 2917 672 2966 verba
690 2916 818 2981 probabile
840 2929 893 2966 cst:
916 2918 962 2966 «Si
982 2921 1042 2981 quin
1061 2921 1116 2980 jure
1136 2937 1233 2970 manum

165 3019 314 3066 conserunt,
328 3007 464 3058 secundum
477 3023 532 3056 eum
543 3007 587 3071 qui
602 3007 724 3072 possidet.
738 3009 785 3056 Ast
793 3007 815 3054 sl
828 3008 873 3071 qui
885 3023 957 3071 quera
971 3007 1065 3058 liberali
1076 3025 1146 3058 causa
1158 3027 1232 3064 manu

164 3097 272 3155 adserat,
282 3095 417 3144 meandum
429 3095 565 3144 libertatem
573 3095 692 3143 vindicias
701 3095 759 3143 dato
768 3117 790 3144 s.
798 3096 862 3144 Vide
873 3100 927 3146 Jac.
938 3097 1086 3146 Gotholred.
1096 3098 1123 3146 iu
1133 3099 1231 3149 Probat.

164 3185 196 3233 ad
207 3185 233 3234 ll.
247 3187 297 3232 ΧΠ
309 3183 388 3232 Tabb.
399 3200 454 3249 pag.
469 3191 518 3245 ⁴⁰7
535 3179 571 3246 (in
585 3193 691 3248 quacior
700 3183 833 3250 lontibus).

198 3299 237 3364 (a)
255 3299 409 3348 (ὶοιιιιιιίιιιιι
420 3298 504 3363 potius
524 3314 555 3346 ex
577 3298 629 3362 ipsa
648 3297 752 3346 formala
770 3297 885 3361 colligam
907 3297 1040 3348 absurdum
1058 3301 1151 3366 quippe
1165 3303 1230 3350 soret

163 3400 271 3436 actorem
287 3387 380 3447 dicere,
403 3385 522 3451 «quando
541 3386 568 3434 in
583 3386 638 3452 jure
655 3397 680 3435 te
703 3387 859 3452 conspicios,
878 3403 954 3452 qoam
967 3390 1056 3453 sepius
1068 3399 1138 3438 antea
1150 3391 1230 3454 ipsum

162 3479 340 3543 conspexisset:
356 3499 368 3518 ι
378 3474 484 3540 Quaado
496 3475 521 3523 ἰιι
532 3477 586 3537 jure
602 3486 626 3523 te
639 3475 765 3540 conspicio
777 3497 790 3517 ι
803 3476 867 3523 euim
882 3475 1037 3540 idem-valet,
1050 3495 1080 3526 ac
1091 3479 1111 3525 si
1121 3477 1228 3542 diceret,

162 3589 174 3608 s
184 3566 283 3631 quaudo
299 3577 323 3615 te
333 3563 499 3614 vadimonium
511 3566 635 3614 sistentem
644 3566 694 3627 jam
708 3563 809 3614 rideo».

179 3680 239 3748 (3)
251 3680 316 3730 Vide
329 3679 475 3729 Raerardum
486 3678 511 3730 d.
521 3681 539 3730 l.
633 3721 636 3732 .

197 3793 236 3864 (4)
254 3795 391 3842 Obscurum
405 3807 456 3852 est,
477 3810 509 3841 an
525 3793 574 3841 buc
587 3794 709 3858 pertineat
729 3793 833 3840 formula
848 3793 915 3857 apud
928 3794 1067 3854 Valerium,
1082 3811 1141 3861 cap.
1158 3795 1189 3844 ιδ
1204 3807 1229 3845 et

152 3891 194 3952 ,at
206 3897 213 3929 :
227 3884 276 3944 uQ.
286 3880 343 3942 NQ.
353 3882 386 3928 A.
398 3881 455 3943 NQ.
468 3881 500 3928 N.
510 3881 609 3944 quando
618 3889 699 3943 neque
708 3880 756 3943 ais,
770 3895 850 3944 neque
860 3895 934 3945 negas
943 3903 965 3929 ι.

195 3994 234 4059 (5)
246 3997 311 4044 Ante
324 3989 401 4057 ipsius
410 3991 462 4073 litis
481 3993 682 4057 disceptationem
699 3992 729 4040 de
745 4003 910 4054 sacramento,
928 4005 1011 4042 utrum
1026 3995 1119 4057 justum
1131 4007 1191 4044 esset
1204 4011 1229 4046 et

160 4083 255 4132 admitti
266 4092 360 4146 posset,
371 4081 508 4142 judicatum
521 4082 608 4140 luisse,
620 4079 751 4146 probavit,
766 4081 852 4130 Batavi
862 4081 910 4130 lori
923 4094 1092 4132 omamenttsm
1100 4119 1108 4145 ,
1117 4083 1229 4136 Consult.
1273 4067 1276 4085 λ

159 4175 243 4221 Herm.
254 4169 417 4232 Noordlserk,
426 4171 496 4234 Disq.
515 4169 545 4218 de
556 4171 613 4234 Lsg.
628 4170 742 4220 Petronia
750 4206 758 4234 ,
769 4186 823 4235 cap.
834 4185 863 4228 a,
875 4169 891 4234 s
904 4187 946 4235 rt,
960 4187 1016 4236 pag.
1029 4177 1073 4232 49.

1025 4259 1083 4331 38.
