3018 4664
476 359 983 467 INL.CAT1L1NAM,1.
1023 389 1026 394 ι
1199 325 1269 446 395

193 487 269 588 vipsi
286 487 366 558 lovi
384 479 550 568 statori³,
572 482 823 579 antiquissimo
850 476 991 550 custodi
1019 475 1130 570 hujus
1148 469 1271 560 urbis,

199 591 304 694 quod
324 595 419 665 hanc
438 606 510 663 tam
531 606 680 679 tetram,
704 605 775 661 tam
796 587 1030 672 horribilem,
1049 600 1197 680 tamque
1214 585 1270 653 in-

199 707 326 780 festam
344 703 548 801 reipublicae
567 715 705 800 pestem
723 702 832 771 toties
848 701 921 794 jam
941 690 1164 792 effugimust.
1187 695 1271 762 Non

203 831 259 890 est
277 816 407 915 saepius
425 815 463 884 in
483 836 558 883 uno
577 806 751 883 homine⁵
771 810 865 880 salus
884 829 1022 879 summa
1039 798 1272 902 periclitanda

200 925 420 1024 reipublicae.
444 921 627 1014 Quamdiu
647 921 759 1010 mihi,
788 919 927 990 consuli
948 914 1151 1012 designato,
1174 915 1271 984 Cati·

200 1038 293 1124 lina,
321 1033 511 1106 insidiatus
537 1056 596 1117 es,
624 1056 699 1102 non
727 1028 876 1127 publico
906 1051 964 1098 me
991 1022 1179 1124 praesidio,
1207 1019 1271 1092 sed

200 1147 341 1244 privata
363 1142 549 1241 diligentia
570 1138 741 1212 defendi:
765 1151 880 1236 quum
899 1131 1094 1236 proximis6
1117 1133 1271 1204 comitiis

128 1256 137 1270 “
203 1251 454 1326 consularibus
466 1277 525 1322 me
541 1251 728 1322 consulem
740 1253 778 1320 in
791 1273 919 1347 campo
928 1261 955 1331 ⁷,
967 1261 1004 1318 et
1017 1244 1270 1340 competitores

201 1381 284 1436 tuos
306 1361 508 1436 interficere
531 1360 696 1447 voluisti,
714 1361 910 1458 compressi
932 1372 1014 1428 tuos
1033 1353 1189 1426 nefarios
1208 1375 1269 1421 co·

201 1489 306 1546 natus
331 1474 529 1544 amicorum
557 1465 748 1569 praesidio8
773 1487 808 1543 et
833 1472 965 1568 copiis,
987 1467 1089 1538 nullo
1111 1461 1272 1534 tumultu

201 1583 347 1682 publice
369 1583 571 1653 concitato:
596 1580 776 1678 denique,
800 1581 1104 1678 quotiescumque
1126 1597 1184 1644 me
1206 1596 1270 1670 pe-

202 1694 294 1780 tisti,
319 1717 383 1790 per
403 1715 463 1762 me
485 1690 551 1762 tibi
576 1689 720 1778 obstiti3
741 1713 961 1787 quamquam
985 1684 1170 1766 videbam,
1188 1706 1270 1779 per·
1317 1741 1320 1748 ,

144 1843 151 1856 ,
202 1805 332 1874 niciem
353 1825 469 1872 meam
493 1825 576 1872 cum
601 1825 731 1899 magna
749 1800 947 1872 calamitate
966 1796 1177 1895 reipublicae
1191 1817 1271 1864 esse

202 1911 575 2007 conjunctamthunc
596 1912 668 2005 jam
696 1926 818 2008 aperte
844 1908 1104 2007 rempublicam
1121 1905 1269 1976 univer-

201 2045 277 2094 sam
295 2023 405 2119 petis;
428 2020 562 2117 templa
578 2018 730 2090 deorum
748 2020 1029 2105 immortalium,
1044 2031 1137 2088 tecta
1152 2013 1269 2096 urbis,

201 2133 309 2204 vitam
338 2131 502 2204 omnium
530 2131 682 2217 civium,
710 2131 846 2202 Italiam
876 2131 1035 2227 denique
1062 2141 1196 2212 totam,
1222 2123 1269 2194 ad

203 2243 353 2316 exitium
373 2256 409 2312 et
425 2243 628 2312 vastitatem
645 2265 763 2312 vocas.

186 2429 187 2432 ,
253 2357 396 2444 Quare,
421 2353 594 2449 quoniam
620 2351 676 2440 id,
700 2351 799 2449 quod
826 2352 1011 2450 primuml>
1032 2363 1141 2447 atque
1161 2345 1271 2440 hujus

240 2579 266 2628 3.
279 2577 335 2626 lori
342 2576 441 2626 Statori.
454 2577 530 2638 Cujne
541 2577 669 2641 intemplo
677 2593 715 2624 ee·
794 2578 820 2626 6.
832 2578 959 2626 Proximis
972 2576 1085 2627 comitiis.
1100 2574 1196 2628 Hebitie
1207 2589 1220 2622 a
1231 2573 1270 2622 Ci-

203 2669 275 2707 netue
285 2656 428 2706 hebebatur.
437 2659 493 2706 Hoc
502 2667 582 2704 eutem
592 2673 684 2704 nomen
693 2657 715 2704 ei
760 2672 863 2717 corone,
876 2659 902 2704 in
912 2657 1001 2722 quibua
1014 2656 1131 2719 designati
1139 2665 1197 2702 eunt
1209 2654 1271 2702 Sila·

203 2737 310 2785 inditnm
323 2736 430 2784 declaret
443 2735 614 2794 Liviue,1,12
627 2772 635 2796 ,
647 2735 716 2799 quod
761 2753 806 2786 nne
819 2748 843 2784 et
852 2739 963 2786 Murcne.
977 2737 1049 2786 Conl.
1061 2751 1107 2800 pro
1116 2736 1215 2782 Mareu.
1228 2741 1270 2788 nt,

205 2827 289 2864 orante
297 2817 405 2865 Romulo
413 2831 482 2878 rege,
491 2816 617 2863 Romanor
626 2815 717 2878 fugien·
761 2818 795 2864 25
810 2828 834 2864 et
845 2818 889 2864 26.

204 2907 241 2944 tee
254 2896 362 2944 etltieeet.
380 2898 469 2943 Senece
482 2905 574 2951 autem,
593 2893 623 2941 de
634 2894 717 2941 Benel.
799 2915 823 2959 7.
837 2899 868 2942 In
879 2911 972 2959 canrpo.
984 2893 1090 2952 Martio,
1103 2893 1208 2941 comitile
1219 2905 1272 2938 rne-

204 2979 249 3032 1v,
258 2993 282 3036 7,
290 2975 482 3039 eioreppellatnm
491 2984 569 3038 putet,
577 2973 645 3036 quod
654 2982 718 3019 etent
762 2975 905 3040 §auctuum
919 2973 1029 3021 creandis
1042 2981 1146 3020 mereto.

205 3053 325 3104 beneflcio
334 3055 387 3114 eine
399 3053 491 3112 omnin,
501 3050 719 3100 eutorerabilitor·
799 3055 823 3102 e.
834 3052 971 3101 Amicorum
976 3052 1103 3116 praesidio.
1112 3047 1272 3099 Multitudine

206 3147 254 3196 quo
268 3143 313 3180 eet.
762 3149 845 3184 eornm
857 3133 1014 3197 civium,qoi
1024 3131 1084 3179 milri
1096 3129 1272 3186 levabantme·

242 3220 265 3269 4,
285 3207 435 3276 Effugimus.
457 3209 516 3258 Non
529 3209 561 3256 ed
577 3209 719 3258 Ciceronem
762 3229 810 3278 que
823 3212 951 3262 defendere
968 3211 1107 3259 eredebant.
1116 3209 1191 3258 Venit
1207 3208 1271 3256 enlm

205 3288 300 3350 colum,
321 3300 348 3338 nt
361 3289 459 3353 putavit
476 3289 617 3348 Munatium
634 3303 718 3335 verum
762 3294 863 3351 Cicero,
876 3303 904 3340 nt
916 3307 929 3340 e
942 3292 1073 3340 Plutarcho
1086 3301 1110 3338 et
1123 3291 1204 3338 Dione
1214 3303 1272 3335 uer-

205 3369 238 3418 ed
250 3385 327 3433 remp,
336 3383 434 3418 omnem
444 3368 505 3416 illud
520 3369 629 3416 referem.
763 3383 844 3431 retur,
858 3371 960 3436 eripetue
971 3371 1104 3419 amicorum
1118 3369 1235 3435 praesidiis
1248 3377 1274 3416 et

242 3447 719 3497 5.Inunolmmine.llocndCioeronem
762 3451 941 3510 loricatorum,
959 3459 988 3498 ut
1000 3451 1103 3516 periculi
1122 3448 1273 3514 magnitudi-

207 3527 425 3592 pleriqneretolere
434 3527 638 3593 interpreree,eed
648 3526 719 3577 laleo,
762 3547 817 3580 nem
831 3529 971 3579 dcclii-niet.

207 3609 296 3656 nemus
306 3608 432 3656 anseris
446 3607 488 3656 din
505 3608 719 3672 Cutilinerempu·
769 3639 774 3650 ·
798 3627 823 3673 9.
838 3611 910 3674 Quod
917 3610 1030 3675 primum.
1043 3609 1148 3658 Duobus
1162 3607 1274 3656 remediis

207 3681 296 3732 blicam
308 3687 357 3733 lere
372 3686 535 3750 pereumdedit
544 3703 551 3745 3
560 3701 611 3734 non
620 3696 719 3750 oportet
763 3707 828 3756 resp.
841 3703 909 3739 metu
922 3690 1020 3738 liberari
1030 3700 1140 3754 poteret,
1151 3688 1189 3734 vel
1203 3689 1222 3734 ei
1232 3687 1272 3732 in·

208 3773 235 3811 ut
250 3777 314 3809 nunc
326 3765 397 3811 etiem
408 3765 571 3824 ejueealutem
581 3765 718 3824 convellet3
763 3771 912 3820 perficeretur·
925 3771 1044 3827 catilina,
1063 3769 1102 3816 vel
1120 3768 1142 3814 ei
1155 3783 1187 3814 ex
1205 3766 1274 3814 Urbe

209 3857 260 3890 ¹1⁰ss
276 3840 346 3890 decet
354 3841 384 3888 ab
396 3843 482 3890 ‘Ollffl
494 3844 592 3893 homine
605 3861 681 3910 remit·
692 3845 720 3893 ln
762 3850 900 3911 ejiceretur.
916 3847 1054 3896 Interlicere
1065 3863 1119 3894 eum
1134 3856 1184 3894 emt
1195 3847 1274 3909 impe·

208 3935 328 3969 nmmum
348 3920 478 3970 discrimen
492 3923 589 3973 adduct.
610 3927 665 3973 Hoc
682 3935 719 3972 ent
763 3933 808 3988 rii,
823 3932 839 3977 i.
849 3947 872 3978 e.
884 3929 1011 3992 pereunti
1024 3927 1158 3974 consularis
1171 3925 1273 3973 edisci·

209 4000 277 4078 quod
297 4001 359 4048 inire
375 4000 448 4048 dicit:
458 4003 552 4050 «Nunc
569 4005 618 4062 jam
636 4013 719 4068 aperte
763 4011 836 4076 plinae
851 4009 985 4069 majorum
1002 4007 1088 4068 ejicere
1105 4015 1186 4054 autem
1199 4021 1253 4053 eum
1265 4011 1290 4062 ,⁵

211 4096 286 4147 remp.
300 4081 435 4130 uniuersam
445 4084 508 4146 petie
519 4101 541 4130 ι.
763 4088 908 4154 prudentie.
