2958 4670
237 349 309 442 474
563 355 610 424 Μ.
637 357 675 428 Τ.
702 357 979 426 CICERONIS

228 493 294 543 me
309 468 496 542 voluntas:
518 472 582 544 sed
600 499 697 562 eam,
716 501 783 575 per
800 476 889 548 deos
906 473 1144 547 immortales!
1163 501 1304 574 quaeso,

234 577 425 675 deponite,
450 594 560 678 atque
587 583 692 658 obliti
715 587 839 658 sahrtis
862 611 970 674 meae,
995 585 1041 658 de
1065 585 1233 656 vobisne
1256 587 1303 658 de

232 685 355 760 liberis
371 693 498 762 vestris
520 695 684 792 cogitate.
701 697 792 768 Mihi
811 694 987 794 quidemt
1003 697 1032 766 si
1049 695 1123 766 haec
1142 695 1302 767 conditio

233 798 442 871 consulatus
473 801 556 874 data
585 819 638 875 est
650 801 677 896 ⁵,
697 821 738 876 ut
768 830 894 880 omnes
918 803 1150 892 acerbitates,
1177 829 1303 876 omnes

234 903 378 978 dolores
400 913 653 1011 cruciatusque
682 914 877 1010 perferrem
906 943 915 985 :
946 913 1060 988 feram
1086 939 1158 988 non
1186 915 1302 986 solum

236 1014 394 1106 fortiter,
423 1020 488 1093 sed
513 1026 618 1094 etiam
642 1024 818 1114 libenter,
844 1024 1044 1098 dummodo
1064 1025 1153 1098 meis
1170 1023 1304 1096 labori·

236 1125 307 1199 hus
325 1129 428 1202 vobis
441 1134 655 1232 populoque
672 1161 825 1208 romano
842 1137 997 1235 dignitas
1011 1137 1179 1234 salusque
1194 1137 1306 1233 paria·

235 1250 306 1308 tur.
324 1243 399 1338 Ego
424 1267 504 1313 sum
527 1243 586 1316 itte
604 1246 752 1335 consul,
777 1261 896 1349 patres
918 1247 1138 1346 conscripti,
1154 1247 1213 1316 cui
1229 1269 1305 1315 non

237 1345 375 1436 forum,
391 1357 429 1422 in
450 1377 526 1451 quo
546 1357 664 1428 omnis
682 1349 858 1454 aequitas⁶
878 1357 1105 1442 continetur,
1122 1379 1198 1427 non
1212 1378 1306 1424 cnm·

237 1483 324 1556 pus,
341 1450 593 1537 unsutaribus
606 1467 799 1564 auspiciis⁷
818 1481 1063 1553 consecratus3
1079 1461 1171 1535 non8
1185 1466 1305 1548 curia,

232 1592 418 1640 summum
441 1574 614 1648 auxilium
640 1577 803 1648 omnium
828 1578 1008 1673 gentium,
1032 1585 1133 1645 nont
1151 1572 1304 1659 domus,

238 1700 433 1751 commune
457 1681 684 1782 perfugium
708 1711 783 1756 uon
801 1686 916 1757 lectus
935 1695 976 1773 ¹⁰,
997 1685 1043 1755 ad
1066 1688 1222 1783 quietern
1243 1683 1307 1754 da·

239 1803 312 1874 tus;
334 1814 410 1861 non
430 1791 587 1892 denique
605 1796 682 1866 haec
701 1795 804 1867 sedes
822 1793 973 1866 honoris
987 1805 1031 1880 ¹¹,
1050 1793 1135 1865 sella
1152 1791 1307 1877 curulis,

238 1922 414 1995 umquam
427 1927 538 1976 vacua
553 1910 679 1978 mortis
693 1905 854 2004 periculo
868 1923 976 2004 atque
990 1905 1126 1976 insidiis
1140 1901 1217 1974 suit.
1231 1906 1308 2000 Ego

240 2009 353 2080 multa
371 2014 466 2082 tacui
482 2025 524 2101 ¹²,
550 2017 664 2089 multa
684 2016 835 2116 pertuli,
859 2017 973 2088 multa
994 2015 1171 2100 concessi,
1194 2010 1310 2083 multa

241 2176 333 2226 dolore.
341 2177 442 2228 Nullum
454 2199 512 2230 aane
522 2183 639 2232 malornm
646 2183 752 2231 lenimen
795 2186 836 2232 hic
851 2185 913 2245 ioci,
931 2186 971 2233 hic
991 2184 1025 2232 dii
1044 2194 1155 2248 penates,
1170 2182 1210 2230 hic
1225 2198 1309 2242 aacrn,

239 2258 386 2318 jucundius,
405 2261 498 2309 nullum
512 2263 539 2310 in
561 2264 647 2311 dolore
661 2264 752 2328 gratim
797 2263 945 2328 religiones,
969 2263 1108 2312 cerimontae
1132 2263 1312 2324 continentum

239 2337 356 2388 nohum
366 2355 439 2402 quarn
450 2341 599 2390 consuisntia
611 2342 721 2403 virtutis,
727 2353 753 2390 et
796 2343 845 2396 hoo
858 2344 994 2407 perfugium
1006 2353 1043 2391 est
1055 2343 1090 2392 ita
1104 2351 1215 2390 sanetum
1226 2340 1310 2389 omni·

241 2417 363 2468 innormat
375 2419 529 2472 existimatio.
795 2421 843 2474 bus
851 2434 879 2470 nt
890 2422 947 2472 inde
960 2421 1040 2488 abripi
1049 2421 1170 2472 nerninem
1184 2421 1291 2470 fassit».

277 2505 302 2553 4,
315 2501 409 2550 Vocem
422 2499 485 2548 hano
497 2501 631 2550 sVictorio
644 2501 751 2549 additam
835 2502 938 2550 so.Non
946 2501 1122 2548 temserunt
1133 2501 1159 2548 in
1171 2499 1243 2550 Catil.
1253 2515 1310 2564 cap.

242 2577 354 2624 Gravius
364 2578 472 2628 sustulit.
482 2579 559 2628 Abest
571 2581 658 2629 enimn
670 2581 753 2628 multis
798 2590 828 2640 t:
839 2580 958 2644 «Reperti
968 2592 1026 2628 snut
1043 2579 1092 2627 dno
1112 2581 1205 2643 equites
1215 2578 1310 2626 rornaui

240 2653 393 2708 ‹mitid-V.
407 2659 434 2704 L·
797 2661 852 2724 qni.
864 2696 888 2708 ..
905 2675 957 2708 sese
968 2660 1008 2708 ut·
1017 2661 1070 2724 ipsa
1079 2657 1311 2722 nootepanlioanto

279 2735 293 2780 5
298 2771 303 2783 .
313 2735 421 2786 Condita'o
436 2739 646 2789 constituendam
660 2751 702 2790 est.
712 2742 753 2788 Fa·
797 2739 874 2790 iucem
888 2755 927 2786 rue
940 2754 996 2788 meo
1004 2738 1030 2786 in
1040 2737 1132 2786 lectulo
1140 2737 1311 2788 intersectum

244 2814 323 2863 taiiter
339 2832 463 2869 concessa.
485 2819 705 2870 Terentium...
718 2830 754 2868 est
797 2817 998 2882 pollicerentur..
1006 2817 1131 2881 Principes
1144 2815 1210 2864 viros
1223 2817 1310 2864 Rome

242 2894 309 2942 istud
325 2895 408 2945 datnrn
421 2899 535 2947 Profecto
555 2899 630 2956 mihi,
642 2911 707 2964 grata
726 2909 754 2948 nt
798 2913 928 2946 ananenon
936 2897 1310 2960 solnmarnici,quibusintirnna

242 2975 306 3033 sine,
323 2991 378 3040 qne
390 2978 470 3036 tacis,
481 2979 592 3026 omnis».
796 2991 906 3024 aremus
921 2976 1031 3039 partun,
1042 2974 1084 3023 aed
1104 2988 1129 3024 ss
1142 2973 1211 3039 plebs
1223 2974 1310 3021 uluta-

277 3055 306 3104 6.
322 3057 428 3116 Forum,
439 3055 464 3104 in
475 3075 524 3122 qao
542 3057 620 3105 oannis
641 3057 751 3122 ceparum.
797 3068 850 3104 tura
866 3054 1043 3114 conveniebat,
1058 3067 1084 3102 et
1096 3053 1200 3102 brumali
1211 3052 1309 3118 quiden

242 3134 363 3195 Quoniam
377 3135 403 3183 in
412 3137 468 3184 foro
472 3137 564 3198 judicia
570 3137 751 3186 exercebuntur.
797 3147 907 3201 ternpore
916 3135 1059 3200 pierumque
1069 3137 1219 3184 antelucanis
1233 3135 1308 3182 boris.

279 3227 303 3270 7.
317 3214 373 3260 Nora
386 3231 501 3278 campus,
522 3214 689 3265 censuim-aha
704 3231 752 3262 aar·
837 3233 875 3263 ar.
895 3215 966 3263 Sedes
983 3214 1090 3264 tunm.
1112 3215 1191 3262 Lucan
1213 3225 1250 3262 est
1269 3211 1312 3259 ills

242 3290 331 3354 spiriu.
341 3295 447 3357 Campus
460 3297 563 3344 Martius
574 3297 599 3342 ia
610 3308 663 3358 qno
671 3305 754 3341 cenan-
796 3295 952 3361 peseoipuna,
966 3287 1040 3358 ἔμω
1051 3296 1078 3342 in
1094 3305 1181 3342 senatu
1193 3291 1309 3342 consulis

242 3375 309 3423 riatis
321 3375 547 3424 eontuiseonsuts·
559 3377 682 3439 caseique
699 3393 752 3424 mn·
796 3391 873 3442 penes
884 3391 956 3440 quens
970 3375 1046 3422 fascea
1063 3385 1146 3435 erunt,
1163 3370 1307 3437 occupabat.

238 3459 307 3518 iores
319 3457 469 3521 magistratus
482 3457 633 3508 creabantur.
641 3458 698 3506 Non
709 3473 753 3520 po-
796 3455 850 3503 Niai
859 3455 922 3504 forte
931 3453 969 3500 bis
976 3453 1092 3518 explicari
1100 3453 1225 3516 sequentia
1232 3449 1307 3498 matis

241 3547 321 3587 terent
332 3549 413 3585 antean
424 3537 476 3585 huo
490 3536 602 3596 comitia,
616 3536 752 3600 nisinuspi·
797 3561 832 3572 -—
846 3533 911 3582 Setia
924 3533 1022 3582 eurulis.
1036 3533 1128 3580 Mutat.
1140 3533 1236 3580 Manu.
1251 3531 1309 3577 Em.

245 3616 417 3675 cato,hsberi.
798 3625 896 3661 censent
911 3627 943 3660 ex
960 3611 1059 3675 optimis
1079 3611 1149 3659 libris
1162 3611 1222 3658 duas
1236 3622 1311 3657 vocat

279 3700 305 3746 8.
323 3698 378 3744 Non
398 3695 475 3745 mnia.
492 3695 542 3745 Ubi
561 3694 696 3744 habebatur
713 3711 751 3742 ae-
796 3695 854 3742 istaa
863 3707 915 3740 esss
929 3691 1043 3739 delendas
1058 3691 1223 3754 ntglouerna,

242 3790 321 3828 natus.
836 3787 875 3818 ra.
891 3771 969 3818 Multa
981 3771 1054 3818 moui.
1069 3771 1156 3822 Cicero
1177 3767 1310 3832 intelligere

278 3873 303 3922 9.
317 3859 373 3905 Non
392 3855 486 3904 mua.
504 3855 591 3902 Cicero
610 3869 657 3918 pro
678 3853 754 3901 domo
797 3849 895 3898 videtur
907 3847 998 3898 mnitoa
1010 3860 1124 3913 potentes
1136 3850 1179 3912 qui
1193 3850 1219 3894 in
1232 3847 1312 3910 suapt-

242 3955 298 3998 sna,
310 3953 364 4001 onp.
375 3944 418 3992 ta:
428 3935 556 3998 ·Qutdsu
569 3935 686 3991 sanctina,
694 3931 754 3995 quid
799 3929 893 3977 cionem
903 3929 1080 3990 conjurationis
1094 3928 1252 3982 vocabantur,
1265 3925 1312 3971 soi-

244 4016 310 4063 omni
322 4014 574 4079 religionamanitiua,
584 4011 754 4078 quandonam
797 4007 854 4056 licat
864 4007 989 4064 Οτιεωιι,
998 4007 1116 4056 Caesam
1129 4003 1311 4070 aliosquevida

245 4095 432 4157 suntin-cujusque
443 4095 532 4142 civitam
541 4097 552 4142 t
561 4095 609 4140 His
622 4107 669 4140 arar
681 4101 754 4146 aunt,
800 4087 897 4136 satiust.
909 4103 962 4151 cup.
980 4087 1026 4146 68,
1038 4095 1081 4148 tp.
