2958 4670
206 380 210 386 ·
249 384 321 472 too
568 385 678 452 nu.
706 383 985 454 cressonis
1017 355 1021 362 ’

248 525 329 574 rtuu
345 497 443 570 nulla
461 498 608 568 exitium
626 495 833 594 reipublicae
846 499 1027 592 quaesivit,
1041 500 1216 593 ejusmodi
1236 503 1314 574 fne-

247 625 353 696 runt,
371 623 502 682 utnon
516 607 809 678 reconciliatione
828 606 1052 697 concordiae,
1071 607 1132 682 sed
1152 610 1313 683 interne.

226 723 352 794 'cione
370 720 503 790 civium
522 717 723 812 dijudicate
737 717 821 787 siut.
841 721 884 787 ln
903 716 974 788 hoc
992 733 1114 791 autem
1131 744 1209 792 uno
1231 739 1315 819 post

247 833 436 907 hominum
455 827 665 899 memoriam
688 827 845 896 maximo
861 826 1183 927 crudelissimoque
1196 829 1313 914 bello,

247 941 353 1038 quale
374 937 512 1010 bellum
533 936 635 1008 nulla
651 959 826 1032 umquam
842 934 1008 1008 barbaria
1023 962 1106 1010 cnm
1125 961 1190 1011 sua
1206 957 1314 1039 gente

247 1056 374 1149 gessit,
396 1071 473 1146 quo
494 1049 532 1120 in
546 1045 645 1118 bello
662 1044 719 1118 lex
738 1045 815 1118 huc
829 1046 897 1118 fnit
913 1071 934 1117 a
953 1051 1124 1136 Lentulo,
1142 1051 1313 1131 Catilina,

246 1163 389 1248 Cassio,
407 1157 566 1255 Cethego
586 1158 799 1242 constituta,
814 1173 856 1228 ut
868 1183 1014 1247 omnes,
1028 1165 1091 1258 qui
1107 1163 1203 1233 salva
1223 1163 1314 1234 urbe

246 1272 333 1346 salvi
352 1287 428 1342 este
458 1281 630 1366 possent,
649 1269 689 1338 in
707 1266 868 1338 hostium
890 1290 1045 1341 numero
1071 1270 1313 1354 ducerentum

247 1387 296 1453 ita
308 1381 486 1476 megensi,
499 1378 677 1468 Quirites,
694 1391 734 1448 ut
751 1402 880 1449 omues
893 1377 981 1450 salvi
992 1383 1314 1466 conservaremini3

247 1507 298 1577 et,
320 1509 436 1588 quum
452 1487 575 1562 hostes
596 1488 705 1559 vestri
723 1497 863 1558 tantum
886 1490 1018 1560 civium
1037 1492 1311 1589 superfuturum

245 1615 445 1702 putassent,
453 1612 632 1696 quantum
647 1595 796 1668 infinitae
808 1596 1155 1690 caedirestitisset¹⁸‚
1173 1618 1313 1675 tantum

246 1729 366 1784 auten
391 1710 507 1796 urbis,
534 1723 715 1806 quantum
732 1707 877 1780 flarnma
898 1709 1002 1781 obire
1022 1735 1096 1782 nun
1120 1715 1315 1812 potuisset,

247 1838 283 1893 et
302 1820 449 1905 urbem,
465 1834 502 1892 et
516 1821 615 1890 cives
629 1819 790 1914 integros
803 1819 1075 1917 incolumesque
1092 1827 1240 1894 servavi.

281 1935 355 2001 2x1.
379 1927 521 2021 Quibus
547 1929 746 2024 protentis
775 1926 933 2013 rsbus¹‚
964 1933 1144 2021 Quirites,
1172 1934 1314 2005 nullum

249 2067 318 2138 ego
334 2067 355 2112 a
374 2039 475 2112 vobis
491 2043 684 2138 praemium
700 2039 856 2124 virtutis,
879 2040 1021 2111 nullum
1039 2043 1179 2140 insigne
1196 2045 1317 2116 hono-

247 2157 342 2238 ris²,
361 2149 502 2222 nullum
529 2161 809 2220 monumentum
833 2147 947 2220 laudis
975 2152 1142 2248 postulo,
1170 2170 1317 2252 praeter-

250 2286 361 2358 quam
373 2259 482 2354 hujus
503 2257 574 2329 diei
593 2260 806 2329 memoriam
826 2258 1094 2356 sempiternum.
1118 2269 1161 2334 In
1190 2269 1318 2336 ultimis

251 2395 319 2467 ego
333 2370 460 2439 vestris
475 2391 604 2437 omues
618 2366 823 2464 triumphos
843 2393 958 2456 meos,
972 2373 1093 2442 omnia
1106 2391 1317 2447 ornamenta

249 2477 422 2566 honoris,
441 2488 680 2561 monumenta
707 2477 847 2572 gloriae,
873 2475 988 2552 laudis
1015 2481 1186 2580 insignia,
1209 2485 1318 2558 condi

237 2605 288 2659 ‘et
307 2586 476 2658 collocari
501 2585 597 2656 volo.
621 2586 723 2656 Nihil.
743 2612 802 2658 me
826 2604 969 2658 mutum
989 2606 1109 2688 potest
1122 2593 1317 2680 delectare,

251 2699 339 2770 nihil
358 2699 529 2783 tacitum,
551 2695 641 2766 nihil
661 2691 819 2794 deniqne
837 2698 1066 2793 hujusmodi,
1091 2703 1315 2802 quodetiam

249 2803 630 2906 minusdiguiassequi
640 2811 789 2904 possint.
802 2813 975 2881 Memoria
989 2828 1124 2900 vestra,
1140 2818 1317 2907 Quirites,

250 2935 380 2991 nostrae
406 2939 464 2988 res
490 2916 659 3000 nlenten,
688 2917 918 2989 sermonibus
934 2937 1114 3016 crescent,
1133 2925 1316 2997 literarum

252 3025 499 3102 monumentis
512 3029 775 3098 inveterascent
789 3037 827 3098 et
842 3029 1199 3123 corroborabuntur3
1222 3063 1318 3110 eam-

252 3140 410 3235 demque
428 3136 524 3209 diem
545 3136 724 3232 intelligo,
736 3161 845 3234 quam
860 3164 968 3237 spero
985 3157 1153 3214 eternam
1167 3142 1263 3231 fore,
1281 3159 1319 3217 et

257 3249 302 3320 ad
328 3248 477 3320 salutern
500 3245 624 3336 urbis,
648 3245 749 3319 etad
784 3253 993 3320 memoriam
1025 3253 1232 3326 consulatus
1249 3261 1319 3327 mei

256 3440 259 3446 ’
293 3443 332 3489 18.
358 3443 489 3489 Burmann.
511 3441 625 3504 conjicit,
648 3441 766 3488 Gai-aton.
810 3434 841 3481 ab
863 3435 897 3482 eis
922 3439 1049 3502 praemium
1068 3441 1209 3504 portulam
1232 3442 1319 3492 deinde

125 3539 144 3558 s
253 3521 406 3588 probante,-
413 3515 507 3568 infinite
516 3519 602 3569 erade
612 3519 738 3570 restitisset
744 3542 765 3572 υ.
810 3509 939 3578 quodiam
950 3527 1001 3564 tum
1010 3519 1163 3583 prospiciens
1174 3537 1213 3568 eae
1226 3522 1322 3570 crlnui·

254 3601 317 3649 LV,
332 3601 359 3647 L.
811 3605 887 3641 tntum
901 3605 1062 3660 tempestates,
1071 3597 1159 3661 quibua
1171 3599 1223 3666 ipre
1235 3613 1320 3664 postea

258 3675 262 3684 '
288 3673 335 3726 xl.
361 3694 383 3742 ι.Ι
407 3671 495 3738 Quibus
515 3692 562 3742 pru
586 3672 662 3724 tantis
686 3677 766 3732 rebus,
807 3674 913 3734 jactatus
931 3684 982 3732 est,
999 3675 1152 3726 commendat
1167 3695 1250 3726 corum
1263 3677 1322 3728 fidet

255 3755 354 3806 Nobilis
366 3753 419 3804 hec
432 3753 556 3820 percutio
565 3766 590 3804 et
600 3771 655 3803 veru
667 3753 767 3805 consule
810 3753 912 3802 alutem
920 3771 1000 3816 suarm
1011 3756 1042 3805 ad
1051 3768 1184 3806 mrcmnm
1194 3759 1321 3806 coulirmrt

255 3851 390 3882 aerumma
401 3835 455 3882 vito
465 3831 552 3898 digna,
562 3851 622 3898 qus,
638 3846 766 3898 postquam
810 3849 848 3890 se,
865 3831 944 3896 qualis
958 3835 1031 3883 luerit
1046 3835 1145 3896 consul,
1163 3837 1234 3888 telem
1249 3837 1321 3886 edunt

145 3925 149 3938 ¹
256 3915 340 3964 merita
362 3929 403 3960 sua
427 3912 528 3972 retulit,
555 3913 621 3961 cives
643 3925 712 3972 urst,
734 3929 766 3960 ne
810 3913 931 3975 privatum
944 3914 969 3961 iu
984 3913 1073 3962 tuenda
1089 3931 1139 3982 rep.
1155 3917 1215 3964 lore.

255 3991 328 4053 hujus
344 3991 457 4041 beneficii
473 3993 612 4042 memoriam
634 3992 766 4040 exanimis
849 4008 870 4040 a.
887 3991 988 4040 Nullum
1004 3993 1217 4059 t'ruignelrouurr's.
1231 3995 1324 4052 idest,

256 4069 766 4138 suiseffluelrpaticutur5nullumurliud
812 4069 968 4136 triumphum.
1028 4099 1033 4104 -
