3020 4666
260 343 333 420 256
369 373 372 378 ·
579 346 628 414 Μ.
655 349 694 416 Τ.
720 347 1015 420 CICERONIS

256 487 367 568 etque
386 466 513 540 utilem
530 489 608 540 esse
627 468 890 567 intelligerem,
906 460 1035 542 suctos
1052 470 1131 566 ejus
1149 484 1260 570 atque
1274 469 1333 544 ad·

252 582 357 678 jutor
372 603 496 652 essem.
513 580 596 650 Non
610 580 708 650 enim
723 589 870 668 natura,
886 606 1008 678 neque
1021 580 1193 670 discidio,
1208 607 1332 680 neque

254 691 341 764 odio
360 691 505 789 penitus
524 690 654 777 insito,
672 688 810 761 bellum
832 693 954 762 nescio
973 689 1098 788 qu0d³
1119 692 1233 766 habet
1251 717 1331 765 sus·

255 816 403 900 ceptum
434 797 641 872 consulatus
675 825 760 871 cum
795 800 1009 890 tribunatu,
1046 804 1132 902 quia
1151 883 1152 892 ,
1172 825 1332 902 persaepe

255 911 435 986 seditiosis
451 925 560 1008 etque
573 907 749 1007 improbis
765 909 920 1004 tribunis
930 911 1046 1010 plebis
1059 911 1149 984 boni
1165 929 1202 986 et
1219 911 1332 984 fortes

254 1022 421 1096 consules
437 1018 679 1107 obstiterunt,
701 1035 739 1092 et
755 1023 842 1116 quia
863 1023 915 1092 vis
934 1021 1122 1094 tribunitia
1144 1045 1331 1094 nonnum-

257 1129 549 1231 quantitudinis
568 1131 700 1201 restitit
717 1130 907 1202 consulari.
927 1136 1011 1204 Nou
1026 1147 1247 1232 potestatum
1261 1130 1332 1204 dis-

257 1241 475 1326 similitudo,
509 1239 571 1312 sed
605 1244 810 1312 animorum
841 1241 1037 1340 disjunctio
1068 1242 1332 1316 dissensionem

257 1352 375 1426 tacut
394 1359 521 1450 Itaque
537 1351 610 1424 hoc
627 1357 748 1423 animo
766 1353 882 1450 legem
905 1355 1045 1452 sumpsi
1066 1357 1104 1424 in
1124 1377 1271 1440 manus,
1290 1367 1333 1423 ut

256 1490 336 1538 eam
354 1487 529 1562 cuperem
551 1486 628 1534 esse
651 1477 771 1560 aptam
793 1466 922 1535 vestris
944 1462 1164 1550 commodis,
1185 1477 1221 1533 et
1240 1461 1332 1558 ejus-

254 1574 374 1662 modi,
395 1597 505 1671 quam
525 1572 674 1661 consul,
692 1596 753 1659 re,
775 1597 852 1644 non
875 1576 1058 1661 oratione,
1074 1570 1279 1670 popularis,
1295 1585 1333 1642 et

254 1687 409 1758 honeste
434 1699 472 1756 et
495 1679 678 1754 libenter⁶
702 1697 822 1779 posset
848 1681 1053 1754 defendere.
1081 1687 1201 1779 Atque
1221 1703 1290 1777 ego
1309 1703 1332 1750 a

255 1799 376 1895 primo
404 1794 522 1892 capite
549 1792 639 1889 legis
649 1804 677 1880 ⁷,
701 1815 820 1889 usque
847 1790 894 1862 ad
921 1807 1145 1878 extremum,
1167 1791 1331 1889 reperio,

255 1906 435 1998 Quirites,
472 1901 562 1972 nihil
595 1901 693 1974 aliud
723 1907 941 2000 cogitatum,
967 1903 1056 1974 nihil
1082 1902 1180 1974 aliud
1210 1925 1329 1974 susce·

254 2031 377 2115 ptum,
395 2013 487 2086 nihii
503 2011 600 2083 aliud
618 2026 737 2084 actum
748 2005 777 2100 ⁸,
796 2015 865 2084 nisi
884 2029 926 2085 ut
948 2012 1072 2086 decem
1092 2038 1215 2111 reges,
1242 2037 1329 2084 aera·

255 2129 317 2214 rii,
343 2123 592 2223 vectigalium,
617 2124 888 2220 provinciarum
916 2127 1102 2212 omnium,
1124 2127 1234 2196 totius
1258 2125 1331 2195 rei·

255 2236 429 2336 publicae,
465 2256 688 2330 regnorum,
723 2231 924 2305 liberorum
956 2235 1200 2333 populorum,
1230 2231 1330 2305 orbis

253 2349 414 2444 denique
456 2359 656 2429 terrarum,
693 2340 833 2413 domini
877 2345 1208 2432 constituerentur,
1243 2341 1330 2440 legis
1388 2435 1391 2440 Ι

260 2458 408 2554 agrariae
434 2452 673 2556 'simulatione
710 2466 820 2549 atque
855 2455 1013 2526 nomine.
1045 2455 1103 2526 Sic
1131 2449 1329 2540 confirm0,
1401 2533 1410 2550 ι

262 2569 443 2660 Quirites,
465 2563 533 2635 hac
548 2563 627 2660 lege
644 2563 799 2660 agraria.
821 2562 997 2661 pulchra⁹
1017 2579 1126 2662 atque
1146 2563 1330 2663 populari,

255 2831 282 2878 in
301 2829 399 2894 plebem
417 2826 488 2888 duci,
509 2825 604 2891 quippe
627 2824 671 2890 qui
689 2823 768 2888 legens
815 2829 919 2876 maxime
939 2828 972 2875 sd
993 2827 1081 2894 populi
1102 2827 1212 2876 fusorem
1229 2833 1330 2889 esptsu·

254 2909 417 2970 illsmjustsm
430 2905 769 2971 bonumqueessevotisom·
813 2906 871 2956 dum
892 2909 1016 2957 convenis.
1038 2933 1074 2944 -
1098 2907 1212 2954 Honeste,
1238 2903 1329 2952 Habitu

255 2989 328 3038 nibus
339 2987 467 3052 cupiverit.
813 2987 954 3038 consuletus
975 2987 1086 3047 ntione3
1107 3002 1180 3050 quens
1200 2981 1330 3032 defendere

291 3069 316 3117 3.
336 3066 429 3116 Bellum
443 3064 525 3114 nmio
542 3064 617 3129 quod.
634 3063 695 3111 Inde
710 3062 768 3112 odis
813 3075 911 3131 possein
923 3068 1012 3114 intscts
1024 3067 1177 3130 megistnms
1187 3065 1234 3112 mei
1247 3063 1331 3128 digui-

254 3146 296 3194 ille
312 3146 423 3194 consules
438 3142 503 3192 inter
518 3153 542 3192 et
559 3142 688 3202 tribunos,
704 3145 768 3190 orie·
814 3156 871 3194 tete.
884 3173 917 3183 -
932 3145 1049 3194 Libenter.
1063 3139 1152 3194 Studio
1166 3154 1260 3192 tentum
1274 3156 1330 3190 meo

255 3225 354 3286 huntur,
363 3223 431 3288 quod
442 3222 484 3271 elii
492 3221 603 3288 populo,
618 3221 660 3268 elii
674 3221 769 3269 senatui
812 3241 869 3289 erga
882 3241 926 3273 vos
937 3224 1040 3282 ductus;
1055 3239 1099 3272 uec
1114 3223 1180 3272 inani
1190 3220 1329 3272 mutandi

255 3319 409 3368 summopere
415 3302 496 3350 overe
504 3299 643 3351 studebunt.
652 3301 684 3348 Et
692 3316 768 3363 quum
814 3304 887 3353 robis
896 3304 1040 3369 eupiditate.

255 3399 341 3432 eorum
360 3381 463 3445 quisque
486 3388 621 3432 metueret,
647 3393 678 3426 ne
702 3393 770 3425 tuam
852 3379 1329 3448 7.Primocapitetegts.1psesdntsic.

255 3461 316 3510 slter
329 3460 401 3509 nimis
413 3470 513 3524 sugeret
530 3466 693 3522 potestatem,
711 3456 771 3504 inde
813 3461 859 3512 lib.
870 3465 921 3519 111,
933 3463 1044 3527 scripsit,
1054 3472 1163 3510 veterum
1173 3459 1329 3508 tribunorum

254 3540 343 3600 fiebat,
356 3551 385 3588 ut
396 3539 457 3587 alter
469 3537 539 3586 alteri
549 3535 692 3592 obsisteret,
701 3533 770 3582 nulle
813 3541 893 3606 plebi,
905 3543 1000 3606 mgnio
1012 3541 1057 3588 uis
1068 3542 1149 3605 apis·
1156 3536 1269 3586 habebat.

253 3619 387 3688 saepissime
396 3617 427 3667 de
436 3633 523 3677 etun,
532 3615 615 3664 11111111
625 3613 689 3661 vitm
698 3628 770 3662 1111111·
849 3621 874 3669 8.
888 3619 959 3669 Nilei!
970 3619 1043 3668 atisid
1053 3629 1145 3668 actum.
1161 3619 1226 3668 Nota
1241 3616 1330 3666 verbo-

254 3701 280 3750 lo
293 3698 463 3766 prucludemt.
813 3715 867 3746 rum
879 3699 976 3750 illorum
987 3699 1178 3756 incrementum,
1192 3713 1249 3744 nam
1262 3695 1331 3758 eogi-

291 3788 316 3837 i·
329 3775 444 3826 libidini·
460 3775 492 3822 Η.
505 3788 527 3820 0·
540 3770 680 3838 cupiditati.
814 3790 864 3827 tsre
886 3778 967 3827 minus
992 3789 1028 3826 est
1050 3793 1125 3842 qosm
1148 3777 1286 3842 suscipere,
1304 3785 1331 3824 et

292 3859 318 3908 5.
331 3855 409 3905 Facie.
418 3856 518 3902 Vestem
526 3851 583 3900 libri
594 3847 765 3913 hlbenssfect't,
780 3861 782 3882 ¹
812 3859 933 3922 wwipere
946 3859 1026 3905 minus
1039 3873 1112 3922 qum
1124 3871 1204 3920 agere.

254 3937 392 3986 neciorssn
404 3933 475 3981 mele.
849 3951 873 3998 9.
887 3935 994 3984 Pulchra
1003 3946 1079 4000 atqite
1084 3933 1213 4000 populari.
1223 3932 1329 3982 ironice.

291 4017 319 4064 fi.
331 4017 438 4064 Honeste
448 4021 472 4060 et
482 4010 593 4058 libenter.
605 4007 671 4057 tttud
682 4008 769 4072 repetit
813 4015 876 4062 Nem
897 4015 957 4079 quid
980 4013 1075 4080 populo
1100 4013 1177 4076 mgis
1199 4012 1326 4069 infestum,

254 4093 325 4157 quod
339 4094 391 4152 inm
410 4105 482 4155 sopri
502 4089 630 4152 1111111111,
652 4086 770 4154 quodque
813 4109 885 4157 quam
904 4094 944 4143 lex
958 4093 1018 4154 nu,
1038 4109 1087 4158 qus
1108 4092 1192 4142 ἀοικω
1214 4089 1328 4156 regibus,
