3020 4666
241 372 309 420 eoa
367 349 401 388 ’Ν
553 341 557 351 ’
628 351 921 424 EXCURSUS.

238 472 382 554 rebatur,
397 493 468 562 cap.
490 470 524 554 5,
540 502 553 528 ι
566 487 606 537 ut
623 495 708 540 nova
726 473 862 562 quaestio
875 473 1135 556 ¹constitueretur
1153 503 1177 538 ι.
1193 473 1322 558 Quam-

237 579 352 644 obrem
370 602 439 644 non
456 595 525 646 erat
543 602 621 645 sane
639 605 741 672 opus,
760 599 799 647 ut
812 581 974 648 Fenatius
994 580 1036 646 de
1052 581 1223 671 Pomponii
1240 583 1320 647 loco

234 701 300 750 mm
321 686 422 750 multa
445 685 636 772 dissereret,
659 699 763 777 quum
788 688 872 752 nihil
891 687 979 754 aliud
1000 687 1053 753 ille
1072 688 1228 770 voluerit,
1252 689 1320 753 nisi

202 771 210 788 ⁸
235 791 327 879 quod
343 792 464 858 Sullam
481 793 596 859 fecisse
615 795 721 883 quiris
737 795 881 860 historiae
895 817 962 859 non
978 816 1090 884 expers
1105 794 1317 886 intelligebat.

235 897 328 964 Idem
344 901 482 966 verbum
497 899 573 965 alibi
590 924 724 990 quoque
735 904 824 967 viros
837 902 951 967 doctos
968 900 1096 985 fefellit,
1109 902 1209 966 veluti
1223 903 1319 967 P.Vi·

238 1007 380 1070 ctorium
388 1055 397 1084 ,
414 1007 470 1096 qui
487 1007 529 1072 de
543 1009 701 1098 Areopagi
717 1008 924 1074 institutione
936 1008 1080 1074 Tullium
1092 1008 1133 1072 ab
1147 1008 1319 1072 Aristotele

238 1109 409 1176 dissentire
424 1114 575 1201 putabat,
590 1137 693 1202 quum
704 1115 828 1204 optime
840 1115 875 1178 hi
883 1115 1109 1196 concilientur,
1124 1113 1319 1178 observante

239 1217 325 1284 Rob.
339 1219 427 1284 Titio
443 1219 506 1286 loc.
524 1236 671 1286 controv.
689 1222 770 1304 Vll,
791 1243 844 1308 19,
861 1221 889 1286 si
909 1223 1057 1284 conaitui
1074 1242 1124 1285 res
1140 1219 1207 1299 jam
1224 1220 1319 1284 insti-

239 1339 319 1388 tute
330 1343 486 1415 possunt,
503 1349 542 1392 ex
557 1348 610 1410 ea,
624 1349 697 1416 quae
713 1327 898 1416 Pomponio
916 1326 1085 1402 convenit,
1099 1324 1189 1390 haud
1203 1347 1321 1390 recon-

239 1427 308 1495 dita
328 1429 419 1496 verbi
438 1432 685 1524 significatione.
709 1433 847 1499 Gracchi
870 1449 979 1500 autem
998 1433 1068 1522 lege
1088 1433 1139 1497 vel
1155 1433 1319 1522 populum

242 1536 325 1602 ferre
340 1537 483 1618 judicem
502 1541 676 1629 oportebat
690 1565 699 1623 ;
715 1541 767 1606 vel
783 1557 974 1629 praetorem,
990 1562 1088 1628 quem
1105 1537 1321 1604 commodum

241 1660 344 1726 esset,
369 1661 408 1708 ut
431 1646 466 1709 in
489 1647 669 1724 multarunt
692 1645 848 1736 petitione
868 1649 992 1712 factum
1012 1645 1109 1711 docet
1129 1645 1259 1709 Tullius
1280 1645 1319 1707 in

242 1748 335 1815 Verr.
350 1750 383 1832 l,
402 1749 465 1834 60,
487 1767 520 1816 et
539 1751 601 1816 hac
625 1768 707 1816 orat.
729 1775 758 1816 c.
784 1750 845 1834 33,
868 1751 932 1834 34,
958 1752 985 1816 si
1007 1772 1063 1815 eos
1081 1751 1172 1816 locos
1195 1765 1321 1816 attente

243 1854 392 1920 conferas
417 1879 426 1920 :
449 1879 491 1921 ne
512 1859 595 1923 nihil
619 1860 714 1947 plane
741 1875 850 1923 actum
869 1859 910 1924 ab
935 1859 1022 1924 Sulla
1045 1873 1209 1948 putemus.
1236 1855 1319 1936 Sed,

243 1981 347 2049 quum
364 1964 501 2030 omnino
519 1963 599 2054 quid
610 1966 731 2057 egerit,
749 1966 928 2031 obscurum
939 1967 997 2050 sit,
1009 1987 1077 2029 rem
1091 1964 1127 2028 in
1138 1961 1250 2028 medio
1266 1985 1321 2026 re·

243 2066 370 2156 linquo.

288 2175 378 2240 VIII.
392 2177 545 2260 Duabus,
560 2199 632 2265 quae
644 2177 868 2241 Cluentianam
881 2175 1110 2265 interpretanti
1125 2173 1322 2240 ridebantur

244 2279 422 2369 impositae,
436 2282 611 2347 defunctus
623 2283 788 2372 partibus,
805 2282 847 2347 ad
860 2283 1004 2364 tertiam,
1016 2305 1086 2346 mea
1100 2279 1234 2370 quidem
1247 2301 1323 2344 seu·

178 2413 185 2432 ⁸
244 2387 362 2470 tentia,
376 2387 735 2454 difficiliorem'acccdo.
754 2392 862 2477 Atque
876 2387 976 2471 adeo,
991 2409 1095 2475 quum
1109 2387 1150 2452 de
1166 2385 1322 2475 quaestio-

245 2515 326 2558 num
340 2494 525 2574 judicibus,
541 2519 579 2560 ac
591 2494 631 2561 de
643 2495 790 2562 veneficii
803 2496 928 2585 legibus
943 2493 1023 2583 quid
1037 2495 1140 2584 simile
1156 2493 1222 2557 reri
1237 2507 1323 2558 esset

245 2599 506 2689 inquirebamus,
520 2597 620 2668 duces
642 2601 676 2667 in
690 2603 812 2668 incerta
828 2603 880 2666 ria
896 2623 1042 2666 summos
1059 2600 1261 2665 habebamus
1277 2599 1324 2663 vi·

244 2727 299 2770 ros
316 2729 325 2772 t
342 2729 432 2773 nunc
448 2725 557 2774 autem
573 2708 634 2773 soli
650 2708 877 2796 relinquimur.
898 2706 1071 2772 Neminem
1086 2704 1153 2770 ridi
1169 2703 1211 2769 tle
1230 2726 1322 2793 quae·

245 2813 345 2878 sitore
358 2812 543 2880 Cluentiani
555 2813 669 2895 judicii
679 2829 829 2880 accurate
841 2829 1033 2878 tractantem
1045 2836 1054 2877 ε
1068 2832 1176 2900 neque
1188 2810 1258 2899 ipse
1273 2825 1323 2874 sat

246 2917 333 3002 scio,
349 2917 430 3009 quid
447 2920 702 2986 commentando
717 2920 922 3010 profecerim.
943 2919 1072 2984 Tullius
1089 2941 1116 2983 c.
1140 2909 1199 2999 53,
1215 2937 1322 3004 quum

245 3023 305 3108 ait,
321 3026 434 3109 aQuid
452 3043 517 3110 est,
536 3029 578 3110 Q.
599 3025 687 3092 Naso
699 3077 708 3110 ,
721 3043 783 3091 etc.
797 3057 809 3082 a
823 3025 914 3090 hunc
927 3025 1097 3089 hominem
1108 3021 1233 3104 judicio
1245 3043 1324 3110 prae·

244 3131 345 3198 fuisse
361 3131 502 3198 declarat
516 3157 523 3198 :
536 3149 608 3198 tum
622 3155 691 3221 cap.
703 3132 762 3214 54,
780 3131 825 3196 ita
838 3131 925 3196 idem
942 3131 1090 3218 loquitur
1104 3153 1113 3194 τ
1131 3159 1145 3184 «ι
1156 3129 1258 3193 lubet
1271 3127 1323 3191 lert

246 3260 300 3320 ea,
314 3261 378 3326 qua
389 3239 459 3328 lege
468 3239 537 3303 hacc
548 3239 683 3329 questio
696 3240 875 3304 constituta
886 3251 951 3313 est,
961 3235 1104 3318 judicem
1117 3234 1321 3323 questionis,

246 3345 312 3416 hoc
329 3361 398 3427 est,
416 3346 457 3429 Q.
476 3346 682 3430 Voconium,
707 3368 783 3411 cum
798 3345 837 3409 iis
852 3343 1035 3427 judicibus,
1054 3343 1111 3431 qui
1131 3343 1161 3405 ei
1180 3341 1323 3406 obvene-

246 3450 314 3515 rittt
333 3445 403 3539 (ros
423 3450 581 3541 appellat,
603 3451 761 3540 judices),
779 3473 924 3541 quaerere
945 3448 985 3514 de
1005 3471 1175 3514 veneno».
1196 3447 1247 3512 Ne
1270 3446 1323 3510 hic

245 3559 435 3624 nominibus
454 3557 659 3624 eruditorum
675 3558 848 3624 recitandis
865 3557 1066 3640 obtundam,
1081 3556 1183 3621 verbo
1200 3553 1323 3632 dicam,

247 3685 379 3732 censere
407 3665 584 3755 quosdam,
611 3689 716 3731 unum
744 3683 888 3754 utroque
915 3666 989 3730 loco
1020 3661 1173 3753 appellari
1195 3661 1322 3741 virum,

249 3772 290 3855 Q.
308 3772 492 3837 Voconium
510 3773 675 3839 Nasonem
693 3791 865 3862 praetorem
883 3795 891 3836 ε
908 3771 1042 3859 reliquis
1057 3769 1141 3834 duos
1160 3767 1261 3832 fuisse
1276 3765 1323 3830 ri-

248 3877 339 3960 deri,
355 3877 493 3943 alterum
512 3896 703 3968 pretorem,
729 3879 770 3962 Q.
789 3879 972 3958 Nasonem,
985 3877 1124 3941 alterum
1137 3872 1323 3964 quaestionis

246 3983 411 4068 judicem,
440 3984 484 4068 Q.
513 3985 708 4051 Voconium.
734 3985 906 4049 Falluntur
929 4005 1006 4048 sane
1030 3982 1094 4064 illi,
1119 3980 1200 4046 dum
1228 3999 1322 4060 eum,

141 4139 146 4150 .
252 4109 350 4184 quem
359 4089 392 4154 in
406 4089 599 4178 praetoribus
608 4105 800 4172 numerant,
800 4089 949 4179 judicem
959 4089 1138 4178 quaestionis
1148 4100 1208 4149 aut
1216 4082 1324 4148 vocari
