<?xml version="1.0" encoding="UTF-8"?>
<!DOCTYPE html PUBLIC "-//W3C//DTD XHTML 1.0 Transitional//EN"
    "http://www.w3.org/TR/xhtml1/DTD/xhtml1-transitional.dtd">
<html xmlns="http://www.w3.org/1999/xhtml" xml:lang="en" lang="en">
 <head>
  <title>
</title>
<meta http-equiv="Content-Type" content="text/html;charset=utf-8" />
  <meta name='ocr-system' content='tesseract 3.04.00' />
  <meta name='ocr-capabilities' content='ocr_page ocr_carea ocr_par ocr_line ocrx_word'/>
</head>
<body>
  <div class='ocr_page' id='page_1' title='image "./mtciceronisquae00lemagoog_0197.png"; bbox 0 0 3020 4666; ppageno 0'>
   <div class='ocr_carea' id='block_1_1' title="bbox 277 331 1011 405">
    <p class='ocr_par' dir='ltr' id='par_1_1' title="bbox 277 331 1011 405">
     <span class='ocr_line' id='line_1_1' title="bbox 277 331 1011 405; baseline 0.003 -3"><span class='ocrx_word' id='word_1_1' title='bbox 277 331 346 404; x_wconf 82' lang='lat'><strong>188</strong></span> <span class='ocrx_word' id='word_1_2' title='bbox 589 337 637 403; x_wconf 89' lang='grc' dir='ltr'><strong>Μ.</strong></span> <span class='ocrx_word' id='word_1_3' title='bbox 661 334 700 402; x_wconf 89' lang='grc' dir='ltr'><strong>Τ.</strong></span> <span class='ocrx_word' id='word_1_4' title='bbox 730 335 1011 405; x_wconf 78' lang='lat' dir='ltr'><strong>CICERONIS</strong></span> 
     </span>
    </p>
   </div>
   <div class='ocr_carea' id='block_1_2' title="bbox 254 449 1400 3406">
    <p class='ocr_par' dir='ltr' id='par_1_2' title="bbox 254 449 1400 1210">
     <span class='ocr_line' id='line_1_2' title="bbox 272 449 1400 553; baseline 0.003 -28"><span class='ocrx_word' id='word_1_5' title='bbox 272 454 379 543; x_wconf 88' lang='lat' dir='ltr'><strong>illud,</strong></span> <span class='ocrx_word' id='word_1_6' title='bbox 404 455 475 526; x_wconf 90' lang='lat' dir='ltr'><strong>hoc</strong></span> <span class='ocrx_word' id='word_1_7' title='bbox 499 449 685 552; x_wconf 72' lang='lat' dir='ltr'><strong>temp&#39;ore,</strong></span> <span class='ocrx_word' id='word_1_8' title='bbox 709 471 745 530; x_wconf 83' lang='lat' dir='ltr'><strong>ot</strong></span> <span class='ocrx_word' id='word_1_9' title='bbox 770 455 977 530; x_wconf 84' lang='lat' dir='ltr'><strong>mulieribus</strong></span> <span class='ocrx_word' id='word_1_10' title='bbox 1001 453 1178 553; x_wconf 83' lang='lat' dir='ltr'><strong>oppidum</strong></span> <span class='ocrx_word' id='word_1_11' title='bbox 1203 459 1340 528; x_wconf 84' lang='lat' dir='ltr'><strong>scitote</strong></span> <span class='ocrx_word' id='word_1_12' title='bbox 1389 533 1400 553; x_wconf 74' lang='lat'><strong>,</strong></span> 
     </span>
     <span class='ocr_line' id='line_1_3' title="bbox 274 563 1392 663; baseline 0 -27"><span class='ocrx_word' id='word_1_13' title='bbox 274 589 350 636; x_wconf 84' lang='lat' dir='ltr'><strong>esse</strong></span> <span class='ocrx_word' id='word_1_14' title='bbox 364 563 553 651; x_wconf 87' lang='lat' dir='ltr'><strong>traditum,</strong></span> <span class='ocrx_word' id='word_1_15' title='bbox 571 565 681 661; x_wconf 86' lang='lat' dir='ltr'><strong>idque</strong></span> <span class='ocrx_word' id='word_1_16' title='bbox 696 569 954 663; x_wconf 75' lang='lat' dir='ltr'><strong>inpraesentia,</strong></span> <span class='ocrx_word' id='word_1_17' title='bbox 973 568 1011 635; x_wconf 92' lang='lat' dir='ltr'><strong>in</strong></span> <span class='ocrx_word' id='word_1_18' title='bbox 1024 569 1209 636; x_wconf 84' lang='lat' dir='ltr'><strong>communi</strong></span> <span class='ocrx_word' id='word_1_19' title='bbox 1223 567 1339 637; x_wconf 72' lang='lat' dir='ltr'><strong>ltaliae</strong></span> <span class='ocrx_word' id='word_1_20' title='bbox 1386 573 1392 586; x_wconf 92' lang='lat'>&#39;</span> 
     </span>
     <span class='ocr_line' id='line_1_4' title="bbox 273 673 1337 774; baseline 0 -28"><span class='ocrx_word' id='word_1_21' title='bbox 273 697 381 774; x_wconf 84' lang='lat' dir='ltr'><strong>pace,</strong></span> <span class='ocrx_word' id='word_1_22' title='bbox 398 673 604 746; x_wconf 79' lang='lat' dir='ltr'><strong>domesticis</strong></span> <span class='ocrx_word' id='word_1_23' title='bbox 618 676 731 772; x_wconf 88' lang='lat' dir='ltr'><strong>copiis</strong></span> <span class='ocrx_word' id='word_1_24' title='bbox 752 700 826 746; x_wconf 89' lang='lat' dir='ltr'><strong>esse</strong></span> <span class='ocrx_word' id='word_1_25' title='bbox 842 689 979 746; x_wconf 89' lang='lat' dir='ltr'><strong>tutum:</strong></span> <span class='ocrx_word' id='word_1_26' title='bbox 993 697 1085 772; x_wconf 92' lang='lat' dir='ltr'><strong>quos</strong></span> <span class='ocrx_word' id='word_1_27' title='bbox 1099 689 1216 744; x_wconf 87' lang='lat' dir='ltr'><strong>tamen</strong></span> <span class='ocrx_word' id='word_1_28' title='bbox 1233 677 1337 772; x_wconf 89' lang='lat' dir='ltr'><strong>ipsos</strong></span> 
     </span>
     <span class='ocr_line' id='line_1_5' title="bbox 273 781 1338 882; baseline 0 -28"><span class='ocrx_word' id='word_1_29' title='bbox 273 781 402 880; x_wconf 63' lang='lat' dir='ltr'><strong>aequess,</strong></span> <span class='ocrx_word' id='word_1_30' title='bbox 413 797 448 854; x_wconf 88' lang='lat' dir='ltr'><strong>et</strong></span> <span class='ocrx_word' id='word_1_31' title='bbox 461 807 535 870; x_wconf 89' lang='lat' dir='ltr'><strong>eos,</strong></span> <span class='ocrx_word' id='word_1_32' title='bbox 543 808 634 880; x_wconf 90' lang='lat' dir='ltr'><strong>quos</strong></span> <span class='ocrx_word' id='word_1_33' title='bbox 641 798 833 882; x_wconf 75' lang='lat' dir='ltr'><strong>praesentes</strong></span> <span class='ocrx_word' id='word_1_34' title='bbox 842 781 984 870; x_wconf 81' lang='lat' dir='ltr'><strong>videtis,</strong></span> <span class='ocrx_word' id='word_1_35' title='bbox 993 783 1100 879; x_wconf 90' lang='lat' dir='ltr'><strong>huJus</strong></span> <span class='ocrx_word' id='word_1_36' title='bbox 1110 788 1338 882; x_wconf 79' lang='lat' dir='ltr'><strong>exspectatio</strong></span> 
     </span>
     <span class='ocr_line' id='line_1_6' title="bbox 270 891 1333 1016; baseline 0.005 -54"><span class='ocrx_word' id='word_1_37' title='bbox 270 891 403 1016; x_wconf 38' lang='lat' dir='ltr'><strong>judieii·</strong></span> <span class='ocrx_word' id='word_1_38' title='bbox 412 891 488 963; x_wconf 89' lang='lat' dir='ltr'><strong>dies</strong></span> <span class='ocrx_word' id='word_1_39' title='bbox 507 907 704 990; x_wconf 87' lang='lat' dir='ltr'><strong>noctesque</strong></span> <span class='ocrx_word' id='word_1_40' title='bbox 722 895 897 966; x_wconf 87' lang='lat' dir='ltr'><strong>sollicitat.</strong></span> <span class='ocrx_word' id='word_1_41' title='bbox 916 898 997 966; x_wconf 82' lang='lat' dir='ltr'><strong>Non</strong></span> <span class='ocrx_word' id='word_1_42' title='bbox 1015 893 1065 963; x_wconf 92' lang='lat' dir='ltr'><strong>illi</strong></span> <span class='ocrx_word' id='word_1_43' title='bbox 1079 917 1143 964; x_wconf 89' lang='lat' dir='ltr'><strong>vos</strong></span> <span class='ocrx_word' id='word_1_44' title='bbox 1160 894 1205 964; x_wconf 86' lang='lat' dir='ltr'><strong>dc</strong></span> <span class='ocrx_word' id='word_1_45' title='bbox 1223 896 1333 968; x_wconf 82' lang='lat' dir='ltr'><strong>unius</strong></span> 
     </span>
     <span class='ocr_line' id='line_1_7' title="bbox 269 1000 1333 1127; baseline 0 -55"><span class='ocrx_word' id='word_1_46' title='bbox 269 1003 462 1127; x_wconf 77' lang='lat' dir='ltr'><strong>municipis</strong></span> <span class='ocrx_word' id='word_1_47' title='bbox 488 1000 642 1074; x_wconf 83' lang='lat' dir='ltr'><strong>fortunis</strong></span> <span class='ocrx_word' id='word_1_48' title='bbox 651 1002 902 1114; x_wconf 63' lang='lat' dir='ltr'><strong>arbitrantur,</strong></span> <span class='ocrx_word' id='word_1_49' title='bbox 926 1003 990 1074; x_wconf 89' lang='lat' dir='ltr'><strong>sed</strong></span> <span class='ocrx_word' id='word_1_50' title='bbox 1014 1002 1059 1074; x_wconf 81' lang='lat' dir='ltr'><strong>de</strong></span> <span class='ocrx_word' id='word_1_51' title='bbox 1080 1009 1190 1073; x_wconf 90' lang='lat' dir='ltr'><strong>totius</strong></span> <span class='ocrx_word' id='word_1_52' title='bbox 1210 1004 1333 1074; x_wconf 86' lang='lat' dir='ltr'><strong>mutri-</strong></span> 
     </span>
     <span class='ocr_line' id='line_1_8' title="bbox 254 1093 1334 1210; baseline 0.002 -28"><span class='ocrx_word' id='word_1_53' title='bbox 254 1113 358 1207; x_wconf 75' lang='lat' dir='ltr'><strong>-cipii</strong></span> <span class='ocrx_word' id='word_1_54' title='bbox 372 1126 483 1198; x_wconf 86' lang='lat' dir='ltr'><strong>statu,</strong></span> <span class='ocrx_word' id='word_1_55' title='bbox 502 1093 691 1210; x_wconf 78' lang='lat' dir='ltr'><strong>dignitate,</strong></span> <span class='ocrx_word' id='word_1_56' title='bbox 713 1113 985 1210; x_wconf 87' lang='lat' dir='ltr'><strong>commodisque</strong></span> <span class='ocrx_word' id='word_1_57' title='bbox 999 1113 1170 1184; x_wconf 88' lang='lat' dir='ltr'><strong>omnibus</strong></span> <span class='ocrx_word' id='word_1_58' title='bbox 1187 1127 1334 1184; x_wconf 88' lang='lat' dir='ltr'><strong>senten·</strong></span> 
     </span>
    </p>

    <p class='ocr_par' dir='ltr' id='par_1_3' title="bbox 270 1220 1334 1624">
     <span class='ocr_line' id='line_1_9' title="bbox 273 1220 1334 1316; baseline 0 -26"><span class='ocrx_word' id='word_1_59' title='bbox 273 1224 341 1290; x_wconf 88' lang='lat' dir='ltr'><strong>tias</strong></span> <span class='ocrx_word' id='word_1_60' title='bbox 361 1245 437 1292; x_wconf 91' lang='lat' dir='ltr'><strong>esse</strong></span> <span class='ocrx_word' id='word_1_61' title='bbox 461 1221 606 1292; x_wconf 90' lang='lat' dir='ltr'><strong>laturos.</strong></span> <span class='ocrx_word' id='word_1_62' title='bbox 630 1225 774 1292; x_wconf 85' lang='lat' dir='ltr'><strong>Summa</strong></span> <span class='ocrx_word' id='word_1_63' title='bbox 796 1237 850 1292; x_wconf 89' lang='lat' dir='ltr'><strong>est</strong></span> <span class='ocrx_word' id='word_1_64' title='bbox 868 1224 962 1293; x_wconf 90' lang='lat' dir='ltr'><strong>enim</strong></span> <span class='ocrx_word' id='word_1_65' title='bbox 972 1220 1154 1316; x_wconf 87' lang='lat' dir='ltr'><strong>,judices,</strong></span> <span class='ocrx_word' id='word_1_66' title='bbox 1175 1221 1334 1291; x_wconf 89' lang='lat' dir='ltr'><strong>hominis</strong></span> 
     </span>
     <span class='ocr_line' id='line_1_10' title="bbox 273 1331 1333 1432; baseline 0 -32"><span class='ocrx_word' id='word_1_67' title='bbox 273 1331 310 1400; x_wconf 84' lang='lat' dir='ltr'><strong>in</strong></span> <span class='ocrx_word' id='word_1_68' title='bbox 334 1355 563 1404; x_wconf 89' lang='lat' dir='ltr'><strong>communem</strong></span> <span class='ocrx_word' id='word_1_69' title='bbox 586 1334 770 1430; x_wconf 89' lang='lat' dir='ltr'><strong>municipii</strong></span> <span class='ocrx_word' id='word_1_70' title='bbox 793 1357 868 1403; x_wconf 86' lang='lat' dir='ltr'><strong>rem</strong></span> <span class='ocrx_word' id='word_1_71' title='bbox 877 1333 1123 1432; x_wconf 84' lang='lat' dir='ltr'><strong>diligentia,</strong></span> <span class='ocrx_word' id='word_1_72' title='bbox 1113 1355 1151 1402; x_wconf 87' lang='grc' dir='ltr'><strong>ιιι</strong></span> <span class='ocrx_word' id='word_1_73' title='bbox 1172 1331 1333 1427; x_wconf 86' lang='lat' dir='ltr'><strong>singulos</strong></span> 
     </span>
     <span class='ocr_line' id='line_1_11' title="bbox 274 1441 1333 1538; baseline 0.002 -30"><span class='ocrx_word' id='word_1_74' title='bbox 274 1441 473 1537; x_wconf 88' lang='lat' dir='ltr'><strong>municipes</strong></span> <span class='ocrx_word' id='word_1_75' title='bbox 495 1441 751 1538; x_wconf 80' lang='lat' dir='ltr'><strong>benignitas,</strong></span> <span class='ocrx_word' id='word_1_76' title='bbox 742 1466 779 1511; x_wconf 89' lang='grc' dir='ltr'><strong>ιιι</strong></span> <span class='ocrx_word' id='word_1_77' title='bbox 805 1466 930 1512; x_wconf 91' lang='lat' dir='ltr'><strong>omnes</strong></span> <span class='ocrx_word' id='word_1_78' title='bbox 953 1442 1117 1512; x_wconf 89' lang='lat' dir='ltr'><strong>homines</strong></span> <span class='ocrx_word' id='word_1_79' title='bbox 1137 1441 1275 1536; x_wconf 87' lang='lat' dir='ltr'><strong>justitia</strong></span> <span class='ocrx_word' id='word_1_80' title='bbox 1296 1454 1333 1510; x_wconf 84' lang='lat' dir='ltr'><strong>et</strong></span> 
     </span>
     <span class='ocr_line' id='line_1_12' title="bbox 270 1549 1335 1638; baseline 0.002 -18"><span class='ocrx_word' id='word_1_81' title='bbox 270 1549 369 1624; x_wconf 87' lang='lat' dir='ltr'><strong>fides.</strong></span> <span class='ocrx_word' id='word_1_82' title='bbox 391 1557 562 1624; x_wconf 79' lang='lat' dir='ltr'><strong>Praeterea</strong></span> <span class='ocrx_word' id='word_1_83' title='bbox 580 1554 804 1624; x_wconf 79' lang='lat' dir='ltr'><strong>nobilitatem</strong></span> <span class='ocrx_word' id='word_1_84' title='bbox 824 1553 974 1624; x_wconf 75' lang='lat' dir='ltr'><strong>itta-111⁷·</strong></span> <span class='ocrx_word' id='word_1_85' title='bbox 965 1568 1060 1624; x_wconf 88' lang='lat' dir='ltr'><strong>mter</strong></span> <span class='ocrx_word' id='word_1_86' title='bbox 1075 1577 1179 1638; x_wconf 91' lang='lat' dir='ltr'><strong>suos,</strong></span> <span class='ocrx_word' id='word_1_87' title='bbox 1198 1553 1335 1624; x_wconf 85' lang='lat' dir='ltr'><strong>locum-</strong></span> 
     </span>
    </p>

    <p class='ocr_par' dir='ltr' id='par_1_4' title="bbox 272 1662 1334 2506">
     <span class='ocr_line' id='line_1_13' title="bbox 273 1662 1334 1759; baseline 0.002 -29"><span class='ocrx_word' id='word_1_88' title='bbox 273 1685 346 1756; x_wconf 86' lang='lat' dir='ltr'><strong>que</strong></span> <span class='ocrx_word' id='word_1_89' title='bbox 359 1685 379 1731; x_wconf 93' lang='lat' dir='ltr'><strong>a</strong></span> <span class='ocrx_word' id='word_1_90' title='bbox 393 1662 588 1756; x_wconf 90' lang='lat' dir='ltr'><strong>majoribus</strong></span> <span class='ocrx_word' id='word_1_91' title='bbox 607 1663 776 1735; x_wconf 89' lang='lat' dir='ltr'><strong>traditum</strong></span> <span class='ocrx_word' id='word_1_92' title='bbox 794 1666 843 1735; x_wconf 92' lang='lat' dir='ltr'><strong>sic</strong></span> <span class='ocrx_word' id='word_1_93' title='bbox 860 1678 995 1752; x_wconf 89' lang='lat' dir='ltr'><strong>tuetur,</strong></span> <span class='ocrx_word' id='word_1_94' title='bbox 1010 1679 1050 1734; x_wconf 93' lang='lat' dir='ltr'><strong>ut</strong></span> <span class='ocrx_word' id='word_1_95' title='bbox 1065 1664 1242 1759; x_wconf 83' lang='lat' dir='ltr'><strong>majorum</strong></span> <span class='ocrx_word' id='word_1_96' title='bbox 1257 1687 1334 1759; x_wconf 88' lang='lat' dir='ltr'><strong>gra-</strong></span> 
     </span>
     <span class='ocr_line' id='line_1_14' title="bbox 272 1775 1333 1875; baseline 0.003 -32"><span class='ocrx_word' id='word_1_97' title='bbox 272 1775 437 1862; x_wconf 81' lang='lat' dir='ltr'><strong>vitatem,</strong></span> <span class='ocrx_word' id='word_1_98' title='bbox 458 1779 708 1865; x_wconf 83' lang='lat' dir='ltr'><strong>constantiam,</strong></span> <span class='ocrx_word' id='word_1_99' title='bbox 727 1779 891 1875; x_wconf 83' lang='lat' dir='ltr'><strong>gratiam,</strong></span> <span class='ocrx_word' id='word_1_100' title='bbox 907 1777 1155 1850; x_wconf 78' lang='lat' dir='ltr'><strong>liberalitatem</strong></span> <span class='ocrx_word' id='word_1_101' title='bbox 1171 1799 1333 1873; x_wconf 85' lang='lat' dir='ltr'><strong>assequa-</strong></span> 
     </span>
     <span class='ocr_line' id='line_1_15' title="bbox 274 1887 1332 1985; baseline 0.002 -32"><span class='ocrx_word' id='word_1_102' title='bbox 274 1897 344 1954; x_wconf 77' lang='lat' dir='ltr'><strong>tur.</strong></span> <span class='ocrx_word' id='word_1_103' title='bbox 368 1888 494 1982; x_wconf 85' lang='lat' dir='ltr'><strong>Itaque</strong></span> <span class='ocrx_word' id='word_1_104' title='bbox 514 1889 559 1958; x_wconf 85' lang='lat' dir='ltr'><strong>lis</strong></span> <span class='ocrx_word' id='word_1_105' title='bbox 588 1913 669 1960; x_wconf 89' lang='lat' dir='ltr'><strong>eom</strong></span> <span class='ocrx_word' id='word_1_106' title='bbox 697 1889 815 1959; x_wconf 89' lang='lat' dir='ltr'><strong>verbis</strong></span> <span class='ocrx_word' id='word_1_107' title='bbox 840 1888 984 1985; x_wconf 86' lang='lat' dir='ltr'><strong>publice</strong></span> <span class='ocrx_word' id='word_1_108' title='bbox 1004 1887 1171 1974; x_wconf 88' lang='lat' dir='ltr'><strong>laudant,</strong></span> <span class='ocrx_word' id='word_1_109' title='bbox 1194 1895 1238 1957; x_wconf 85' lang='lat' dir='ltr'><strong>ut&#39;</strong></span> <span class='ocrx_word' id='word_1_110' title='bbox 1260 1911 1332 1956; x_wconf 90' lang='lat' dir='ltr'><strong>non</strong></span> 
     </span>
     <span class='ocr_line' id='line_1_16' title="bbox 275 1993 1333 2092; baseline -0.001 -28"><span class='ocrx_word' id='word_1_111' title='bbox 275 1993 392 2064; x_wconf 89' lang='lat' dir='ltr'><strong>solum</strong></span> <span class='ocrx_word' id='word_1_112' title='bbox 424 1997 668 2068; x_wconf 86' lang='lat' dir='ltr'><strong>testimonium</strong></span> <span class='ocrx_word' id='word_1_113' title='bbox 703 2021 807 2068; x_wconf 90' lang='lat' dir='ltr'><strong>suum</strong></span> <span class='ocrx_word' id='word_1_114' title='bbox 834 1996 1085 2092; x_wconf 90' lang='lat' dir='ltr'><strong>judiciumque</strong></span> <span class='ocrx_word' id='word_1_115' title='bbox 1113 1993 1333 2092; x_wconf 85' lang='lat' dir='ltr'><strong>significent,</strong></span> 
     </span>
     <span class='ocr_line' id='line_1_17' title="bbox 275 2103 1332 2201; baseline 0.002 -30"><span class='ocrx_word' id='word_1_116' title='bbox 275 2125 401 2172; x_wconf 85' lang='lat' dir='ltr'><strong>verum</strong></span> <span class='ocrx_word' id='word_1_117' title='bbox 429 2105 535 2176; x_wconf 86' lang='lat' dir='ltr'><strong>etiam</strong></span> <span class='ocrx_word' id='word_1_118' title='bbox 564 2131 685 2177; x_wconf 88' lang='lat' dir='ltr'><strong>curam</strong></span> <span class='ocrx_word' id='word_1_119' title='bbox 715 2107 824 2176; x_wconf 91' lang='lat' dir='ltr'><strong>animi</strong></span> <span class='ocrx_word' id='word_1_120' title='bbox 853 2131 893 2176; x_wconf 90' lang='lat' dir='ltr'><strong>ac</strong></span> <span class='ocrx_word' id='word_1_121' title='bbox 920 2106 1115 2177; x_wconf 87' lang='lat' dir='ltr'><strong>dolorem:</strong></span> <span class='ocrx_word' id='word_1_122' title='bbox 1144 2129 1224 2201; x_wconf 88' lang='lat' dir='ltr'><strong>quae</strong></span> <span class='ocrx_word' id='word_1_123' title='bbox 1246 2103 1332 2174; x_wconf 88' lang='lat' dir='ltr'><strong>dum</strong></span> 
     </span>
     <span class='ocr_line' id='line_1_18' title="bbox 276 2211 1332 2311; baseline -0.001 -30"><span class='ocrx_word' id='word_1_124' title='bbox 276 2211 435 2284; x_wconf 82' lang='lat' dir='ltr'><strong>laudatio</strong></span> <span class='ocrx_word' id='word_1_125' title='bbox 460 2217 643 2303; x_wconf 86' lang='lat' dir='ltr'><strong>recitatur,</strong></span> <span class='ocrx_word' id='word_1_126' title='bbox 669 2239 752 2302; x_wconf 87' lang='lat' dir='ltr'><strong>vos,</strong></span> <span class='ocrx_word' id='word_1_127' title='bbox 784 2239 923 2311; x_wconf 80' lang='lat' dir='ltr'><strong>qtraesO,</strong></span> <span class='ocrx_word' id='word_1_128' title='bbox 949 2215 1013 2311; x_wconf 90' lang='lat' dir='ltr'><strong>qui</strong></span> <span class='ocrx_word' id='word_1_129' title='bbox 1037 2237 1116 2284; x_wconf 88' lang='lat' dir='ltr'><strong>eam</strong></span> <span class='ocrx_word' id='word_1_130' title='bbox 1138 2211 1332 2298; x_wconf 89' lang='lat' dir='ltr'><strong>detulistis,</strong></span> 
     </span>
     <span class='ocr_line' id='line_1_19' title="bbox 275 2327 1333 2420; baseline -0.001 -28"><span class='ocrx_word' id='word_1_131' title='bbox 275 2327 458 2420; x_wconf 88' lang='lat' dir='ltr'><strong>assurgite.</strong></span> <span class='ocrx_word' id='word_1_132' title='bbox 480 2330 668 2396; x_wconf 79' lang='lat' dir='ltr'><strong>Launarto</strong></span> <span class='ocrx_word' id='word_1_133' title='bbox 686 2329 876 2409; x_wconf 72' lang='lat' dir='ltr'><strong>Cauarttru,</strong></span> <span class='ocrx_word' id='word_1_134' title='bbox 900 2351 945 2395; x_wconf 82' lang='lat' dir='ltr'><strong>ax</strong></span> <span class='ocrx_word' id='word_1_135' title='bbox 965 2347 1199 2396; x_wconf 78' lang='lat' dir='ltr'><strong>nncumouun</strong></span> <span class='ocrx_word' id='word_1_136' title='bbox 1221 2327 1333 2394; x_wconf 83' lang='lat' dir='ltr'><strong>Lam·</strong></span> 
     </span>
     <span class='ocr_line' id='line_1_20' title="bbox 275 2455 607 2506; baseline 0.009 -5"><span class='ocrx_word' id='word_1_137' title='bbox 275 2455 417 2504; x_wconf 80' lang='lat' dir='ltr'><strong>narrum</strong></span> <span class='ocrx_word' id='word_1_138' title='bbox 439 2459 607 2506; x_wconf 81' lang='lat' dir='ltr'><strong>uacanro.</strong></span> 
     </span>
    </p>

    <p class='ocr_par' dir='ltr' id='par_1_5' title="bbox 275 2543 1337 3406">
     <span class='ocr_line' id='line_1_21' title="bbox 324 2543 1334 2642; baseline 0.001 -31"><span class='ocrx_word' id='word_1_139' title='bbox 324 2545 376 2611; x_wconf 79' lang='lat' dir='ltr'><strong>Ex</strong></span> <span class='ocrx_word' id='word_1_140' title='bbox 402 2544 565 2639; x_wconf 86' lang='lat' dir='ltr'><strong>lacrymis</strong></span> <span class='ocrx_word' id='word_1_141' title='bbox 588 2543 738 2634; x_wconf 92' lang='lat' dir='ltr'><strong>horum,</strong></span> <span class='ocrx_word' id='word_1_142' title='bbox 761 2545 921 2642; x_wconf 89' lang='lat' dir='ltr'><strong>judices,</strong></span> <span class='ocrx_word' id='word_1_143' title='bbox 944 2546 1148 2615; x_wconf 84' lang='lat' dir='ltr'><strong>existimare</strong></span> <span class='ocrx_word' id='word_1_144' title='bbox 1167 2547 1334 2641; x_wconf 69' lang='lat' dir='ltr'><strong>potestiS,</strong></span> 
     </span>
     <span class='ocr_line' id='line_1_22' title="bbox 276 2643 1337 2752; baseline 0 -30"><span class='ocrx_word' id='word_1_145' title='bbox 276 2673 403 2723; x_wconf 89' lang='lat' dir='ltr'><strong>omnes</strong></span> <span class='ocrx_word' id='word_1_146' title='bbox 425 2652 499 2724; x_wconf 85' lang='lat' dir='ltr'><strong>haec</strong></span> <span class='ocrx_word' id='word_1_147' title='bbox 524 2653 736 2726; x_wconf 90' lang='lat' dir='ltr'><strong>decuriones</strong></span> <span class='ocrx_word' id='word_1_148' title='bbox 757 2655 953 2726; x_wconf 86' lang='lat' dir='ltr'><strong>decrevisse</strong></span> <span class='ocrx_word' id='word_1_149' title='bbox 969 2643 1205 2752; x_wconf 77' lang='lat' dir='ltr'><strong>lacrymantes</strong></span> <span class='ocrx_word' id='word_1_150' title='bbox 1215 2647 1242 2722; x_wconf 76' lang='lat'><strong>⁸.</strong></span> <span class='ocrx_word' id='word_1_151' title='bbox 1262 2657 1337 2750; x_wconf 83' lang='lat' dir='ltr'><strong>Age</strong></span> 
     </span>
     <span class='ocr_line' id='line_1_23' title="bbox 275 2762 1335 2862; baseline 0.003 -33"><span class='ocrx_word' id='word_1_152' title='bbox 275 2783 383 2847; x_wconf 86' lang='lat' dir='ltr'><strong>vero,</strong></span> <span class='ocrx_word' id='word_1_153' title='bbox 404 2764 629 2834; x_wconf 83' lang='lat' dir='ltr'><strong>vicinorum⁹</strong></span> <span class='ocrx_word' id='word_1_154' title='bbox 650 2780 827 2861; x_wconf 86' lang='lat' dir='ltr'><strong>quantum</strong></span> <span class='ocrx_word' id='word_1_155' title='bbox 845 2763 1025 2851; x_wconf 90' lang='lat' dir='ltr'><strong>studium,</strong></span> <span class='ocrx_word' id='word_1_156' title='bbox 1048 2789 1157 2862; x_wconf 90' lang='lat' dir='ltr'><strong>quam</strong></span> <span class='ocrx_word' id='word_1_157' title='bbox 1181 2762 1335 2833; x_wconf 61' lang='lat' dir='ltr'><strong>incredi÷</strong></span> 
     </span>
     <span class='ocr_line' id='line_1_24' title="bbox 276 2867 1335 2970; baseline 0.003 -32"><span class='ocrx_word' id='word_1_158' title='bbox 276 2867 357 2942; x_wconf 88' lang='lat' dir='ltr'><strong>bilis</strong></span> <span class='ocrx_word' id='word_1_159' title='bbox 374 2871 635 2963; x_wconf 87' lang='lat' dir='ltr'><strong>benivolentia,</strong></span> <span class='ocrx_word' id='word_1_160' title='bbox 652 2889 787 2970; x_wconf 91' lang='lat' dir='ltr'><strong>quanta</strong></span> <span class='ocrx_word' id='word_1_161' title='bbox 801 2896 887 2945; x_wconf 89' lang='lat' dir='ltr'><strong>cura</strong></span> <span class='ocrx_word' id='word_1_162' title='bbox 906 2877 1074 2946; x_wconf 73' lang='lat' dir='ltr'><strong>esst-Non</strong></span> <span class='ocrx_word' id='word_1_163' title='bbox 1089 2873 1139 2944; x_wconf 89' lang='lat' dir='ltr'><strong>illi</strong></span> <span class='ocrx_word' id='word_1_164' title='bbox 1153 2877 1191 2943; x_wconf 93' lang='lat' dir='ltr'><strong>in</strong></span> <span class='ocrx_word' id='word_1_165' title='bbox 1208 2871 1335 2943; x_wconf 88' lang='lat' dir='ltr'><strong>libellis</strong></span> 
     </span>
     <span class='ocr_line' id='line_1_25' title="bbox 275 2977 1336 3072; baseline 0.003 -23"><span class='ocrx_word' id='word_1_166' title='bbox 275 2977 521 3052; x_wconf 90' lang='lat' dir='ltr'><strong>laudationum</strong></span> <span class='ocrx_word' id='word_1_167' title='bbox 536 2982 679 3054; x_wconf 86' lang='lat' dir='ltr'><strong>decreta</strong></span> <span class='ocrx_word' id='word_1_168' title='bbox 693 2988 886 3072; x_wconf 87' lang='lat' dir='ltr'><strong>miserunt,</strong></span> <span class='ocrx_word' id='word_1_169' title='bbox 905 2983 968 3056; x_wconf 82' lang='lat' dir='ltr'><strong>sed</strong></span> <span class='ocrx_word' id='word_1_170' title='bbox 983 2984 1148 3056; x_wconf 91' lang='lat' dir='ltr'><strong>hom-ines</strong></span> <span class='ocrx_word' id='word_1_171' title='bbox 1161 2983 1336 3053; x_wconf 74' lang='lat' dir='ltr'><strong>honestis.</strong></span> 
     </span>
     <span class='ocr_line' id='line_1_26' title="bbox 276 3089 1335 3189; baseline 0.002 -31"><span class='ocrx_word' id='word_1_172' title='bbox 276 3089 403 3174; x_wconf 86' lang='lat' dir='ltr'><strong>simos,</strong></span> <span class='ocrx_word' id='word_1_173' title='bbox 422 3117 516 3188; x_wconf 91' lang='lat' dir='ltr'><strong>quos</strong></span> <span class='ocrx_word' id='word_1_174' title='bbox 530 3117 714 3164; x_wconf 89' lang='lat' dir='ltr'><strong>nossemus</strong></span> <span class='ocrx_word' id='word_1_175' title='bbox 728 3117 872 3180; x_wconf 90' lang='lat' dir='ltr'><strong>omnes,</strong></span> <span class='ocrx_word' id='word_1_176' title='bbox 891 3093 962 3164; x_wconf 89' lang='lat' dir='ltr'><strong>huc</strong></span> <span class='ocrx_word' id='word_1_177' title='bbox 976 3091 1182 3189; x_wconf 89' lang='lat' dir='ltr'><strong>frequentes</strong></span> <span class='ocrx_word' id='word_1_178' title='bbox 1197 3091 1335 3174; x_wconf 89' lang='lat' dir='ltr'><strong>adesse,</strong></span> 
     </span>
     <span class='ocr_line' id='line_1_27' title="bbox 277 3197 1333 3300; baseline 0.001 -33"><span class='ocrx_word' id='word_1_179' title='bbox 277 3213 314 3268; x_wconf 92' lang='lat' dir='ltr'><strong>et</strong></span> <span class='ocrx_word' id='word_1_180' title='bbox 329 3197 428 3270; x_wconf 90' lang='lat' dir='ltr'><strong>hunc</strong></span> <span class='ocrx_word' id='word_1_181' title='bbox 446 3218 637 3300; x_wconf 75' lang='lat' dir='ltr'><strong>praesentes</strong></span> <span class='ocrx_word' id='word_1_182' title='bbox 656 3201 800 3274; x_wconf 89' lang='lat' dir='ltr'><strong>laudare</strong></span> <span class='ocrx_word' id='word_1_183' title='bbox 820 3203 1023 3274; x_wconf 87' lang='lat' dir='ltr'><strong>voluerunt.</strong></span> <span class='ocrx_word' id='word_1_184' title='bbox 1050 3201 1187 3272; x_wconf 84' lang='lat' dir='ltr'><strong>Adsunt</strong></span> <span class='ocrx_word' id='word_1_185' title='bbox 1204 3205 1333 3272; x_wconf 84' lang='lat' dir='ltr'><strong>Feren-</strong></span> 
     </span>
     <span class='ocr_line' id='line_1_28' title="bbox 277 3306 1333 3406; baseline -0.002 -28"><span class='ocrx_word' id='word_1_186' title='bbox 277 3313 406 3397; x_wconf 87' lang='lat' dir='ltr'><strong>tani¹⁰,</strong></span> <span class='ocrx_word' id='word_1_187' title='bbox 432 3309 596 3384; x_wconf 89' lang='lat' dir='ltr'><strong>homines</strong></span> <span class='ocrx_word' id='word_1_188' title='bbox 621 3311 851 3400; x_wconf 87' lang='lat' dir='ltr'><strong>nobilissimi,</strong></span> <span class='ocrx_word' id='word_1_189' title='bbox 872 3311 1067 3390; x_wconf 84' lang='lat' dir='ltr'><strong>Marrucini</strong></span> <span class='ocrx_word' id='word_1_190' title='bbox 1085 3311 1175 3384; x_wconf 86' lang='lat' dir='ltr'><strong>item-</strong></span> <span class='ocrx_word' id='word_1_191' title='bbox 1188 3309 1266 3406; x_wconf 84' lang='lat' dir='ltr'><strong>pari</strong></span> <span class='ocrx_word' id='word_1_192' title='bbox 1283 3306 1333 3380; x_wconf 91' lang='lat' dir='ltr'><strong>di-</strong></span> 
     </span>
    </p>
   </div>
   <div class='ocr_carea' id='block_1_3' title="bbox 273 3506 1335 4127">
    <p class='ocr_par' dir='ltr' id='par_1_6' title="bbox 273 3506 1335 4127">
     <span class='ocr_line' id='line_1_29' title="bbox 312 3506 1335 3576; baseline -0.006 -20"><span class='ocrx_word' id='word_1_193' title='bbox 312 3508 336 3556; x_wconf 80' lang='grc'><strong>6.</strong></span> <span class='ocrx_word' id='word_1_194' title='bbox 349 3509 504 3573; x_wconf 75' lang='lat' dir='ltr'><strong>Ipsumque.</strong></span> <span class='ocrx_word' id='word_1_195' title='bbox 517 3510 633 3560; x_wconf 79' lang='lat' dir='ltr'><strong>Mulieres</strong></span> <span class='ocrx_word' id='word_1_196' title='bbox 646 3529 674 3560; x_wconf 85' lang='lat' dir='ltr'><strong>ae</strong></span> <span class='ocrx_word' id='word_1_197' title='bbox 687 3527 784 3576; x_wconf 73' lang='lat' dir='ltr'><strong>pueros.</strong></span> <span class='ocrx_word' id='word_1_198' title='bbox 828 3511 902 3560; x_wconf 74' lang='lat' dir='ltr'><strong>tionis</strong></span> <span class='ocrx_word' id='word_1_199' title='bbox 924 3509 997 3558; x_wconf 80' lang='lat' dir='ltr'><strong>fidem</strong></span> <span class='ocrx_word' id='word_1_200' title='bbox 1020 3506 1192 3564; x_wconf 79' lang='lat' dir='ltr'><strong>commendat,</strong></span> <span class='ocrx_word' id='word_1_201' title='bbox 1213 3515 1238 3552; x_wconf 84' lang='lat' dir='ltr'><strong>et</strong></span> <span class='ocrx_word' id='word_1_202' title='bbox 1255 3513 1335 3552; x_wconf 78' lang='lat' dir='ltr'><strong>movet</strong></span> 
     </span>
     <span class='ocr_line' id='line_1_30' title="bbox 313 3581 1334 3648; baseline -0.005 -15"><span class='ocrx_word' id='word_1_203' title='bbox 313 3603 339 3648; x_wconf 81' lang='lat' dir='ltr'><strong>J.</strong></span> <span class='ocrx_word' id='word_1_204' title='bbox 350 3585 506 3636; x_wconf 79' lang='lat' dir='ltr'><strong>Nobilitatem</strong></span> <span class='ocrx_word' id='word_1_205' title='bbox 519 3589 595 3638; x_wconf 81' lang='lat' dir='ltr'><strong>illam</strong></span> <span class='ocrx_word' id='word_1_206' title='bbox 608 3590 785 3638; x_wconf 79' lang='lat' dir='ltr'><strong>Adbteeeum·</strong></span> <span class='ocrx_word' id='word_1_207' title='bbox 828 3591 942 3648; x_wconf 77' lang='lat' dir='ltr'><strong>aflectus,</strong></span> <span class='ocrx_word' id='word_1_208' title='bbox 960 3589 1018 3636; x_wconf 81' lang='lat' dir='ltr'><strong>duna</strong></span> <span class='ocrx_word' id='word_1_209' title='bbox 1037 3602 1088 3635; x_wconf 85' lang='lat' dir='ltr'><strong>rem</strong></span> <span class='ocrx_word' id='word_1_210' title='bbox 1109 3584 1155 3633; x_wconf 76' lang='lat' dir='ltr'><strong>tub</strong></span> <span class='ocrx_word' id='word_1_211' title='bbox 1173 3583 1259 3632; x_wconf 79' lang='lat' dir='ltr'><strong>oeulos</strong></span> <span class='ocrx_word' id='word_1_212' title='bbox 1279 3581 1334 3629; x_wconf 80' lang='lat' dir='ltr'><strong>sub·</strong></span> 
     </span>
     <span class='ocr_line' id='line_1_31' title="bbox 276 3667 888 3731; baseline 0.003 -17"><span class='ocrx_word' id='word_1_213' title='bbox 276 3681 342 3714; x_wconf 85' lang='lat' dir='ltr'><strong>mum</strong></span> <span class='ocrx_word' id='word_1_214' title='bbox 352 3667 464 3731; x_wconf 81' lang='lat' dir='ltr'><strong>lupatria</strong></span> <span class='ocrx_word' id='word_1_215' title='bbox 473 3669 572 3731; x_wconf 81' lang='lat' dir='ltr'><strong>gradum</strong></span> <span class='ocrx_word' id='word_1_216' title='bbox 583 3669 692 3728; x_wconf 85' lang='lat' dir='ltr'><strong>obtinet,</strong></span> <span class='ocrx_word' id='word_1_217' title='bbox 709 3681 734 3718; x_wconf 88' lang='lat' dir='ltr'><strong>et</strong></span> <span class='ocrx_word' id='word_1_218' title='bbox 740 3685 785 3716; x_wconf 88' lang='lat' dir='ltr'><strong>no</strong></span> <span class='ocrx_word' id='word_1_219' title='bbox 825 3669 888 3728; x_wconf 82' lang='lat' dir='ltr'><strong>jicit.</strong></span> 
     </span>
     <span class='ocr_line' id='line_1_32' title="bbox 274 3739 1333 3812; baseline -0.007 -20"><span class='ocrx_word' id='word_1_220' title='bbox 274 3744 392 3794; x_wconf 82' lang='lat' dir='ltr'><strong>bilitatem</strong></span> <span class='ocrx_word' id='word_1_221' title='bbox 405 3749 626 3812; x_wconf 80' lang='lat' dir='ltr'><strong>quamapatribus</strong></span> <span class='ocrx_word' id='word_1_222' title='bbox 639 3749 726 3806; x_wconf 83' lang='lat' dir='ltr'><strong>habet,</strong></span> <span class='ocrx_word' id='word_1_223' title='bbox 744 3747 782 3794; x_wconf 77' lang='lat' dir='ltr'><strong>lile</strong></span> <span class='ocrx_word' id='word_1_224' title='bbox 860 3761 887 3810; x_wconf 77' lang='lat'><strong>9.</strong></span> <span class='ocrx_word' id='word_1_225' title='bbox 900 3745 1046 3794; x_wconf 78' lang='lat' dir='ltr'><strong>Vicinomm.</strong></span> <span class='ocrx_word' id='word_1_226' title='bbox 1057 3739 1333 3790; x_wconf 77' lang='lat' dir='ltr'><strong>Finitimarumurbiunr.</strong></span> 
     </span>
     <span class='ocr_line' id='line_1_33' title="bbox 274 3817 1333 3885; baseline -0.009 -13"><span class='ocrx_word' id='word_1_227' title='bbox 274 3823 406 3872; x_wconf 80' lang='lat' dir='ltr'><strong>virtutibus</strong></span> <span class='ocrx_word' id='word_1_228' title='bbox 432 3839 524 3885; x_wconf 80' lang='lat' dir='ltr'><strong>servat,</strong></span> <span class='ocrx_word' id='word_1_229' title='bbox 549 3839 577 3876; x_wconf 90' lang='lat' dir='ltr'><strong>ut</strong></span> <span class='ocrx_word' id='word_1_230' title='bbox 604 3843 659 3875; x_wconf 88' lang='lat' dir='ltr'><strong>cum</strong></span> <span class='ocrx_word' id='word_1_231' title='bbox 683 3827 781 3874; x_wconf 85' lang='lat' dir='ltr'><strong>nomine</strong></span> <span class='ocrx_word' id='word_1_232' title='bbox 862 3841 901 3874; x_wconf 88' lang='lat' dir='ltr'><strong>ro.</strong></span> <span class='ocrx_word' id='word_1_233' title='bbox 924 3820 1063 3872; x_wconf 79' lang='lat' dir='ltr'><strong>Ferentani.</strong></span> <span class='ocrx_word' id='word_1_234' title='bbox 1087 3819 1178 3868; x_wconf 75' lang='lat' dir='ltr'><strong>lucoloe</strong></span> <span class='ocrx_word' id='word_1_235' title='bbox 1197 3827 1254 3866; x_wconf 78' lang='lat' dir='ltr'><strong>sunt</strong></span> <span class='ocrx_word' id='word_1_236' title='bbox 1271 3817 1333 3866; x_wconf 77' lang='lat' dir='ltr'><strong>illius</strong></span> 
     </span>
     <span class='ocr_line' id='line_1_34' title="bbox 275 3899 1333 3970; baseline -0.005 -21"><span class='ocrx_word' id='word_1_237' title='bbox 275 3918 357 3950; x_wconf 80' lang='lat' dir='ltr'><strong>ornnes</strong></span> <span class='ocrx_word' id='word_1_238' title='bbox 376 3905 448 3953; x_wconf 83' lang='lat' dir='ltr'><strong>etiam</strong></span> <span class='ocrx_word' id='word_1_239' title='bbox 468 3922 551 3954; x_wconf 87' lang='lat' dir='ltr'><strong>eorum</strong></span> <span class='ocrx_word' id='word_1_240' title='bbox 574 3907 643 3955; x_wconf 81' lang='lat' dir='ltr'><strong>dotes</strong></span> <span class='ocrx_word' id='word_1_241' title='bbox 662 3907 781 3970; x_wconf 78' lang='lat' dir='ltr'><strong>accepisse</strong></span> <span class='ocrx_word' id='word_1_242' title='bbox 826 3899 1333 3967; x_wconf 69' lang='lat' dir='ltr'><strong>renna,quaesturb=Aputtae,renu·</strong></span> 
     </span>
     <span class='ocr_line' id='line_1_35' title="bbox 273 3979 1333 4034; baseline -0.006 -6"><span class='ocrx_word' id='word_1_243' title='bbox 273 3982 391 4033; x_wconf 79' lang='lat' dir='ltr'><strong>videatur.</strong></span> <span class='ocrx_word' id='word_1_244' title='bbox 824 3987 883 4034; x_wconf 77' lang='lat' dir='ltr'><strong>eiuae</strong></span> <span class='ocrx_word' id='word_1_245' title='bbox 901 3983 993 4032; x_wconf 77' lang='lat' dir='ltr'><strong>civitati</strong></span> <span class='ocrx_word' id='word_1_246' title='bbox 1013 3983 1100 4029; x_wconf 77' lang='lat' dir='ltr'><strong>vicina.</strong></span> <span class='ocrx_word' id='word_1_247' title='bbox 1118 3980 1159 4030; x_wconf 81' lang='lat' dir='ltr'><strong>Ct&#39;.</strong></span> <span class='ocrx_word' id='word_1_248' title='bbox 1179 3981 1241 4028; x_wconf 80' lang='lat' dir='ltr'><strong>Hor.</strong></span> <span class='ocrx_word' id='word_1_249' title='bbox 1256 3979 1333 4026; x_wconf 77' lang='lat' dir='ltr'><strong>Cam.</strong></span> 
     </span>
     <span class='ocr_line' id='line_1_36' title="bbox 308 4056 1331 4127; baseline -0.005 -18"><span class='ocrx_word' id='word_1_250' title='bbox 308 4061 333 4109; x_wconf 78' lang='lat'><strong>8.</strong></span> <span class='ocrx_word' id='word_1_251' title='bbox 353 4063 489 4111; x_wconf 77' lang='lat' dir='ltr'><strong>Decrevr&#39;sse</strong></span> <span class='ocrx_word' id='word_1_252' title='bbox 502 4065 670 4127; x_wconf 70' lang='lat' dir='ltr'><strong>lacrymantes.</strong></span> <span class='ocrx_word' id='word_1_253' title='bbox 685 4063 779 4113; x_wconf 72' lang='lat' dir='ltr'><strong>mudn-</strong></span> <span class='ocrx_word' id='word_1_254' title='bbox 824 4063 875 4122; x_wconf 88' lang='lat'><strong>111,</strong></span> <span class='ocrx_word' id='word_1_255' title='bbox 899 4071 922 4118; x_wconf 77' lang='lat' dir='ltr'><strong>t.</strong></span> <span class='ocrx_word' id='word_1_256' title='bbox 947 4063 1035 4113; x_wconf 80' lang='lat' dir='ltr'><strong>Censet</strong></span> <span class='ocrx_word' id='word_1_257' title='bbox 1056 4069 1137 4108; x_wconf 82' lang='lat' dir='ltr'><strong>autern</strong></span> <span class='ocrx_word' id='word_1_258' title='bbox 1157 4073 1217 4107; x_wconf 83' lang='lat' dir='ltr'><strong>cum</strong></span> <span class='ocrx_word' id='word_1_259' title='bbox 1235 4056 1331 4108; x_wconf 65' lang='lat' dir='ltr'><strong>tireno</strong></span> 
     </span>
    </p>
   </div>
   <div class='ocr_carea' id='block_1_4' title="bbox 0 0 1519 4666">
    <p class='ocr_par' dir='ltr' id='par_1_7' title="bbox 0 0 1519 4666">
     <span class='ocr_line' id='line_1_37' title="bbox 0 0 1519 4666; baseline 0 0"><span class='ocrx_word' id='word_1_260' title='bbox 0 0 1519 4666; x_wconf 95' lang='lat' dir='ltr'><strong> </strong></span> 
     </span>
    </p>
   </div>
  </div>
 </body>
</html>
