3018 4664
170 256 309 392 ¹400
435 327 439 342 ·
559 302 608 368 u.
633 301 672 368 r.
699 297 978 368 cressonis

241 425 402 498 odissent
421 421 492 510 tui,
513 443 634 517 neque
656 444 718 490 eos
740 419 812 491 ulla
835 422 974 490 ratione
997 417 1138 515 placare
1157 440 1304 516 posses3

184 519 187 522 ’
240 551 282 610 ut
300 537 446 632 opinor,
464 529 510 602 ab
530 555 655 602 eorum
677 530 791 602 oculis
810 529 932 628 aliquo
953 527 1187 600 concederes:
1204 552 1305 600 nunc

241 661 277 717 te
296 644 429 743 patria,
449 665 530 738 quae
555 640 758 712 communis
783 653 836 710 est
859 640 1023 758 oanium
1052 654 1216 710 nostrum
1238 665 1306 737 pa·

241 780 343 841 rens,
365 752 442 823 odit
459 776 500 821 ac
516 751 667 838 metuit,
689 764 725 820 et
741 747 879 844 jamdiu
900 713 945 820 de
967 762 1002 819 te
1025 744 1138 818 nihil⁸
1154 747 1304 842 judicat,

242 866 312 936 nisa
301 861 372 932 de
389 860 580 958 parricidio
594 883 660 931 suo
680 861 846 956 cogitare
865 857 982 952 Hujus
996 872 1037 928 tu
1051 882 1171 955 neque
1190 873 1307 929 aucto

242 975 386 1046 ritatem
410 969 601 1055 verebere,
627 994 747 1067 neque
768 969 970 1066 judicium⁹
993 993 1159 1066 sequere,
1185 991 1307 1065 neque

243 1087 318 1156 vim
345 1080 597 1181 pertimesces?
619 1083 708 1171 Quae
730 1093 871 1168 tecum,
899 1079 1067 1166 Catilina,
1089 1081 1139 1150 sic
1161 1079 1252 1175 agit,
1270 1091 1308 1148 et

244 1191 404 1292 quodam
434 1190 545 1262 modo
577 1191 683 1261 tacita
709 1188 872 1286 loquitur
886 1199 939 1258 ¹⁰:
966 1188 1145 1260 «Nullum
1169 1187 1309 1284 aliquot

241 1304 314 1400 jam
339 1303 441 1374 annis
464 1299 602 1372 lacinus
626 1300 779 1386 exstitit,
801 1299 870 1370 nisi
892 1324 958 1398 per
977 1313 1031 1386 te;
1050 1297 1190 1369 nullum
1209 1297 1307 1394 flagi·

245 1417 336 1485 tium
356 1417 434 1484 sine
452 1425 507 1497 te;
528 1408 593 1480 tibi
615 1411 681 1481 uni
698 1408 897 1480 multorum
918 1409 1049 1480 civium
1065 1401 1225 1490 neces'¹¹,
1243 1403 1309 1476 tibi

245 1527 387 1599 vexatio
415 1522 645 1619 direptioque
670 1520 890 1592 sociorum¹²
913 1519 1091 1617 impunita
1114 1515 1183 1588 luit
1207 1541 1249 1588 ac
1266 1516 1309 1585 li·

246 1631 355 1719 bera3
379 1645 420 1701 tu
441 1656 516 1701 non
537 1629 656 1700 solum
674 1628 720 1700 ad
741 1629 972 1726 negligendas
994 1625 1134 1724 leges¹³
1156 1651 1197 1698 ac
1213 1651 1308 1725 quae·

247 1742 399 1829 stiones,
419 1763 544 1818 verum
563 1737 728 1810 etiamad
742 1739 951 1810 evertendas
967 1735 1311 1836 perfringendasque

248 1849 401 1921 valuisti.
421 1853 614 1948 Superiora
633 1849 709 1934 illa,
731 1873 950 1947 quamquam
973 1847 1120 1922 ferenda
1139 1873 1214 1920 non
1233 1846 1309 1922 sue-

249 1973 356 2047 runt,
384 1974 527 2044 tamen,
549 1974 591 2030 ut
613 1961 737 2058 potui,
758 1960 851 2031 tuli:
881 1985 981 2032 nunc
1005 1985 1093 2031 vero
1120 1984 1177 2031 me
1200 1973 1311 2030 totam

251 2093 328 2142 esse
343 2069 381 2139 in
397 2084 496 2141 metu
513 2085 663 2169 propter
677 2085 714 2142 te
729 2095 863 2154 unum;
878 2069 1057 2168 quidquid
1076 2072 1314 2167 increpuerit,

250 2179 441 2254 Catilinam
462 2181 599 2264 timeri3
617 2180 759 2252 nullum
777 2178 890 2252 videri
909 2194 1034 2252 contra
1049 2203 1109 2251 me
1123 2177 1316 2250 consilium

289 2429 315 2478 8.
329 2425 512 2492 Nililjudicat.
524 2427 593 2476 Nihil
609 2427 676 2476 aliud
686 2439 711 2476 te
721 2445 763 2478 oo·
775 2491 777 2496 ,
805 2429 869 2488 nuit,
884 2441 913 2496 ut
929 2427 1095 2478 absolveretur
1107 2427 1236 2492 injudicio
1248 2441 1317 2493 repe·

255 2507 331 2573 gitare
343 2518 429 2570 putat,
440 2522 512 2570 quam
526 2517 553 2555 ut
563 2523 615 2555 eam
626 2509 703 2557 exitio
711 2523 766 2573 pes·
807 2507 947 2558 tnutlarum.

253 2586 358 2654 sumdeq.
846 2589 887 2636 rt.
902 2589 1067 2655 Negligsudua
1078 2587 1149 2653 leges.
1166 2586 1274 2652 Negligit
1283 2585 1318 2634 le·

291 2680 315 2728 9.
329 2662 460 2714 Iudicium.
476 2663 636 2727 Sententiam,
649 2676 728 2730 quate
738 2665 764 2714 in
808 2683 862 2732 ges,
875 2668 919 2732 qui
930 2685 1011 2716 earum
1025 2679 1090 2716 metu
1101 2684 1114 2715 a
1126 2666 1250 2730 peeoando
1267 2679 1319 2713 non

255 2743 365 2794 exsilium
379 2743 414 2790 ire
421 2743 492 2804 jubet
503 2744 590 2808 patria.
809 2747 968 2806 continetur-J
992 2746 1087 2795 easdem
1107 2745 1254 2810 perfringit,
1276 2740 1320 2807 qui

294 2838 332 2870 so.
346 2822 431 2869 Tacita
440 2822 555 2887 loquitur.
562 2822 766 2888 Longepulclser·
810 2841 885 2888 quum
893 2825 1043 2888 inludicium
1052 2825 1184 2884 adductus,
1192 2823 1320 2872 manifesto

257 2903 345 2958 mum
358 2900 495 2965 axemplum
508 2902 555 2950 lsoo
567 2905 765 2967 prosopopoeisa,
810 2915 936 2965 teneatur,
954 2903 1035 2969 aliqua
1054 2916 1135 2952 tamen
1154 2905 1193 2952 via
1206 2903 1318 2952 elabitur.

258 2998 306 3047 qua
316 2983 421 3030 variatur
430 2992 453 3029 et
463 2983 582 3030 excitatur
588 2983 678 3042 oratio,
685 2981 768 3030 laudat
811 2984 915 3033 Catilina
924 2995 1005 3032 autem
1018 2985 1124 3049 primum
1132 2995 1259 3033 accusatus
1272 2985 1322 3032 fue·

259 3061 439 3125 Quintilianus,
448 3063 499 3118 1x,
515 3076 538 3110 a.
812 3073 849 3112 rat
855 3063 1041 3128 repetundarum
1047 3064 1139 3129 lepido
1144 3075 1169 3111 et
1179 3062 1251 3112 Tullo
1257 3079 1321 3112 coss.

298 3156 338 3190 ιι.
360 3141 493 3188 Multorum
502 3140 589 3188 civium
605 3157 682 3191 arecas.
700 3143 770 3205 Quos
811 3153 884 3206 atque
903 3142 1028 3191 absolutus
1044 3157 1089 3207 per
1099 3143 1322 3206 prevaricationem

259 3220 360 3269 Sullano
369 3218 473 3267 tumultu
484 3219 646 3282 interfecerat,
658 3232 685 3270 ut
697 3231 770 3270 tasta-
812 3221 957 3270 accentoris
975 3223 1004 3269 P.
1023 3221 1121 3280 Clodiig
1144 3221 1233 3270 ‹leinsle
1249 3221 1321 3270 etiam

260 3311 300 3349 tna·
319 3300 440 3348 Asconius
453 3299 587 3348 orationem
600 3301 625 3347 in
643 3311 699 3366 toga
714 3317 770 3349 oan-
812 3300 898 3360 aedis,
912 3315 975 3349 coss.
990 3301 1082 3349 Caesare
1091 3311 1115 3348 et
1126 3300 1221 3364 Figulo.
1239 3299 1323 3364 Impli-

261 3377 318 3428 ditla
336 3391 468 3441 exponens.
486 3378 525 3426 Μ.
539 3379 610 3426 etiam
627 3379 699 3428 Marii
713 3379 770 3428 Gra-
812 3377 875 3426 citus
888 3381 960 3426 etiam
974 3379 1059 3426 incesti
1071 3379 1150 3426 luerat
1161 3377 1255 3438 judicio
1266 3393 1322 3426 curu

260 3457 358 3515 tidiani,
369 3473 461 3505 summe
473 3456 599 3522 popularia
611 3459 731 3520 hominis,
745 3471 770 3507 et
813 3455 885 3506 Fabia
903 3457 997 3520 virgine
1013 3457 1112 3516 vestali,
1124 3455 1243 3504 Terentiae
1255 3457 1324 3506 Cice·

260 3538 299 3587 laia
310 3536 432 3601 praetoria,
449 3548 522 3601 caput
531 3537 663 3587 abscissum
672 3555 716 3604 per
726 3541 771 3587 Ur·
813 3537 881 3584 ronia
892 3551 986 3584 sorore.
1007 3539 1068 3584 Eum
1084 3546 1166 3583 tamen
1179 3535 1217 3582 bis
1230 3545 1324 3584 tantuna

262 3619 318 3666 bena
330 3633 372 3665 aua
386 3631 459 3664 mauu
471 3617 567 3665 tulerat.
642 3615 646 3630 ¹
813 3615 951 3664 absolutum
963 3614 1024 3664 dicit
1038 3614 1124 3664 Cicero
1134 3615 1161 3661 in
1173 3613 1257 3662 Pisum
1273 3615 1323 3677 39,

300 3711 340 3746 aa.
354 3694 463 3758 Direpsio
480 3696 609 3745 sociorum.
618 3695 724 3745 Africam
738 3695 771 3743 tli-
814 3693 845 3742 ad
863 3695 915 3741 au.
925 3697 952 3750 1,
965 3695 1011 3753 ιδ,
1033 3696 1076 3758 qni
1093 3693 1156 3741 hanc
1169 3695 1324 3741 novissimam

262 3778 383 3839 cit,quam
390 3775 494 3824 Catilina
505 3792 537 3824 ex
548 3785 652 3840 praetura
662 3774 771 3833 sortitus,
814 3775 992 3824 absolutionem
1005 3791 1130 3824 numerare
1151 3775 1243 3834 noluit,
1256 3773 1324 3839 quod

262 3859 296 3904 ita
307 3864 418 3912 vexarat,
428 3865 456 3904 ut
467 3855 567 3904 domum
576 3869 696 3918 regressus
706 3869 773 3917 repe·
815 3854 885 3902 aliter
903 3855 981 3902 lacere
998 3855 1046 3919 ipsi
1061 3871 1112 3902 non
1128 3855 1247 3918 integr-ram
1259 3863 1325 3908 erat,

263 3933 391 3981 tundarum
404 3949 458 3982 reus
477 3933 553 3984 lieret.
572 3935 672 3982 Sallust.
688 3935 727 3980 aa.
737 3957 772 3970 -·-
815 3949 846 3981 ue
859 3932 1014 3980 domesticam
1022 3933 1100 3982 labens
1109 3933 1156 3982 sibi
1166 3934 1218 3997 ipsa
1231 3943 1256 3981 et
1266 3946 1328 3980 uso·

264 4011 387 4074 Impunita
399 4027 430 4059 ac
442 4013 526 4062 libera.
533 4014 596 4075 Quia
605 4011 697 4062 artibus
711 4010 772 4060 obti·
816 4013 836 4059 ri
848 4011 1009 4077 adspergant.
