2986 4670
438 413 507 480 os
531 412 667 482 Luce
691 413 943 501 tonnam,
970 417 1020 483 11.
1195 415 1265 512 275

190 533 350 622 sulibus,
365 548 429 606 aut
442 549 584 632 postea,
598 535 635 606 id
650 535 874 609 decemviros
885 535 991 634 jubet
1007 535 1175 610 vendere.
1189 543 1268 612 Hoc

164 716 170 725 ,
190 647 329 746 cupite,
347 647 526 738 Quirites,
546 671 673 719 omnes
688 664 834 748 gentes,
849 651 1033 736 nationes,
1046 651 1268 746 provincias,

189 782 322 855 regna,
336 756 580 828 decemvirum
596 757 745 846 ditioni,
759 758 916 853 judicio,
930 760 1173 856 potestatique
1188 784 1270 857 per-

191 873 302 941 missa
333 881 369 939 et
397 866 604 940 condonata
640 893 717 940 esse
749 869 842 939 dico.
876 869 1039 938 Primum
1070 872 1168 940 euim
1198 869 1270 942 hoc

193 1004 339 1078 quaero,
355 981 421 1077 qui
443 977 591 1050 tandem
605 979 707 1050 locus
720 1003 875 1077 usquam
890 981 953 1067 sit,
968 1004 1079 1077 quem
1096 1003 1171 1051 nou
1188 1006 1271 1079 pos-

193 1091 269 1161 sint
295 1089 491 1160 decemviri
512 1087 633 1161 dicere
654 1089 843 1188 publicum
869 1090 997 1188 populi
1026 1094 1167 1161 romani
1194 1115 1271 1162 esse

192 1195 343 1270 factum.
364 1197 472 1285 Nam,
495 1223 611 1295 quum
639 1199 736 1270 idem
759 1201 873 1297 possit
889 1199 1070 1294 judicare,
1092 1203 1156 1298 qui
1175 1201 1274 1272 dixe·

193 1311 245 1380 rit
258 1305 291 1399 ⁵;
319 1308 409 1407 quid
427 1323 499 1398 est,
526 1309 627 1406 quod
650 1335 725 1380 non
747 1310 851 1382 liceat
871 1313 904 1382 ei
924 1311 1061 1395 dicere,
1088 1315 1147 1383 cui
1168 1311 1275 1385 liceat

195 1417 317 1492 eidem
334 1419 522 1515 judicare?
546 1420 791 1492 Commodum
810 1423 880 1493 erit
897 1427 1128 1520 Pergamum,
1152 1428 1273 1521 Smyr·

196 1554 304 1617 nam,
321 1529 477 1617 Tralles,
496 1532 702 1629 Ephesum,
723 1531 911 1618 Miletum,
931 1537 1101 1630 Cyzicum
1112 1530 1141 1622 ⁶,
1160 1545 1275 1605 totam

195 1640 359 1738 denique
378 1643 513 1727 Asiam,
543 1667 624 1740 quae
646 1658 732 1740 post
751 1647 791 1714 L.
813 1641 969 1730 Sullam,
990 1645 1035 1732 Q.
1060 1645 1275 1742 Pompeium

197 1752 368 1824 consules
391 1743 603 1849 recuperata
621 1754 665 1824 sit
679 1765 706 1842 ⁷,
734 1753 862 1852 populi
882 1756 1024 1825 romani
1046 1753 1174 1826 iactam
1199 1779 1276 1827 esse

198 1862 332 1933 dicere.
352 1866 488 1935 Utrum
502 1865 617 1934 oratio
633 1863 678 1934 ad
698 1863 776 1959 ejus
790 1867 843 1935 rei
862 1859 1175 1963 disputationem⁸
1192 1863 1277 1937 dee·

199 1973 267 2058 rit,
286 1998 351 2060 an,
376 1997 491 2071 quum
512 1973 607 2046 idem
627 1989 665 2046 et
686 1974 852 2063 disseret,
871 1990 907 2047 et
927 1974 1121 2072 judicabit,
1140 1977 1277 2074 impelli

199 2107 277 2154 non
300 2085 453 2181 poterit,
473 2097 515 2154 ut
543 2081 674 2156 falsum
698 2085 859 2182 judicet?
886 2111 950 2173 an,
977 2089 1004 2158 si
1031 2086 1277 2160 condemnare

201 2195 325 2262 Asiam
345 2193 483 2279 solete,
506 2208 683 2266 terrorem
710 2195 953 2268 damnationis
977 2212 1013 2268 et
1045 2200 1160 2269 minas
1183 2223 1278 2286 non,

202 2305 334 2400 quanti
365 2286 482 2390 volet,
517 2304 737 2376 aestimabit?
770 2306 888 2397 Quid,
923 2306 1025 2404 quod
1043 2319 1074 2352 ¹⁰
1103 2307 1277 2406 disputari

202 2428 331 2485 contra
348 2413 451 2484 nullo
472 2429 578 2512 pacto
599 2429 741 2513 potest,
757 2417 931 2512 quoniam
947 2432 1123 2491 statutum
1137 2443 1158 2488 a
1176 2417 1280 2492 vobis

203 2539 260 2596 est
282 2538 319 2596 et
338 2522 560 2618 judicatum,
579 2549 691 2623 quam
715 2525 957 2597 hereditatem
981 2528 1056 2622 jam
1079 2528 1278 2615 crevimus,

204 2658 359 2734 regnum
376 2633 552 2732 Bithynice
567 2643 615 2725 ¹¹,
633 2635 734 2734 quod
752 2651 848 2708 certe
863 2635 1052 2734 publicum
1073 2649 1127 2707 est
1150 2639 1278 2735 populi

242 2823 265 2872 5.
280 2821 331 2886 Qui
338 2819 437 2870 dteerh.
447 2821 530 2883 Quum
541 2821 614 2872 iidem
625 2821 717 2870 decem·
761 2822 844 2870 suimo
858 2833 905 2884 est,
922 2832 950 2870 ut
961 2822 1044 2870 Asiam
1056 2821 1180 2886 publicam
1190 2825 1278 2890 populi

204 2903 251 2952 viri
261 2901 357 2968 possint
364 2899 458 2965 aliquid
466 2899 592 2965 publicum
598 2899 718 2962 iudicare,
762 2919 824 2950 rom.
834 2903 923 2950 sacram
932 2901 1102 2964 esssjudicars
1115 2903 1173 2950 velit
1183 2904 1277 2953 decem·

204 2983 274 3049 quod
287 2984 319 3031 ita
329 2997 380 3030 esse
391 2980 512 3040 dixeriut3
530 2981 612 3030 nullus
621 2984 667 3030 erit
680 2981 718 3030 lo·
762 2983 814 3041 vir,
826 2997 909 3030 noune
921 2979 964 3028 fies
973 3015 981 3040 ,
991 2991 1019 3030 ut
1030 2979 1196 3030 damnationis
1209 2995 1277 3034 metu

204 3075 249 3113 cus
262 3077 334 3128 quem
347 3063 503 3126 nonpossint
514 3061 641 3126 publicum
652 3061 718 3108 dice·
762 3078 792 3110 ac
806 3061 885 3118 minis,
893 3061 989 3119 Asiani,
1003 3071 1224 3126 quantamcumque
1234 3078 1277 3126 pe-

205 3157 244 3202 re,
257 3159 333 3209 quum
344 3135 419 3190 iidem
429 3142 462 3190 itu
474 3141 553 3206 reipsa
563 3157 613 3188 esse
623 3141 719 3204 possint
763 3135 860 3199 cuniam
866 3139 993 3204 flagitabit,
1000 3141 1021 3187 ei
1028 3142 1274 3192 numerantilallem.

202 3223 321 3286 judicare.
342 3221 391 3269 Seu
403 3219 457 3268 aliis
470 3221 565 3269 verbis:
576 3220 658 3282 Quum
671 3217 719 3266 soli
763 3229 788 3267 st
801 3235 856 3266 eum
868 3219 966 3284 sequuti
977 3235 1030 3267 uon
1038 3219 1207 3284 praehendat.

205 3301 243 3351 illi
252 3301 383 3351 decemviri
394 3301 424 3348 de
435 3301 596 3365 possessionis
611 3299 666 3359 jure
678 3297 718 3346 de·
802 3312 841 3346 so.
862 3297 927 3362 Quid
939 3299 1014 3362 quod.
1034 3297 1121 3348 Paullo
1136 3299 1281 3365 impeditior

204 3381 295 3431 eretum
304 3381 366 3440 siut,
373 3396 456 3428 uonue
465 3380 566 3445 impune
575 3380 654 3427 omnis
665 3393 720 3442 pos·
762 3377 881 3443 periodus
889 3377 995 3438 videtur,
1003 3378 1071 3443 quod
1078 3379 1152 3428 rerba
1160 3382 1280 3432 uouuulla

14 3489 17 3496 ι
116 3475 119 3480 “
205 3472 279 3520 suut,
300 3467 422 3525 tamquam
440 3459 602 3523 populirom.
620 3455 718 3522 publica
764 3457 902 3522 parenthesi
915 3457 1061 3508 includenda
1080 3471 1154 3521 sunt;
1171 3474 1279 3510 ceterum

206 3551 327 3604 repetere,
338 3555 415 3603 quum
434 3537 466 3586 ad
481 3539 603 3587 neminem
620 3536 719 3603 spoliati
763 3553 848 3586 seusus
865 3541 966 3588 omniuo
977 3550 1060 3604 patet,
1078 3540 1099 3588 si
1116 3540 1183 3590 hunc
1196 3541 1280 3590 locum

207 3620 303 3684 possint
315 3635 458 3683 provocare.
764 3618 797 3666 ita
817 3630 961 3668 construas:
977 3618 1045 3681 Quid
1061 3619 1140 3666 dicam
1157 3620 1188 3669 ds
1204 3635 1281 3684 reguo

244 3697 270 3747 5.
283 3699 405 3753 Miletum,
427 3697 551 3761 Cisyeum.
564 3699 631 3761 Ques
646 3695 721 3744 urbes
764 3699 900 3764 Bithynia,
910 3699 980 3759 cujus
989 3697 1089 3746 heredes
1098 3714 1182 3746 sumus
1191 3700 1283 3748 consti·

206 3793 222 3825 a
235 3777 378 3828 Mithridate
400 3790 546 3844 occupatas,
563 3777 629 3826 Sulla
648 3778 721 3826 armis
766 3778 826 3839 tuti,
850 3777 919 3841 quod
939 3787 1004 3824 certe
1024 3776 1055 3824 ad
1077 3777 1197 3841 pupulum
1218 3793 1281 3828 rom.

206 3860 367 3922 recuperavit.
565 3917 568 3922 ,
766 3858 871 3921 pertinet
884 3854 959 3920 (quse
969 3855 1020 3916 jam
1032 3853 1164 3918 disputatio
1177 3857 1208 3906 tle
1218 3857 1284 3908 ints-

244 3953 268 3999 7.
278 3935 431 4004 Recuperat'a
439 3935 581 4002 sa't.Nemps
592 3937 660 3985 victo
669 3935 723 3986 Art-
767 3951 811 4000 [το
822 3934 876 3982 fieri
883 3950 935 3982 uou
947 3945 1042 3999 potest,
1054 3935 1170 3998 quoniam
1181 3953 1224 3986 vos
1230 3939 1283 4000 jam

205 4016 314 4066 stouieo.
323 4017 387 4066 Vide
398 4017 460 4064 infra
470 4015 502 4064 33
512 4027 552 4076 ,et
563 4015 624 4064 Phil.
635 4017 687 4075 11,
698 4017 723 4064 Β.
764 4013 917 4075 judicavistis
926 4013 953 4078 );
967 4029 1026 4062 uum
1044 4012 1140 4062 obstare
1148 4017 1284 4078 poterium

244 4095 269 4143 8.
278 4095 320 4144 At.
337 4094 548 4162 disceptationem.
560 4097 577 4146 J
579 4131 584 4142 .
594 4097 626 4144 V.
636 4095 663 4142 L.
769 4095 830 4160 quin
841 4091 909 4142 illam
918 4102 995 4140 totam
1003 4091 1127 4142 vendituri
1137 4094 1203 4144 aiut?

245 4190 272 4239 9.
292 4173 465 4225 Caesenam
478 4173 566 4225 Aetam
574 4173 725 4224 votensteo
811 4190 852 4224 rr.
876 4174 985 4238 Regnum
1002 4171 1127 4235 Bithynia.
1143 4175 1288 4225 Nicomedes

1095 4263 1146 4329 18.
