2912 4654
390 384 583 453 ORATIO
609 384 712 452 PRO
737 385 779 451 l.
805 383 1084 454 CLUENTIO.
1199 381 1267 478 139

192 501 549 603 subscriptionibus⁵
568 529 695 577 eorum
715 505 805 576 mihi
827 503 1022 577 dicendum
1045 509 1130 594 erit,
1149 529 1192 578 eo
1211 504 1266 575 di·

192 639 272 689 cam
289 621 430 703 animo,
450 631 490 686 ut
508 641 653 688 omnem
670 619 868 688 orationem
892 639 1007 686 meam
1032 639 1108 687 non
1127 615 1172 686 de
1189 614 1268 686 illo·

191 751 276 798 rum
307 724 423 813 lacto,
440 724 505 797 sed
528 724 572 798 de
594 729 735 798 ratione
756 721 944 799 censoria⁶
965 725 1124 796 habitam
1145 726 1267 796 existi-

194 839 286 908 mari
299 837 408 908 velim
433 864 440 907 :
462 837 658 909 aLentulo
684 853 826 926 autern,
849 835 1014 908 familiari
1036 862 1135 926 meo,
1162 838 1266 934 quia
1289 909 1290 912 ,

192 971 252 1020 me
261 971 330 1047 pro
343 949 473 1019 eximia
487 973 551 1021 sua
560 953 694 1020 virtute
705 953 927 1047 summisque
939 948 1161 1036 honoribus,
1173 972 1268 1045 quos

192 1081 215 1129 a
234 1057 373 1156 populo
390 1082 542 1130 romano
561 1059 713 1157 adeptus
731 1075 802 1147 est,
816 1060 968 1132 honoris
982 1082 1088 1130 causa
1103 1059 1267 1130 nomina·

192 1181 272 1254 tur,
296 1166 399 1238 facile
424 1167 518 1256 hoc,
544 1168 701 1262 judices,
724 1168 949 1268 impetrabo,
970 1183 1032 1256 ut,
1055 1191 1165 1264 quam
1191 1169 1269 1265 ipsc

192 1275 369 1348 adbibere
392 1281 580 1349 consuevit
600 1282 637 1350 in
661 1283 860 1351 amicornm
882 1279 1077 1379 periculis⁷
1105 1277 1214 1350 fidem
1235 1293 1271 1349 et

192 1387 431 1484 diligentiam,
445 1403 524 1458 tn'm
540 1391 613 1460 vim
631 1392 741 1460 animi
756 1389 1034 1488 libertatemque
1049 1388 1214 1474 dicendi3
1231 1390 1269 1458 in

192 1493 281 1569 bac⁸
305 1497 393 1568 mihi
418 1499 608 1584 concedat,
630 1515 671 1570 ut
690 1516 831 1572 tantum
855 1501 945 1572 mibi
974 1524 1135 1587 sumam,
1153 1523 1269 1596 quan·

192 1625 271 1681 tum
293 1611 371 1680 sine
387 1607 497 1704 hujus
514 1610 677 1708 periculo
696 1613 876 1708 praeterire
895 1637 968 1681 non
993 1633 1149 1709 possum.
1165 1613 1191 1677 A
1211 1633 1268 1679 me

191 1733 337 1806 tamen,
367 1733 409 1790 ut
432 1745 578 1818 aequum
605 1735 679 1805 est,
700 1725 823 1794 omnia
845 1736 949 1792 caute
972 1718 1270 1818 pedetentimque

192 1829 381 1912 dicentur,
412 1845 455 1900 ut
475 1855 596 1929 neque
623 1830 713 1904 fides
736 1832 847 1928 hujus
876 1828 1093 1902 defensionis
1120 1827 1271 1924 relicta,
1350 1867 1354 1878 ι

191 1965 314 2038 neque
330 1941 546 2037 cujusquam
564 1957 627 2013 aut
647 1941 802 2041 dignitas
821 1943 919 2029 larsa,
938 1955 1001 2012 aut
1021 1941 1177 2012 amicitia
1190 1943 1267 2010 vio·

191 2051 263 2122 lata
283 2075 361 2122 esse
381 2050 556 2123 videatur.

238 2156 357 2229 Video
378 2160 506 2256 igitur,
530 2161 691 2256 judices,
719 2161 1010 2234 animadvertisse
1039 2151 1207 2231 censores
1227 2161 1265 2229 in

189 2268 332 2362 judices
348 2269 524 2365 quosdam
546 2272 641 2342 illius
661 2274 800 2344 consilii
816 2271 1005 2357 Juniani9,
1032 2293 1144 2366 quum
1161 2269 1266 2338 istam

191 2380 306 2476 ipsam
325 2403 469 2450 causam
487 2380 768 2455 subscriberent.
789 2383 854 2453 Hic
876 2385 1035 2480 primum
1054 2376 1144 2449 illud
1163 2402 1265 2448 com-

193 2513 304 2559 mune
321 2513 525 2588 proponam
535 2504 577 2577 ¹⁰,
590 2519 790 2592 numquam
805 2488 1174 2565 animadversionibus
1184 2513 1267 2559 cen-

192 2599 296 2668 soriis
311 2597 405 2669 hanc
418 2599 596 2671 civitatem
612 2606 660 2675 ita
673 2619 897 2689 contentam,
913 2618 954 2673 ut
965 2600 1075 2672 rebus
1082 2597 1267 2695 judicatis,

191 2703 313 2776 fuisse.
333 2709 462 2804 Neque
474 2709 511 2780 in
529 2735 568 2782 rc
587 2727 673 2784 nota
692 2737 901 2785 consumam
920 2727 1064 2808 tempus
1079 2709 1264 2806 exemplis.

191 2819 329 2887 Ponam
347 2815 435 2889 illud
450 2843 568 2892 unum
589 2825 652 2894 :C.
670 2828 859 2907 Getam¹¹‚
880 2845 994 2920 quum
1013 2845 1033 2890 a
1052 2823 1093 2890 L.
1115 2818 1265 2890 Metello

190 2941 226 2997 et
242 2931 312 2998 Cn.
335 2929 514 3016 Domitio,
534 2931 764 3018 censoribuS‚
787 2957 829 3004 ex
853 2945 979 3002 senatu
1000 2931 1137 3024 ejectus
1156 2942 1266 3012 esset,

190 3061 379 3108 censorem
402 3040 521 3138 ipsum
543 3056 669 3140 postea
683 3067 760 3113 esse
776 3040 934 3129 sacuam,
953 3055 1003 3125 et,
1024 3038 1128 3133 cujus
1145 3061 1265 3110 mores

227 3181 251 3232 5.
273 3184 311 3230 De
328 3183 550 3248 subscriptionibus.
572 3190 610 3236 De
630 3187 705 3234 anim·
784 3200 810 3246 9.
823 3182 1041 3234 consumunmt.
1050 3181 1142 3230 Judtett
1152 3181 1192 3229 cul
1202 3195 1265 3244 ΡΨ·
1303 3194 1308 3206 “

188 3259 376 3310 adsensionibus
397 3280 426 3311 ec
449 3279 535 3312 corum
556 3266 583 3313 in
604 3281 705 3314 censura
748 3275 801 3312 erat
814 3264 914 3313 Juniue.
1208 3265 1210 3276 '

188 3339 258 3386 ectie.
277 3341 411 3394 Centum.
424 3359 500 3406 quum
516 3343 621 3406 aliquem
632 3354 704 3392 ncte-
786 3357 827 3392 ro.
862 3343 993 3391 Commune
1018 3356 1168 3406 proponam.
1197 3339 1263 3388 Illud

187 3415 262 3476 bem,
283 3435 367 3468 cauam
385 3437 429 3468 cm·
441 3420 582 3470 damnarent
595 3421 701 3470 subecn'·
748 3421 854 3487 primum
870 3421 1028 3470 constituam.

188 3496 294 3558 belnum
306 3513 361 3562 quae
371 3499 460 3548 tabnloe
471 3502 498 3548 in
510 3501 562 3549 aede
570 3501 704 3566 Nympho·
786 3517 827 3550 11.
837 3502 862 3550 6.
873 3503 971 3550 Getam.
981 3500 1115 3555 Licinium,
1126 3499 1169 3561 qui
1176 3512 1264 3545 censor

190 3589 245 3624 mm
253 3577 449 3629 macerabantur.
747 3580 794 3628 fuit
803 3595 857 3628 cum
870 3581 902 3643 Q.
912 3579 988 3628 Fabio
1001 3577 1159 3639 Allobrogico
1169 3585 1261 3639 septem

225 3653 250 3704 6.
267 3657 306 3704 De
317 3657 413 3706 ratione
426 3659 545 3709 censoria.
562 3661 703 3710 Generatim
746 3659 879 3724 enniepost
887 3675 930 3708 coe
939 3673 1051 3707 mmor-ee
1061 3673 1074 3704 ι
1085 3655 1174 3719 quibus
1182 3653 1262 3706 fuerat

189 3731 222 3781 de
232 3749 361 3784 censorum
373 3739 525 3787 auctoritate.
746 3751 830 3788 senem
843 3751 933 3789 motus.
948 3741 1057 3802 Apparet
1070 3735 1144 3782 etiam
1158 3749 1188 3780 ex
1202 3733 1261 3797 plu·

226 3827 251 3872 7.
274 3815 305 3860 ln
324 3815 458 3863 amicorum
471 3816 597 3881 periculis.
619 3820 700 3881 Quum
749 3817 816 3866 ribus
823 3818 932 3867 historiae
945 3813 1092 3866 Romlocie
1102 3813 1190 3876 saepius
1201 3814 1262 3860 ecci·

189 3905 273 3939 eomm
287 3909 371 3942 caueae
380 3896 439 3959 egit.
749 3897 811 3946 dirae
824 3909 852 3945 ut
865 3897 910 3954 illi,
922 3897 967 3961 qui
979 3893 1100 3943 senatorio
1110 3892 1186 3956 mado
1199 3909 1263 3957 pro·

227 3969 298 4018 &121
320 3972 375 4020 liae.
394 3973 494 4024 Scilicet
511 3990 591 4024 canem
609 3977 702 4024 Verum
747 3987 802 4040 pter
814 3990 908 4022 morum
930 3973 1054 4021 infamiam
1069 3982 1138 4019 erent
1156 3969 1261 4034 deiecti,

190 4045 276 4096 tntae
290 4049 380 4115 legitur
399 4053 465 4116 epod
481 4053 614 4103 nonnullos
628 4053 700 4109 codd.
745 4071 790 4119 per
810 4052 941 4100 censoriam
966 4051 1107 4114 dignitatem
1126 4067 1156 4099 en
1181 4053 1259 4100 redire

192 4135 215 4172 et
228 4129 333 4191 probant
344 4131 391 4179 vici
402 4131 544 4180 doetieelmi.
557 4135 580 4181 J.
591 4135 623 4180 V.
634 4135 661 4182 t.
747 4133 861 4181 solerent.
