2958 4670
386 365 576 434 ORATIO
600 365 698 433 PRO
724 368 762 434 L.
791 367 1016 438 MURENA.
1161 369 1232 459 543

166 485 460 588 prorogationem
474 484 561 582 legis
572 485 726 558 Manilius
739 482 792 572 ¹³,
808 491 1047 586 aequstionem
1058 499 1087 535 ¹²
1097 497 1234 590 gratiae,

80 669 85 676 ,
166 595 367 693 dignitatis,
392 592 661 690 suffragiorum.
688 598 853 670 Graviter
880 597 1047 672 homines
1073 601 1235 696 honesti,

167 719 278 802 atque
298 709 334 774 in
356 705 429 774 suis
455 704 658 775 civitatibus
686 719 723 776 et
747 709 952 807 municipiis
974 714 1120 806 gratiosi
1142 717 1235 790 tule-

167 829 273 902 runt,
297 838 317 884 a
340 814 401 886 tali
417 816 496 888 viro
514 838 590 887 esse
608 831 828 912 pugnatum,
856 832 897 888 ut
916 843 1043 893 omues
1062 837 1098 894 et
1116 823 1236 923 digni-

169 927 270 1013 tatis,
284 939 320 997 et
332 926 453 1022 gratim
467 924 599 1022 gradus
612 923 836 998 tollerentur.
851 927 952 1000 Idem
971 931 1128 1005 edititios
1139 935 1234 1030 judi·
1299 1007 1302 1014 .

169 1061 228 1110 ecs
249 1061 325 1110 esse
343 1035 504 1118 voluisti,
524 1049 564 1106 ut
581 1034 664 1108 odia
681 1037 823 1109 occulta
839 1040 992 1124 civium,
1011 1067 1092 1139 quae
1120 1049 1237 1120 tacitis

170 1171 269 1220 nunc
280 1145 467 1218 discordiis
481 1147 728 1234 continentur,
743 1149 782 1218 in
795 1145 960 1222 fortunas
975 1156 1102 1249 optimi
1118 1159 1237 1254 cujus-

169 1282 243 1355 que
260 1271 504 1355 erumperent.
521 1261 603 1330 flac
617 1259 740 1328 omnia
759 1257 824 1329 tibi
842 1261 1032 1333 accusandi
1047 1266 1139 1336 viam
1159 1289 1237 1340 mu-

170 1367 338 1456 niebant,
358 1365 582 1465 adipiscendi
593 1365 844 1465 obsepiebant.

218 1468 337 1574 Atque
354 1503 399 1550 ex
416 1477 586 1550 omnibus
604 1479 664 1550 illa
681 1477 785 1577 plaga
803 1496 857 1553 est
879 1482 1010 1578 injecta
1022 1481 1054 1530 ¹⁶
1072 1489 1238 1583 petitioni

170 1604 260 1675 tuac,
288 1611 363 1660 non
397 1603 538 1660 tacente
555 1591 815 1676 me‚-maaima
835 1619 843 1661 ι
865 1591 910 1664 de
931 1617 1005 1690 qua
1025 1592 1071 1667 ab
1090 1596 1237 1669 homine

170 1699 459 1797 ingeniosissimo
472 1714 509 1770 et
522 1701 789 1796 copiosissimo,
801 1705 1015 1788 Hortensio,
1033 1705 1145 1776 multu
1159 1731 1244 1804 gra·¹

170 1809 313 1880 tissime
328 1805 421 1878 dicta
438 1822 533 1881 sunt.
555 1811 639 1898 Quo
657 1809 765 1880 etiam
781 1809 870 1882 mihi
886 1809 1015 1885 durior
1030 1814 1172 1887 locus¹t
1184 1833 1239 1890 est
1321 1856 1325 1862 ·

170 1917 315 1990 dicendi
337 1916 441 1990 datus
461 1943 470 1988 ε
490 1933 547 2004 nt,
571 1934 789 2015 quumanta
813 1915 915 1992 ιιιιι18
938 1935 976 1993 et
996 1923 1055 1994 illa
1073 1923 1238 2014 dixisset,

163 2044 208 2100 et
222 2028 277 2100 vir
294 2051 434 2100 summa
453 2027 644 2125 dignitate,
665 2043 703 2100 et
719 2027 921 2126 diligentia,
941 2048 978 2104 et
995 2031 1163 2107 facultate
1183 2036 1238 2108 di·

169 2136 295 2224 cendi,
318 2141 368 2208 M.
389 2143 558 2224 Crassus,
576 2163 644 2236 ego
665 2139 704 2209 in
727 2153 889 2212 extremo
913 2167 988 2213 uon
1010 2158 1148 2239 partem
1174 2147 1239 2217 ali-

171 2273 281 2347 quam
311 2272 454 2346 agerem
479 2273 611 2334 causae,
631 2247 692 2319 sed
712 2248 757 2319 de
780 2265 855 2323 tota
881 2278 920 2324 re
943 2254 1119 2343 dicerem,
1138 2257 1239 2353 quod

120 2349 126 2360 ’
171 2357 261 2428 mihi
280 2356 472 2428 videretur.
503 2363 629 2456 ltaque
655 2360 693 2429 in
716 2357 841 2431 iisdem
864 2362 973 2436 rebus
997 2359 1073 2435 fere
1098 2391 1240 2453 versor,

172 2485 224 2551 et,
237 2465 335 2564 quod
349 2491 495 2563 possum
505 2477 552 2556 ¹9,
563 2469 704 2566 judices
715 2515 726 2556 ,
737 2477 891 2544 occ‘urro
907 2488 1033 2546 vestrae
1044 2476 1236 2573 sapientias.

209 2672 249 2721 ai.
263 2671 461 2736 Prorogatiamt
482 2671 540 2736 legis
562 2673 681 2720 Manilia.
767 2672 808 2718 16.
821 2669 898 2733 Plaga
911 2679 947 2716 est
958 2669 1130 2733 injectu.1llud
1142 2667 1242 2722 tlhima-

170 2752 215 2800 Μ
225 2751 266 2800 let
276 2751 378 2798 simtu·
396 2747 428 2798 da
441 2750 610 2814 nurngtomm
622 2767 683 2799 cou-
727 2753 791 2798 xime
803 2749 896 2797 nocuit.

172 2832 282 2894 lusione,
292 2845 347 2895 qun
358 2833 408 2893 jam
418 2831 532 2894 abrogata
548 2832 637 2889 fuerat,
655 2833 683 2878 iu
767 2843 805 2889 ¹7·
820 2824 913 2874 Durior
920 2825 986 2873 loeus
998 2837 1033 2874 est
1049 2826 1154 2877 dicendi.
1169 2829 1241 2878 Diffi·

170 2921 296 2976 ponerum
310 2910 411 2968 valeret,
422 2919 449 2956 ut
461 2912 574 2958 Manutio
590 2911 683 2973 plteat5
727 2905 799 2974 qilior
812 2904 890 2954 labor.
1023 2955 1027 2962 ,

170 2991 249 3037 autin
262 2999 357 3050 tcmpua
368 2987 465 3051 longius
483 2987 682 3047 continuaretur,
731 3011 736 3017 ·
765 2987 803 3033 ιθ.
831 2987 895 3031 Ante
914 2999 959 3030 mc.
977 2985 1060 3047 Quum
1081 2985 1113 3032 ita
1127 3001 1239 3036 accusans

170 3065 241 3130 quod
254 3065 361 3129 explicat
376 3067 471 3114 Ernest.
725 3063 808 3129 plures
822 3071 948 3127 poteraut,
959 3071 1014 3110 tum
1026 3063 1134 3111 eamdam
1144 3079 1240 3116 causam

209 3153 250 3200 tt.
265 3145 439 3208 AEqnationm
451 3144 550 3210 gratia.
570 3145 684 3194 Confusis
727 3142 828 3191 orabam
840 3142 939 3206 patroni
948 3141 1022 3206 aliqui
1036 3153 1077 3190 sut
1091 3141 1162 3190 etiam
1175 3144 1240 3195 luter

170 3225 351 3288 auffugiialaoc
363 3224 523 3288 sequemini,
540 3235 568 3274 ut
581 3241 682 3283 eorum,
726 3237 752 3269 se
772 3221 805 3270 ita
827 3219 982 3279 dividebant,
1005 3231 1033 3268 ut
1052 3237 1119 3270 aaam
1137 3223 1240 3288 quicqua

170 3303 682 3370 quisull‘ragiaferebant,nougntia,nou
727 3311 820 3366 partem
840 3311 930 3364 ageret.
954 3299 993 3348 stc
1014 3302 1101 3366 sepius
1125 3303 1239 3352 Ciceroni

170 3383 276 3448 ὣμὶιιιι
288 3393 400 3432 amnt,
727 3381 849 3445 peroratio
861 3390 912 3427 arat
925 3379 1052 3428 attributa.
1062 3381 1100 3428 Da
1111 3397 1179 3430 more
1190 3383 1240 3433 hoo

208 3459 247 3512 ³5.
266 3462 382 3512 Edititios
389 3463 493 3530 judiees.
505 3466 541 3512 Ut
558 3474 684 3512 accusator
727 3469 752 3510 et
761 3460 856 3525 legibus
867 3475 969 3524 quarum
980 3475 1052 3524 supra
1063 3461 1155 3510 mentio
1167 3465 1241 3512 nsti-

169 3543 222 3607 ipac
239 3541 334 3601 ederet,
344 3559 408 3608 quoa
423 3543 455 3591 de
466 3543 560 3592 ambitu
572 3541 682 3604 judicare
726 3542 769 3599 tit,
785 3539 841 3588 vide
854 3539 925 3603 plura
941 3540 967 3586 in
979 3541 1080 3588 Excurs
1097 3541 1128 3588 ad
1149 3543 1241 3592 calcem

170 3621 255 3679 vallat,
269 3622 336 3686 quod
349 3633 446 3671 senatus
459 3623 603 3687 repudiavit.
612 3621 683 3671 Vidit
726 3623 795 3668 Vera.
811 3619 877 3674 1,de
889 3619 971 3667 ludio.
985 3618 1079 3684 public.

169 3701 235 3750 mira
250 3701 302 3750 fors
315 3713 344 3749 ut
353 3702 482 3750 ederentur
489 3702 584 3763 judices
597 3701 614 3749 ii
626 3713 681 3750 tau-
765 3715 805 3762 19.
818 3697 891 3759 Quod
896 3713 1004 3761 possum.
1019 3701 1084 3746 Intra
1093 3713 1131 3747 res
1143 3699 1241 3749 easdem

170 3793 236 3838 tum,
250 3781 294 3843 qui
307 3795 349 3829 reo
358 3797 509 3846 quacumque
519 3799 589 3830 causa
596 3781 684 3830 infensi
727 3779 868 3835 conclusus,
880 3793 926 3839 ego
939 3777 966 3823 iu
975 3791 1002 3824 ea
1014 3778 1141 3838 resarcio,
1158 3781 1240 3842 quoad

170 3868 264 3912 monta
279 3857 327 3906 hoc
339 3871 424 3923 postca
435 3869 515 3908 taurus
526 3861 601 3910 latum
618 3861 683 3910 utin
726 3873 839 3922 possum,
850 3854 919 3903 vobis
927 3892 934 3916 ‚
942 3853 1051 3916 judices,
1064 3865 1092 3903 nt
1101 3857 1242 3906 rabreritar

171 3937 272 3986 erimine
295 3937 417 4000 sodalltii,
431 3937 499 4004 quod
519 3941 552 3988 ad
566 3941 683 3989 ambitum
727 3937 823 4000 cognita
836 3945 862 3982 et
873 3936 974 3998 repetitu
988 3937 1089 3998 possitis
1098 3946 1163 3983 recte
1173 3937 1240 3997 judi·

170 4016 297 4082 pertinuit.
310 4015 339 4064 ld
350 4031 382 4066 ex
395 4020 505 4068 mationa
518 4033 565 4084 pro
583 4021 683 4069 Plancio
727 4029 790 4065 care.
814 4012 911 4063 Scitiita.
927 4017 1007 4061 'mutat
1027 4015 1053 4060 in
1070 4013 1240 4078 potissimum,¹

171 4095 327 4160 perspicuum
336 4093 386 4144 fit:
727 4093 782 4152 alli,
796 4094 863 4158 quod
876 4107 944 4156 tque
964 4090 1153 4156 improbandam
1173 4095 1240 4144 vide·
1325 4135 1331 4148 .
