2912 4654
340 347 532 418 ORATIO
556 347 659 416 PRO
683 351 722 418 A.
750 350 1025 420 CLUENTIO.
1144 367 1209 446 177

148 470 363 558 benivolum
379 495 475 558 esse,
493 485 529 542 et
546 475 639 568 patri
653 470 761 544 fuisse
776 471 1033 560 arbitrabatur3
1053 471 1142 544 nihil
1158 488 1212 545 ta-

148 607 238 654 men
260 597 316 652 est
338 605 445 652 ausus
465 605 637 652 recusare.
662 579 891 652 Advocantnr
912 582 1015 674 amici
1036 596 1072 656 et
1093 581 1213 679 hospi-

151 706 209 762 tes
240 691 432 788 Oppianici
445 687 472 778 ³,
504 705 541 761 et
569 691 680 786 ipsius
706 689 865 760 mulieris
891 689 1017 778 multi,
1049 691 1214 764 homines

150 799 319 888 honesti,
336 814 444 897 atque
464 797 633 870 omnibus
645 797 754 870 rebus
770 800 898 870 ornati.
916 801 1120 870 Tormentis
1136 825 1214 872 om-

151 911 266 984 nibus
283 909 602 981 vehementissimis
621 910 805 1006 quaeritur.
826 910 950 999 Quum
969 923 1087 980 essent
1106 912 1216 982 animi

153 1043 345 1092 servorum
360 1033 397 1090 et
412 1044 476 1118 spe
494 1033 531 1090 et
551 1033 651 1089 metu
665 1017 680 1073 ⁴
703 1019 847 1110 tentati,
866 1031 907 1088 ut
921 1016 1055 1114 aliquid
1072 1019 1110 1090 in
1124 1045 1218 1116 quae·

153 1135 275 1202 stione
290 1130 469 1216 dicerent;
484 1144 622 1217 tamen,
639 1142 680 1200 ut
693 1128 868 1216 arbitror,
883 1129 1094 1200 auctoritate
1108 1128 1217 1216 advo·

154 1253 321 1310 catorum
349 1253 385 1310 et
417 1240 452 1308 vi
482 1252 745 1309 tormentorum
779 1236 925 1310 adducti
940 1235 965 1324 ⁵,
1000 1238 1217 1315 inveritate

154 1360 387 1434 manserunt,
408 1369 526 1443 neque
540 1371 578 1416 se
593 1345 792 1444 quidquam
810 1347 899 1418 scire
912 1346 1090 1420 dixerunt.
1116 1353 1220 1442 Quae-

155 1458 228 1526 stio
250 1455 312 1526 illo
333 1455 391 1526 die
412 1455 457 1526 de
474 1457 672 1527 amicorum
690 1458 867 1527 sententia
887 1455 1030 1528 dimissa
1049 1472 1113 1530 est.
1131 1459 1222 1530 Satis

155 1568 271 1663 longo
292 1565 481 1636 intervallo
500 1579 582 1662 post
597 1567 727 1636 iterum
746 1565 976 1636 advocantur.
1000 1564 1160 1638 Habetur
1176 1565 1222 1638 de

116 1669 124 1684 ’
156 1681 300 1773 integro
315 1677 486 1772 quaesti03
505 1674 605 1745 nulla
618 1676 671 1745 vis
686 1688 951 1746 tormentorum
965 1678 1222 1746 acerrimorum

156 1785 460 1884 praetermittitur;
485 1783 667 1866 adversari,
686 1782 866 1872 advocati,
893 1798 930 1856 et
957 1785 1029 1879 jam
1048 1782 1223 1860 vinserre

157 1918 289 1992 posse3
315 1890 433 1964 furere
455 1892 607 1964 crudelis
629 1908 738 1990 atque
758 1895 964 1991 importuna
986 1895 1132 1982 mulier,
1154 1894 1224 1966 sibi

157 2027 409 2100 nequaquam,
428 2019 468 2074 ut
488 2017 682 2100 sperasset,
699 2027 758 2091 ea,
778 2027 858 2100 quae
873 2006 1081 2100 cogitasset,
1101 2029 1226 2100 proce·

159 2115 260 2185 dere.
281 2115 404 2204 Quum
423 2113 498 2208 jam
513 2128 647 2201 tortor,
665 2127 773 2210 atque
789 2126 908 2184 essent
926 2109 1132 2184 tormenta⁶
1148 2115 1226 2212 ipsa

159 2221 321 2306 defessa,
336 2247 457 2320 neque
475 2239 595 2294 tamen
612 2223 670 2294 illa
683 2221 794 2293 finem
809 2220 925 2293 faeere
938 2221 1060 2307 vollet;
1077 2222 1226 2320 qnidam

161 2359 208 2405 ex
230 2331 429 2420 advocatis,
450 2333 564 2404 honio
583 2347 619 2404 et
639 2331 840 2404 honoribus
857 2332 982 2430 populi
1006 2347 1171 2420 ornatus,
1189 2347 1226 2405 et

160 2466 304 2514 summa
325 2443 455 2513 virtute
476 2441 665 2540 praeditus,
683 2442 882 2539 intelligere
904 2466 943 2513 so
963 2441 1071 2531 dixit,
1092 2469 1167 2516 non
1189 2443 1226 2514 id

160 2553 237 2650 agi,
254 2565 293 2622 ut
309 2575 436 2622 verum
458 2551 696 2637 inveniretur,
718 2550 782 2622 sed
804 2566 844 2621 ut
864 2549 998 2647 aliquid
1013 2548 1092 2622 falsi
1106 2551 1224 2626 dicere

162 2674 392 2759 cogerentur.
414 2667 490 2731 Hoc
516 2673 706 2758 postquam
727 2664 838 2732 ceteri
858 2657 1158 2756 comprobarunt3
1180 2685 1225 2732 ex

162 2771 328 2842 omnium
354 2771 532 2842 sententia
556 2771 793 2852 constitutum
811 2784 886 2856 est,
910 2771 994 2840 satis
1017 2769 1130 2840 videri
1147 2794 1224 2841 esse

162 2881 366 2978 quaesitum.
386 2874 562 2951 Redditur
580 2881 779 2979 Oppianico
800 2882 1036 2950 Nicostratus.
1053 2881 1224 2970 Larinum

162 2995 242 3090 ipsa
259 2987 498 3088 proficiscitur
511 3014 594 3062 cum
617 2990 707 3078 suis,
725 3013 903 3077 moerens,
920 2986 1020 3084 quod
1038 2988 1113 3083 jam
1128 3001 1226 3060 certe

201 3271 226 3319 3.
252 3267 363 3336 Hospita
394 3268 533 3336 Oppianici.
561 3269 677 3335 Quamvis
720 3279 773 3328 tur,
787 3270 808 3319 si
822 3279 932 3319 maneant
952 3286 997 3319 sno
1012 3269 1227 3322 loco.J.v.1..-

164 3349 277 3398 offendat
288 3350 337 3398 hoe
344 3350 467 3414 sylvium,
478 3352 535 3416 qnia
546 3366 619 3414 supra
627 3351 678 3414 Op-
720 3350 784 3399 Vide
793 3361 875 3398 notam
884 3360 1030 3414 sequentem.

164 3429 290 3494 pianicnm
300 3427 676 3494 patremabotnnibnsdesertam
758 3433 782 3481 5.
797 3429 828 3477 Vi
846 3441 1020 3478 tormentorum
1037 3429 1148 3478 adducet.
1167 3430 1229 3494 Spe·

147 3499 150 3504 ¹
164 3524 217 3555 esse
230 3507 333 3568 dixerim
344 3509 512 3574 intelliguntur
520 3508 592 3557 amici
601 3519 625 3556 et
632 3509 678 3556 ho·
722 3509 837 3558 euntium
852 3509 1089 3568 ,honestissimorum
1119 3508 1227 3556 virorum

165 3587 257 3650 spires,
279 3605 343 3652 qnos
364 3599 420 3638 anta
441 3588 620 3637 damnationem
632 3587 676 3636 ha·
721 3599 866 3654 conspectu,
886 3589 929 3653 qui
942 3604 998 3636 rane
1011 3588 1146 3652 longiorem
1159 3602 1228 3649 quae·

164 3667 265 3725 buemt,
277 3678 301 3716 et
311 3669 369 3732 qui,
379 3677 447 3731 patre
460 3678 572 3725 mortuo,
584 3667 678 3728 juniori
721 3669 825 3716 ationem
847 3667 1041 3732 prohibuissent,
1055 3666 1143 3729 etipsa
1158 3664 1229 3713 dolo·

165 3749 306 3810 Oppianiw
319 3764 385 3796 nuno
398 3747 471 3800 fidem
485 3760 510 3798 et
522 3763 620 3812 operam
633 3764 677 3796 na·
722 3762 776 3794 rum
787 3747 827 3810 vi,
845 3748 889 3811 qni
906 3746 969 3794 ultra
987 3749 1037 3808 J'am
1051 3743 1165 3809 progredi
1179 3759 1232 3790 nou

166 3825 270 3874 rabant.
724 3837 854 3890 poterant,
867 3825 972 3884 incensi,
987 3827 1013 3872 in
1027 3822 1127 3872 veritate
1145 3821 1232 3886 perati-

205 3911 229 3958 t.
244 3907 320 3952 Meta.
334 3901 479 3964 Sehiatzius,
497 3904 563 3952 nulla
576 3904 681 3954 auctori·
725 3915 813 3954 terunt.

167 3991 234 4044 tate,
244 3981 284 4030 tte
293 3985 376 4046 pontit
389 3983 476 4043 verba,
485 3995 529 4032 aet
542 3984 565 4030 ri
578 3995 681 4032 tormen·
761 3985 786 4033 6.
803 3985 941 4030 Tormenta.
952 3979 1050 4030 Sohiitz.
1059 3980 1127 4046 legit,
1140 3991 1232 4046 «atque

167 4070 288 4120 torum»,
301 4078 356 4125 quse
372 4079 422 4111 non
436 4063 569 4128 intelligere
582 4080 607 4112 ae
619 4063 680 4112 fate·
726 4072 845 4111 tormenta
858 4070 970 4112 essem».
985 4062 1010 4110 J.
1022 4063 1054 4108 V.
1067 4061 1094 4108 1..

267 4151 330 4218 ῙῙῘ.
358 4167 402 4212 cte.
411 4183 466 4224 pars
475 4169 580 4212 ascarida-
1100 4173 1141 4218 12
