2956 4676
384 366 572 436 onsrro
596 370 700 436 pao
724 370 765 436 s.
793 333 1065 441 ocuunrro.
1194 391 1259 464 107

189 485 252 558 ubi
278 499 387 585 pastae
409 486 607 585 aliquando
633 490 724 577 sint,
749 503 988 562 revertantur.
1014 488 1178 560 Stalenus
1202 489 1262 560 itte

187 596 340 668 biennio
356 612 461 686 ante,
480 621 595 694 quum
613 622 755 670 causam
772 591 956 672 bondrum
972 597 1118 671 Safinii²
1140 598 1262 670 Atellae

186 709 399 805 recepisset,
421 712 599 780 sexcentis
616 708 777 780 millibus
796 705 1014 782 nummum³
1034 733 1071 781 se
1083 707 1259 805 judicium

187 831 450 916 corrupturum
480 841 557 889 esse
586 817 753 890 dixerat:
774 843 855 916 quae
883 843 997 917 quum
1023 821 1220 917 accepisset
1242 845 1263 892 a

187 925 352 1024 pupilio,
373 928 615 1024 suppressit⁴3
640 927 854 1027 judicioque
882 927 1002 1018 sacto,
1020 955 1090 1001 neo
1108 928 1262 1019 Safinio,
1364 924 1368 935 ’

186 1059 258 1108 nec
278 1035 460 1108 bonorum
483 1036 710 1134 emptoribus
730 1038 898 1111 reddidit.
924 1041 1042 1129 Quam
1061 1063 1176 1135 quum
1200 1061 1261 1137 pe·
1327 1043 1330 1055 '

186 1147 335 1219 cuniam
359 1144 595 1245 profudisset,
619 1163 654 1220 et
676 1149 744 1220 sibi
767 1148 878 1237 nihil,
900 1173 978 1220 non
1000 1147 1113 1220 modo
1132 1147 1178 1220 ad
1196 1171 1262 1220 cu-

188 1253 384 1355 piditates⁵
406 1281 506 1344 suas,
528 1257 590 1329 sed
609 1283 657 1329 ne
677 1259 722 1330 ad
741 1261 989 1332 necessitatem
1011 1257 1158 1356 quidem
1177 1259 1262 1329 reii-

186 1367 347 1464 quisset3
360 1367 486 1437 statuit
495 1365 540 1437 ad
554 1365 698 1438 easdem
710 1367 780 1440 sibi
791 1367 929 1470 praedas
942 1369 1264 1467 acsuppressiones

183 1475 374 1572 judiciales
406 1477 676 1549 revertendum.
709 1485 836 1577 Itaque
867 1505 983 1578 quum
1019 1481 1263 1578 Oppianicum

183 1587 260 1682 jam
284 1585 488 1684 perditum,
513 1599 550 1658 et
573 1586 719 1662 duobus
738 1589 943 1687 jugulatum
968 1588 1184 1688 prejudiciis
1209 1589 1262 1657 vi·

187 1695 312 1784 deret;
325 1696 511 1793 promissis
523 1721 608 1767 curn
620 1700 694 1770 suis
706 1700 872 1772 excitavit
888 1699 1091 1797 abjectum,
1105 1713 1141 1771 et
1156 1697 1264 1770 simul

185 1806 296 1878 saluti
323 1807 516 1906 desperare
538 1810 661 1879 vetuit.
694 1811 917 1907 Oppianicus
947 1833 1052 1882 orare
1076 1809 1263 1880 hominem

186 1917 321 2015 coepit,
345 1931 387 1989 ut
412 1915 479 1988 sibi
507 1917 688 1990 rationem
716 1919 928 1994 ostenderet
952 1917 1078 2016 judicii
1099 1941 1262 1990 corrum-

188 2025 397 2126 pendi.‚Ille
411 2041 533 2098 autem
549 2027 884 2125 (quemadmodum
899 2056 942 2102 ex
963 2034 1044 2129 ipso
1059 2030 1263 2127 Oppianico

189 2151 317 2236 postea
340 2152 396 2209 est
419 2137 612 2232 auditum)
630 2145 793 2237 negavit,
815 2163 1036 2239 quemquam
1055 2163 1132 2212 esse
1154 2140 1192 2210 in
1211 2139 1261 2209 ci·

186 2249 322 2334 vitate,
338 2261 470 2346 praeter
485 2272 542 2337 se,
565 2252 629 2346 qui
651 2250 688 2322 id
707 2249 849 2324 efficere
868 2248 1025 2351 posset⁶.
1052 2249 1121 2321 Sed
1143 2249 1262 2347 primo
1309 2263 1310 2270 ’

185 2361 351 2454 gravari⁷
372 2359 503 2456 coepit,
528 2359 628 2456 quod
650 2360 855 2434 aedilitatem
882 2387 920 2434 se
944 2377 1068 2460 petere
1090 2383 1172 2430 cum
1194 2359 1263 2430 ho-

185 2466 348 2538 minibus
370 2467 619 2558 nobilissimis,
645 2485 681 2542 et
698 2472 870 2544 invidiam
890 2488 1000 2569 atque
1020 2469 1262 2542 offensionem

185 2579 316 2649 timere
336 2577 488 2650 dicebat.
511 2582 595 2650 Post
618 2596 807 2668 exoratus,
823 2584 927 2654 initio
945 2603 1179 2680 permagnam
1197 2601 1260 2676 pe·

186 2689 332 2759 cuniam
357 2691 525 2788 poposcit
540 2688 702 2764 :deinde
722 2691 767 2763 ad
787 2692 824 2764 id
846 2693 1031 2791 pervenit,
1052 2689 1154 2788 quod
1174 2713 1262 2760 con·

185 2795 262 2871 ficit
276 2801 415 2897 potuit,
429 2813 466 2871 et
477 2803 683 2874 sestertium
698 2817 868 2876 sexcenta
881 2801 1118 2899 qnadraginta
1131 2799 1263 2870 miilia⁹

186 2908 320 2982 deterri
336 2909 380 2981 ad
401 2935 439 2982 se
457 2910 606 2982 domum
618 2913 733 3008 jussit.
752 2916 842 3003 Qnae
859 2911 1013 3011 pecunia
1027 2908 1134 2980 simul
1153 2922 1262 3004 atque

184 3017 232 3092 ad
254 3044 339 3092 eum
361 3018 479 3092 delata
500 3037 573 3110 est,
598 3022 711 3094 homo
733 3023 997 3119 impurissimus
1015 3019 1134 3092 statim
1153 3017 1265 3113 coepit

187 3129 226 3200 in
248 3127 429 3224 ejusmodi
447 3146 569 3202 mente
591 3147 628 3204 et
649 3134 867 3231 cogitatione
887 3133 1043 3203 versari:
1067 3128 1157 3201 nihii
1183 3151 1260 3199 esse

150 3439 155 3446 .
185 3407 298 3458 exmarg.
306 3393 379 3441 unius
388 3392 445 3443 cod.
456 3394 591 3442 amonitae·
600 3395 703 3459 rcoepit;
785 3397 808 3444 5.
824 3393 981 3460 θιφίᾰίταιω.
992 3393 1127 3442 Libidinea.
1137 3419 1173 3430 -
1181 3393 1261 3456 leoga·
1294 3394 1301 3404 “

185 3471 255 3536 quod
269 3471 360 3520 nullm
371 3473 422 3521 rim
433 3471 518 3523 babet.
746 3466 833 3515 tatum.
846 3467 953 3515 Omnino
962 3465 1151 3515 condemnatum
1162 3471 1188 3512 et
1199 3477 1261 3527 per·

224 3567 249 3600 a.
270 3549 358 3617 Safinii
377 3551 473 3600 Aeettae.
495 3553 578 3616 Quum
598 3549 702 3602 Satiatur
746 3547 817 3594 nicici
831 3545 956 3594 devotum·

187 3629 267 3676 Atella
280 3630 391 3699 pupillus
400 3631 464 3678 bona
474 3631 620 3702 rugiudicio
634 3647 702 3696 repe·
781 3625 807 3674 6.
820 3625 863 3673 Al.
875 3624 962 3690 possit.
974 3625 999 3673 J.
1013 3625 1045 3671 V.
1054 3625 1081 3670 b.

188 3717 250 3756 teret
260 3707 329 3758 abiis
339 3709 382 3774 qni
391 3721 473 3775 erepta
483 3709 651 3774 possidebant.
658 3713 702 3760 Ge-
782 3721 805 3766 7.
826 3703 940 3753 Gratusi.
959 3699 1106 3766 Aspernari,
1117 3711 1164 3746 nee
1183 3697 1260 3746 ilceto
1335 3735 1336 3740 ,

187 3797 266 3835 terum
281 3805 331 3838 non
351 3789 411 3838 alins
427 3789 500 3852 hujus
517 3807 594 3839 cnusae
608 3793 701 3842 mentio
746 3797 817 3848 ΡΜ
826 3801 852 3832 Ιθ
864 3779 1098 3846 diflbquwffiffl
1107 3793 1134 3826 ⁵⁸
1144 3791 1261 3841 ’mque

187 3868 303 3917 occurrit.
746 3879 846 3927 operam
861 3862 939 3927 pluris
948 3859 1073 3909 venderet.

223 3946 249 3994 3.
260 3947 402 3996 Nummum.
416 3947 566 3996 Sestertium.
781 3939 805 3990 8.
819 3941 919 4008 Corficr'.
936 3938 997 3986 Fieri
1014 3947 1117 4002 potent.

223 4031 246 4081 t.
259 4026 403 4090 uppresste.
414 4025 545 4075 Judicibus
555 4043 605 4076 non
616 4027 699 4088 dedit,
778 4035 803 4082 9·
821 4017 898 4068 Ab&
909 4015 998 4066 millia·
1017 4015 1065 4065 &d
1076 4014 1160 4064 ffinftr
1170 4029 1194 4062 ⁶·
1211 4017 1257 4072 3²,

187 4103 238 4168 ipse
252 4105 314 4154 ciam
326 4105 434 4154 retinuit.
745 4100 804 4146 circ.
813 4099 840 4145 J.
851 4099 882 4146 V.
895 4099 921 4145 L.
