3020 4666
276 339 342 412 ιφ
396 314 446 382 u.
468 315 508 380 r.
526 311 614 380 cm.
637 309 769 379 onir.
790 312 880 381 ruo
904 312 944 380 s.
964 310 1207 381 onustum.

274 427 382 508 etiam
403 434 561 506 fortassis
584 443 697 500 mater
720 433 908 527 exsequias
931 431 1025 500 illius
1047 429 1184 502 funeris
1206 454 1335 528 prose-

274 561 410 645 quuta,
432 556 584 613 mortem
604 564 642 611 se
663 538 727 610 filii
747 541 869 638 lugere
887 541 1097 612 simulasset.
1120 546 1227 613 Nunc
1244 565 1335 612 vero

277 655 363 753 quid
383 653 450 726 erit
472 650 695 750 profectum,
713 653 781 724 nisi
803 667 843 722 ut
866 653 976 748 hujus
996 677 1040 724 ex
1061 653 1187 724 mediis
1208 655 1337 724 mortis

276 766 413 838 insidiis
430 763 504 832 ¹vitu
525 761 570 832 ad
591 764 729 834 luctum
748 777 945 850 reservata;
967 786 1064 834 mors
1084 765 1252 860 sepulcro
1270 787 1335 861 pa-

277 872 365 944 trist
386 873 520 970 privata
540 896 615 943 esse
632 871 812 944 videatur?
830 875 919 943 Satis
933 873 996 944 diu
1008 870 1078 943 fuit
1091 870 1151 944 ἰιι5
1166 873 1336 961 miseriis,

275 983 433 1078 judices3
447 981 530 1052 satis
545 981 677 1052 multos
690 1003 803 1052 annos
816 1006 861 1052 ex
875 981 1007 1052 invidia
1021 980 1205 1053 laboravit.
1220 985 1337 1054 Nemo

280 1090 364 1164 huic
382 1107 453 1163 tam
474 1093 642 1187 iniquus,
660 1104 788 1187 praeter
808 1107 1015 1187 parentem,
1031 1090 1117 1176 fuit,
1138 1091 1243 1186 cujus
1259 1095 1339 1162 ani-

280 1228 380 1274 mum
395 1227 469 1272 non
482 1201 555 1297 jam
570 1200 755 1297 expletum
769 1224 844 1272 esse
859 1215 1037 1297 putemus.
1054 1203 1145 1288 Vos,
1163 1202 1227 1297 qui
1244 1203 1340 1296 aqui

281 1316 365 1386 estis
387 1310 575 1398 omnibus,
597 1314 680 1406 qui,
705 1325 746 1381 ut
772 1311 927 1408 quisque
950 1308 1194 1382 crudelissime
1218 1333 1340 1408 oppu-

282 1440 422 1524 gnatur,
437 1449 520 1496 eum
534 1423 711 1494 lenissime
720 1424 914 1494 sublevatis
924 1477 933 1511 ,
945 1438 1151 1496 conservate
1163 1429 1204 1494 A.
1213 1423 1344 1494 Cluen·

282 1540 389 1623 tium3
403 1535 579 1606 restituite
592 1532 810 1605 incolumem
824 1537 1039 1632 municipio;
1054 1534 1191 1621 amicis,
1202 1535 1342 1622 vicinis,

283 1642 504 1742 hospitibus,
524 1668 680 1739 quorum
702 1643 817 1715 studia
836 1643 980 1730 videtis,
998 1643 1158 1730 reddite3
1177 1643 1281 1716 vobis
1302 1645 1344 1714 in

286 1769 503 1852 perpetuum
520 1751 715 1850 liberisque
728 1756 854 1825 vestris
867 1753 1089 1850 obstringite.
1105 1759 1272 1826 Vestrum
1286 1767 1345 1826 est

284 1865 375 1952 hoc,
391 1862 546 1959 judices,
563 1879 688 1935 vestrae
706 1865 920 1952 clementiae3
938 1880 1034 1936 recte
1053 1864 1122 1936 hoc
1140 1861 1345 1962 repetitur⁶

286 1972 442 2059 ambis,
459 1987 501 2044 ut
522 1974 638 2044 virum
657 1979 835 2071 optimum
860 1990 968 2071 atque
987 1975 1344 2059 innocentissimum,

285 2083 523 2182 plurimisque
556 2083 796 2154 mortalibus⁷
827 2107 949 2156 carum
982 2099 1091 2181 atque
1121 2083 1346 2179 jucundissi-

285 2217 403 2280 mum,
418 2192 473 2264 his
486 2193 680 2289 aliquando
695 2193 954 2266 calamitatibus
969 2193 1146 2266 liberetis:
1160 2207 1348 2265 utomnes

284 2303 504 2400 intelligant,
527 2304 566 2373 in
592 2298 856 2376 concionibus⁸
881 2329 956 2376 esse
978 2304 1118 2376 invidiae
1140 2305 1282 2392 locum,
1302 2304 1346 2374 iu

284 2412 428 2509 judiciis
444 2413 596 2484 veritati.

322 2623 348 2671 t..
371 2615 482 2680 Sepsrlcro
497 2615 587 2680 patris.
612 2615 662 2664 Ibit
684 2617 792 2666 enimin
835 2617 936 2677 simum
955 2619 982 2666 in
997 2634 1044 2680 eo,
1063 2619 1133 2680 eujus
1144 2629 1285 2678 secuntur,
1297 2619 1350 2668 eri-

285 2692 411 2752 exsilium,
424 2709 503 2758 neque
515 2711 571 2743 cum
584 2697 690 2760 paternis
703 2697 791 2745 cineri·
835 2699 899 2746 mine
910 2696 1133 2746 innocentissimum
1144 2698 1264 2762 praestitit.

286 2769 333 2820 bus
346 2786 403 2819 suos
415 2773 556 2822 confundet.
871 2791 897 2837 7.
912 2776 1022 2825 Plurimis
1038 2777 1186 2826 monadibus.
1203 2779 1227 2825 A
1239 2775 1347 2839 quibus.

322 2851 397 2898 §.112
417 2850 522 2901 miseriis.
540 2855 649 2902 Moerore
669 2855 793 2902 consectus
836 2855 950 2906 Cluentio
962 2856 1089 2914 absoluto,
1101 2855 1315 2920 grstlsminibitis.

286 2942 317 2976 ex
335 2929 393 2992 falsa
411 2931 520 2994 invidia,
538 2934 620 2980 matris
638 2934 732 2981 insidiis
749 2933 792 2982 ob·
872 2937 895 2984 8.
910 2939 940 2982 In
953 2935 1116 2984 concionibus.
1128 2939 1202 2984 Posse
1213 2934 1350 2999 populares

285 3009 388 3068 noxius,
400 3020 446 3060 ete.
835 3025 912 3062 ooetus
923 3015 989 3062 falsis
998 3015 1155 3080 opinionibus
1167 3025 1192 3062 et
1201 3013 1274 3072 odio,
1285 3029 1351 3060 eou-

294 3126 297 3138 .
321 3087 346 3135 6.
358 3088 486 3152 Κορατίων.
500 3090 534 3138 Ut
545 3091 692 3152 justum-
708 3091 792 3143 Virum
835 3093 1201 3154 citarisjndlessverororltsts
1211 3091 1350 3152 solidum

285 3165 409 3229 optinum.
420 3167 534 3230 Qnisein
541 3170 608 3217 omni
617 3171 665 3218 vita
674 3169 793 3220 honestis·
835 3186 880 3220 nse
892 3173 960 3237 vulgi
970 3172 1087 3237 opinione
1096 3173 1178 3223 inniti.
