2934 4680
220 297 267 370 30
537 299 585 368 M.
610 301 650 368 T.
675 299 964 370 CICERONIS

218 421 424 520 Hispaniam
437 419 506 492 iter
519 418 705 491 Gallorum
718 421 965 490 internecione
978 415 1193 514 patefactum
1207 435 1292 507 eet3¹

217 531 389 612 testisest
406 530 574 625 Hispania
585 538 611 616 7,
636 553 718 626 quae
740 529 930 626 saepissime
952 529 1126 625 plurimos
1151 529 1277 604 hostes

195 641 263 712 rnb
285 640 355 712 boc
375 653 560 737 superatos
582 652 851 735 prostratosque
877 641 1083 737 conspexit3
1105 643 1205 712 testis
1224 655 1279 712 est

217 745 373 823 iterum⁸
404 763 441 820 et
465 750 598 846 saepiusv
622 748 744 837 Italia,
772 775 872 846 quen,
899 772 1013 846 quum
1037 749 1155 820 servili
1180 748 1278 822 bello

218 875 309 930 tetro
329 858 603 958 periculosoque
624 873 861 955 premeretur,
876 857 922 928 ab
938 859 1009 929 boc
1025 859 1198 930 auxilium
1217 858 1279 930 ab·
1362 909 1368 918 -

217 985 318 1042 sente
337 969 530 1066 expetivit:
547 968 648 1066 quod
668 966 803 1038 bellurn
827 969 1093 1064 exspectatione
1118 969 1278 1066 Pompeii

215 1093 439 1152 attenuatum
457 1091 565 1174 atque
581 1079 813 1149 imminutum
832 1092 901 1166 est,
919 1077 1079 1150 adventu
1094 1076 1278 1150 subtatum

214 1221 258 1267 ec
275 1181 476 1292 'sepultum
509 1195 632 1264 Testes
657 1217 745 1264 vero
773 1195 846 1288 jam
878 1217 1005 1264 ornnes
1031 1203 1140 1280 oraet,
1169 1207 1278 1290 atque

216 1323 342 1377 omnes
378 1317 508 1376 exterae
541 1315 664 1399 gentes
692 1327 733 1374 ac
762 1304 947 1390 nationes,
980 1301 1140 1399 denique
1165 1303 1278 1374 maria

214 1415 357 1501 omnia,
377 1424 456 1484 tum
469 1412 655 1498 universa,
674 1427 752 1483 tum
770 1423 801 1456 ¹⁰
815 1413 851 1482 in
869 1411 1017 1509 singulis
1033 1435 1161 1484 omnes
1176 1413 1277 1483 sinus

214 1539 324 1620 atque
354 1536 490 1619 portus.
522 1521 613 1612 Quis
642 1524 737 1591 enim
766 1533 846 1591 toto
876 1521 966 1590 mari
991 1521 1091 1594 locus
1114 1544 1181 1619 per
1209 1520 1277 1594 bos

215 1655 331 1726 annos
356 1643 418 1702 aut
440 1645 512 1699 tam
539 1628 684 1702 firmum
708 1626 837 1700 hebuit
862 1629 1092 1727 praesidium,
1113 1645 1155 1701 ut
1176 1645 1278 1704 tutus

216 1756 326 1827 esset,
354 1754 417 1810 aut
440 1752 514 1809 tam
541 1734 612 1808 fuit
636 1736 798 1823 abditus,
827 1753 869 1810 ut
894 1738 1046 1831 lateret?
1069 1741 1160 1828 Quis
1182 1743 1277 1812 nevi·

215 1853 330 1948 gavit,
350 1851 414 1946 qui
435 1871 511 1918 non
531 1868 576 1918 se·
590 1860 652 1918 aut
670 1849 814 1933 mortis,
837 1863 900 1920 aut
916 1852 1097 1922 servitutis
1115 1851 1275 1946 periculo

214 1962 473 2042 committeret,
501 1979 615 2052 quum
640 1969 702 2028 aut
729 1957 865 2044 hieme,
894 1973 957 2029 aut
977 1956 1110 2030 referto
1132 1957 1276 2057 praedo-

216 2091 304 2140 num
319 2069 407 2138 rnari
421 2067 627 2163 navigaret?
642 2069 719 2138 Hoc
736 2081 876 2139 tantum
890 2067 1047 2155 bellurn,
1064 2084 1137 2140 tam
1151 2083 1276 2168 turpe,
1362 2136 1367 2144 .

215 2195 287 2250 tem
304 2193 409 2250 retus
422 2188 464 2264 ¹¹,
479 2191 557 2247 tem
569 2175 641 2248 late
654 2175 808 2248 divisum
827 2192 936 2275 atque
956 2176 1176 2276 dispersum,
1193 2183 1276 2274 quie

216 2311 390 2386 umquam
410 2284 645 2357 arbitraretur
661 2300 725 2360 aut
742 2285 788 2357 ab
810 2287 981 2359 omnibus
998 2287 1278 2386 imperntoribue

213 2421 290 2468 uno
313 2421 430 2482 anno,
452 2409 515 2466 aut
537 2394 707 2468 omnibus
725 2398 829 2468 annis
842 2408 871 2442 ¹¹
894 2397 940 2468 ab
960 2421 1034 2469 uno
1059 2399 1275 2496 imperatore

211 2505 341 2576 confici
367 2505 499 2602 poene?
522 2507 641 2596 Quem
661 2508 884 2603 provinciam
909 2509 1076 2580 tenuistis
1092 2533 1114 2578 e
1132 2508 1276 2607 predo·

215 2667 340 2727 submovi,
362 2685 406 2734 per
426 2685 467 2717 eee
485 2669 531 2716 iter
550 2667 635 2727 atiud,
650 2679 723 2733 etque
767 2687 823 2718 nem
836 2671 935 2720 Cneene
945 2671 995 2733 jem
1011 2673 1102 2730 mino
1115 2673 1221 2722 boetium
1234 2689 1276 2722 ce·

216 2748 336 2799 Hennibel
344 2783 352 2807 ,
360 2749 432 2796 nobie
438 2749 602 2813 opportunine
608 2750 722 2813 patefeei3
765 2750 874 2810 rideret,
884 2766 960 2815 quern
967 2753 1075 2815 Spartaci
1083 2752 1195 2816 reii'quiee
1206 2769 1276 2801 exer·

215 2829 296 2894 recepi
308 2827 426 2885 orniam,
446 2831 590 2892 Pymeeem
598 2849 619 2877 ι.
633 2828 724 2877 Scribit
767 2831 829 2878 citru
843 2829 942 2887 obviae,
959 2830 1056 2879 circiter
1068 2831 1176 2896 quinque
1188 2831 1274 2890 nube,

215 2910 321 2966 Plinius,
341 2907 385 2955 tib.
396 2910 445 2955 vn
454 2923 461 2956 :
471 2909 520 2956 «Et
529 2908 610 2955 etetirn
621 2907 654 2955 ed
664 2908 724 2956 eolie
766 2909 898 2958 trucidarit
923 2910 1063 2973 Pompeiae.
1091 2911 1155 2958 Hine
1179 2911 1219 2959 ille
1242 2909 1275 2958 eti

215 3003 327 3038 cereum
340 2998 513 3050 trenegreeene,
522 2987 631 3034 excitetis
643 2988 669 3034 in
678 2987 723 3051 Py-
766 3001 875 3037 uenatum
898 2989 1012 3052 ecripeit,
1039 2991 1150 3037 Graecum
1171 2989 1199 3036 in
1224 2990 1276 3039 acie

214 3066 608 3130 renteotropaeie,oppidr876eb
617 3067 723 3130 Alpibue
765 3067 911 3131 glediutonee
929 3067 1029 3131 quietern
1046 3067 1155 3129 indicte,
1170 3082 1195 3117 ee
1215 3084 1275 3118 vero

215 3147 246 3194 ed
262 3144 323 3192 tinen
336 3143 459 3208 Hiepenite
476 3144 596 3192 ulterioris
607 3145 634 3192 in
647 3143 722 3193 ditio·
765 3146 857 3196 beilum
868 3147 979 3194 funditus
991 3146 1107 3194 etenim.

215 3239 272 3274 nem
280 3223 375 3271 reducta
385 3221 494 3270 victon'ae
508 3238 557 3270 enee
568 3223 722 3287 edecripeit».
801 3243 826 3290 9.
843 3228 931 3274 Omnes
944 3243 1002 3276 om.
1015 3227 1139 3276 Meritinro
1152 3225 1217 3289 bello
1228 3225 1273 3275 ed·

216 3309 245 3352 le
255 3303 320 3350 libro
330 3313 409 3350 temen
419 3302 491 3350 tertio
497 3337 504 3360 ,
510 3303 590 3367 capite
599 3302 629 3349 de
638 3304 724 3366 Hispe-
765 3321 849 3355 verene
857 3307 947 3370 pintae
956 3317 1012 3356 orto
1022 3322 1054 3354 ex
1063 3305 1155 3354 Cilicia.

214 3385 255 3433 nin
268 3381 394 3438 citeriore,
409 3379 500 3445 oppida
515 3382 565 3436 846
578 3381 687 3445 legimus·
804 3381 1275 3446 autumabunt-inunguit·

250 3460 409 3526 7.Hispeeia.
418 3463 447 3508 In
457 3476 505 3524 que
517 3459 648 3508 Sertorium
660 3471 723 3510 octe-
766 3464 815 3512 orie
825 3484 846 3510 ι.
859 3464 885 3511 J.
897 3465 928 3508 V.
937 3465 967 3510 L.

213 3563 271 3596 vum
281 3547 331 3606 jem
345 3557 436 3592 ennom
449 3557 505 3589 cnm
515 3540 609 3606 populo
622 3555 722 3590 romano
804 3555 843 3590 rr.
859 3542 920 3588 Tam
932 3549 1012 3589 vetes.
1026 3540 1114 3588 Ortum
1128 3539 1217 3590 ebbinc
1229 3556 1275 3589 en·

211 3627 303 3676 bellum
316 3633 437 3689 gerentem
447 3623 546 3672 devicit.
765 3621 803 3668 nie
813 3619 890 3668 tribue
901 3631 925 3668 et
938 3617 1034 3682 viginti,
1044 3619 1147 3666 Octavio
1157 3631 1183 3668 et
1194 3620 1274 3670 cirne

249 3709 275 3755 8.
298 3707 399 3753 Iterum.
423 3701 495 3750 Civili
513 3700 578 3748 hello
600 3699 720 3764 primunr,
764 3710 860 3749 coenet
871 3699 1007 3768 consectatu
1018 3698 1065 3746 boo
1077 3699 1132 3764 ipeo
1141 3715 1217 3760 uno,
1227 3693 1274 3749 Le'·

213 3783 302 3834 deinde
311 3782 400 3830 eerriii.
410 3807 443 3818 -
453 3777 584 3843 &petivit
596 3780 720 3839 omento,
763 3779 825 3845 pido
837 3789 861 3826 et
872 3778 945 3827 Tullo
957 3793 1019 3826 cone.

214 3863 329 3912 coniecto
337 3861 400 3909 enim
409 3857 563 3922 Hiepenienei
572 3855 645 3917 bello,
653 3860 721 3908 Porn-
803 3873 842 3906 ru.
857 3857 1024 3906 Artennites
1032 3856 1111 3904 amic.
1117 3857 1209 3906 beilum
1219 3873 1273 3921 epe·

214 3943 284 4009 peine
294 3944 320 3988 in
329 3940 423 3988 tentem
434 3936 540 3994 redibat,
553 3938 720 4001 nonqnodeb
763 3937 800 3986 tio
817 3938 892 3986 triton
906 3936 1023 3986 nentium
1042 3952 1057 3984 e
1076 3937 1193 4001 Pompeio
1213 3951 1272 3986 eon-

213 4037 245 4070 eo
255 4021 353 4070 ebeente
370 4015 488 4066 euxiiiurn
501 4015 569 4066 tutte
586 4027 720 4082 expeteret,
764 4017 854 4066 sectum
867 4014 941 4068 eredit
951 4015 1101 4064 Pluteeebue.
