3026 4680
294 386 363 458 516
498 409 502 418 ’
606 390 654 457 M.
680 391 719 458 T.
751 389 1029 460 CICERONIS
1120 405 1132 458 't

290 513 415 598 minis,
435 533 545 608 quam
565 533 640 582 non
657 514 857 608 acceperit,
872 510 1031 598 tradere3
1049 524 1103 600 et,
1125 525 1166 582 ut
1184 513 1362 598 Scaurus,

290 621 500 696 memoriam
531 644 646 720 prope
671 621 946 692 intermortuam
974 621 1115 720 generis
1141 623 1198 692 sui
1221 624 1359 692 virtute

288 759 473 807 renovare.
1012 764 1015 770 ·
1278 784 1281 796 .

337 847 429 934 vm.
447 845 675 938 Quamquam
692 864 760 937 ego
770 841 845 936 jam
858 840 1029 939 putabam
1040 895 1050 932 ,
1059 840 1217 938 judiees,
1231 841 1357 913 multis

286 955 371 1024 viris
393 951 547 1024 fortibus
563 976 610 1022 ne
625 949 834 1049 ignobilitas
850 949 1071 1046 objiceretur
1089 952 1246 1049 generis,
1270 977 1355 1024 meo

287 1061 413 1134 labore
431 1086 508 1133 esse
523 1051 723 1160 perfectum
741 1086 750 1129 t
768 1063 851 1158 qui,
868 1083 946 1132 non
959 1061 1071 1133 modo
1083 1062 1199 1133 Curiis
1212 1073 1237 1150 ¹,
1250 1059 1356 1135 Catoss

286 1171 417 1258 nibus,
440 1170 639 1270 Pompeiis,
658 1170 815 1267 antiquis
839 1169 924 1256 illis,
944 1168 1147 1260 fortissimis
1166 1171 1269 1259 viris,
1287 1196 1354 1242 no·

285 1287 340 1355 vis
361 1281 592 1370 hominibus,
614 1279 676 1353 sed
691 1278 747 1351 bis
761 1277 982 1368 recentibus,
999 1282 1121 1353 Mariis
1130 1291 1157 1369 ²,
1175 1296 1213 1353 et
1224 1279 1354 1369 Didiis,

287 1409 324 1465 et
355 1393 478 1466 Coeliis
507 1390 856 1477 commemorandis,
883 1387 1052 1483 jacebant
1068 1387 1094 1461 ³.
1125 1395 1250 1483 Quum
1285 1417 1354 1490 ego

285 1528 372 1575 vero
394 1516 495 1574 tanto
518 1499 710 1572 intervallo
728 1499 883 1570 claustra
902 1502 969 1571 ista
992 1498 1221 1572 nobilitatis⁴
1245 1499 1355 1573 refre-

287 1616 437 1712 gissem,
457 1628 499 1683 ut
512 1610 631 1683 aditus
651 1607 696 1681 ad
713 1607 942 1680 consulatum
961 1609 1130 1707 posthac,
1149 1615 1242 1681 sicut
1255 1609 1354 1709 apud

263 1735 268 1745 '
288 1725 443 1820 majores
466 1713 635 1794 nostros⁵
668 1719 769 1801 fuit,¹
784 1742 858 1789 non
884 1722 998 1817 magis
1025 1719 1221 1808 nobilitati,
1243 1745 1354 1820 quam

286 1835 431 1920 virtuti,
460 1846 631 1930 pateret:
658 1854 735 1900 non
762 1826 981 1917 arbitrabar,
1009 1856 1124 1928 quum
1150 1857 1197 1904 ex
1223 1830 1355 1903 familia

285 1957 408 2014 vetere
425 1957 461 2013 et
482 1941 611 2012 illustri
627 1939 755 2012 consul
773 1937 981 2036 designatus
999 1939 1046 2012 ab
1064 1943 1197 2039 equitis
1214 1946 1355 2014 romani

288 2051 386 2141 filio,
407 2049 574 2138 cobsule,
593 2049 866 2136 defenderetur,
885 2050 930 2122 de
952 2055 1094 2148 generis
1116 2056 1275 2125 novitate
1293 2077 1354 2124 ac-

286 2177 468 2236 cusatores
488 2184 564 2233 esse
583 2159 755 2232 dicturos.
780 2163 923 2231 Etenim
946 2162 1036 2232 mihi
1060 2163 1128 2261 ipsi
1150 2153 1293 2252 accidit,
1312 2177 1355 2234 ut

289 2298 372 2345 cum
389 2271 533 2344 duobus
555 2271 730 2370 patriciis,
749 2268 862 2341 altero
877 2271 1147 2368 improbissimo
1166 2287 1276 2371 atque
1294 2297 1354 2344 au-

289 2382 497 2468 dacissim0,
519 2381 633 2451 altero
652 2377 943 2450 modestissimo⁶
968 2395 1077 2478 atque
1094 2383 1235 2480 optimo
1256 2385 1354 2468 viro,

289 2506 476 2590 peterem:
498 2491 664 2589 superati
681 2504 802 2560 tamen
821 2487 995 2587 dignitate
1016 2490 1226 2579 Catilinam,
1243 2491 1356 2590 gratia

290 2600 453 2672 Galbam.
477 2599 587 2689 Quod
608 2601 638 2670 si
657 2597 693 2670 id
713 2600 851 2669 crimen
870 2597 1012 2670 homini
1033 2625 1131 2672 novo
1150 2625 1228 2673 esse
1250 2600 1356 2673 debe·

290 2724 365 2800 ret;
387 2707 551 2809 prolecto
577 2709 668 2779 mibi
695 2731 815 2807 neque
836 2709 991 2796 inimici,
1015 2734 1137 2808 neque
1160 2710 1274 2783 invidi
1290 2711 1355 2782 de-

289 2818 450 2892 fuissent
478 2820 697 2890 Omittamus
721 2819 831 2914 igitur
856 2816 900 2888 de
927 2843 1058 2915 genere
1090 2820 1227 2912 dicere,
1253 2823 1356 2918 cujus

291 2945 345 3002 est
360 2954 488 3030 magna
505 2933 545 3002 in
566 2946 725 3027 utroque
745 2926 897 3023 dignitas
916 2957 923 2998 :
944 2927 1130 3004 videamus
1148 2946 1277 3004 cetera.

324 3097 395 3144 vm.
415 3093 801 3145 1.Cun‘1's.tt'.cminsnenu-
880 3093 906 3140 3.
932 3095 1062 3149 tacebant,
1084 3099 1114 3145 In
1132 3097 1358 3149 oblivionem

291 3187 344 3232 tus,
356 3175 432 3222 bomo
442 3191 536 3234 novus,
550 3185 587 3222 ter
595 3173 680 3222 consul
691 3172 799 3220 lnitsnn.
845 3169 917 3231 bant,
929 3175 1039 3236 quamtis
1049 3185 1086 3224 tot
1096 3177 1241 3228 fortissimo·
1252 3179 1317 3228 drot
1325 3196 1358 3229 cx

290 3255 322 3301 U.
339 3255 367 3302 C.
381 3253 527 3313 tbmfiss,
542 3261 648 3315 4η).-
663 3249 800 3300 Catonibus.
845 3249 952 3302 obscuro
976 3268 1063 3317 genere
1082 3255 1232 3306 adsumme·
1251 3259 1359 3308 bonores

289 3333 329 3382 tt.
349 3333 450 3380 Porcius
467 3333 544 3392 Cato,
563 3331 647 3380 consul
659 3345 724 3379 anno
737 3329 802 3388 558,
846 3343 943 3380 evectos
955 3346 1176 3384 commemorarent

291 3410 379 3458 deinde
393 3427 479 3459 censor
491 3425 556 3458 nuno
570 3408 665 3470 569.-
674 3407 802 3472 Pompeiis.
884 3420 907 3468 t.
920 3411 1030 3460 aarum
1040 3413 1252 3478 nobilitatust
1258 3415 1360 3480 plebeiis

292 3490 432 3555 Respicitnr
443 3492 475 3552 Q.
490 3488 621 3552 Pompeius
634 3492 665 3538 A.
678 3493 703 3537 F.
718 3487 805 3536 consul
847 3491 1005 3554 patriciorum
1011 3492 1123 3557 superbia
1135 3495 1290 3559 opponebam
1299 3507 1359 3544 nm-

291 3583 357 3616 anno
371 3567 430 3617 dra.
441 3569 509 3615 Brut.
522 3568 555 3615 25
564 3565 752 3616 mettunhomo
762 3582 805 3631 per
849 3585 921 3634 qnam
934 3570 960 3617 in
978 3585 1062 3618 comm
1074 3575 1249 3636 pomulorum
1258 3577 1359 3624 omnim

292 3663 318 3695 aa
330 3649 471 3711 cognitus».
486 3647 556 3694 Emi
566 3657 621 3694 toto
631 3648 679 3696 hoc
690 3646 805 3695 locoMt·
848 3648 988 3696 cumulatus
1000 3651 1113 3698 veniunt.

292 3727 390 3782 nntius,
400 3739 475 3787 quum
488 3733 559 3788 putat
573 3724 675 3789 intelligi
687 3725 720 3787 Q.
734 3727 805 3772 Pom·
887 3730 910 3777 5.
923 3728 1001 3792 Apud
1010 3729 1114 3795 majam
1127 3743 1232 3782 nostrus.
1243 3733 1361 3785 Consul:-

294 3803 377 3869 pelum
387 3803 480 3852 nutum
489 3817 541 3850 coa.
551 3815 616 3851 anno
627 3804 692 3862 665,
702 3804 806 3867 ideoque
849 3817 889 3855 tm
900 3823 956 3855 cnm
970 3807 1041 3872 plebe
1060 3811 1254 3860 communicatus
1262 3824 1300 3862 est
1311 3815 1361 3861 cir·

292 3899 339 3947 pro
350 3882 467 3946 Pompeiis
479 3881 526 3946 legi
538 3881 592 3930 vnlt
603 3880 700 3946 Appiis.
849 3886 910 3934 citer
922 3903 987 3935 anno
1002 3889 1061 3950 ³9⁰·

329 3979 353 4009 a.
368 3961 462 4010 Mariis.
483 3959 655 4026 Significantur
668 3961 697 4010 C.
712 3963 805 4010 Marius
883 3965 909 4013 6.
920 3967 1001 4015 Altero
1010 3965 1189 4018 modestissimo.
1201 3971 1257 4019 Duo
1266 3973 1362 4036 panicii

293 4042 381 4104 septies
390 4041 488 4100 consul,
498 4042 527 4087 T.
534 4039 621 4089 Didius
634 4055 684 4088 cos.
694 4055 733 4088 nn.
743 4041 804 4101 655,
848 4045 876 4091 1,.
887 4047 982 4109 Sergius
1002 4047 1119 4106 Catilina,
1134 4049 1265 4098 sceleribus
1278 4061 1303 4098 ct
1316 4065 1361 4098 ιιι-

294 4121 322 4168 (ἶ.
337 4119 427 4168 Caelina
440 4119 530 4166 Caldus
539 4119 625 4168 consul
637 4135 702 4168 anno
713 4119 774 4182 659.
850 4121 917 4171 dacia
932 4125 1052 4187 fumosas,
1061 4138 1086 4175 et
1098 4129 1125 4174 Ρ.
1134 4127 1255 4192 Sulpicius
1267 4129 1360 4188 Galba,
