2988 4668
362 383 454 454 PRO
479 381 849 453 JURECONSULTIS
875 379 1094 451 ROMANIS.
1193 376 1277 448 601·

194 521 426 588 convenerant,
445 527 654 593 quorumque
670 502 753 568 adeo
767 503 801 567 in
817 517 977 592 potestate
989 517 1080 566 erant
1092 502 1212 590 patria,
1225 501 1265 566 iis

194 628 386 677 testamento
403 627 528 674 tutores
545 609 683 691 dabant,
706 609 782 696 qui,
802 631 844 673 ne
860 608 988 690 feminis
1001 607 1140 670 nimium
1154 629 1265 696 graves

194 734 318 799 essent,
336 714 541 806 indulgentes
556 716 662 779 mariti
673 714 868 803 conjugibus
879 715 945 778 suis
958 729 1150 778 testamento
1163 712 1266 776 factri-

193 839 292 887 tatem
310 822 557 911 permittebant,
576 843 674 909 quem
691 819 826 904 vellent,
841 835 984 884 tutorem
1002 817 1157 907 eligendi,
1173 817 1216 881 ita
1227 833 1266 882 ut

192 929 234 1007 is,
261 928 390 991 illarum
420 926 555 990 arbitrio
586 925 806 1005 constitutus,
830 946 978 987 severum
998 923 1095 1011 haud,
1115 921 1266 988 indueret

193 1035 387 1115 «Catonem,
407 1031 579 1096 Tutorisve
596 1031 823 1120 supercilium,
843 1029 990 1117 patruino
1009 1029 1148 1118 rigorem
1160 1059 1183 1094 ν.

235 1211 333 1274 Senes
355 1209 403 1273 od
421 1212 630 1298 coemptiones
641 1207 828 1298 faciendos.
848 1207 881 1270 Si
899 1229 937 1270 ex
960 1203 1051 1270 omni
1073 1207 1265 1296 antiquitate

192 1316 320 1380 nullum
343 1338 413 1380 esse
435 1317 545 1380 locum
565 1315 696 1396 dixero,
721 1315 779 1402 qui
800 1328 850 1378 tot
874 1313 1101 1378 controversiis
1128 1314 1267 1378 occasio·

193 1445 268 1485 nem
281 1420 422 1504 dederit,
436 1445 533 1510 quam
548 1423 602 1486 hic
615 1422 713 1485 Tullii
722 1421 915 1486 exoratione
925 1443 986 1508 pro
998 1421 1155 1502 Murena,
1167 1421 1264 1502 nihil,

193 1526 284 1615 quod
300 1552 318 1592 a
334 1530 466 1592 veritate
480 1529 622 1594 alienum
636 1530 696 1610 sit,
711 1527 929 1592 affirmaturos
947 1528 1027 1591 mihi
1043 1526 1165 1594 videor.
1183 1528 1266 1592 Prae-

193 1650 243 1698 ter
259 1650 379 1699 ceteras
402 1635 507 1713 enim,
527 1657 607 1722 quas
625 1651 683 1699 aut
701 1635 895 1716 examinavi,
909 1650 966 1698 aut
978 1632 1131 1716 indicavi,
1149 1657 1188 1698 ex
1201 1634 1265 1699 hoc

193 1742 267 1806 loco
285 1759 375 1805 natas
400 1742 655 1822 controversias,
676 1742 815 1805 maxima
835 1739 875 1805 de
893 1741 954 1806 ltac
976 1763 1142 1805 sacrorum
1159 1762 1265 1804 coem-

194 1847 305 1934 ptione
323 1847 408 1910 inter
417 1869 564 1910 summos
580 1847 666 1911 viros
680 1863 751 1911 orta
763 1847 802 1909 lis
815 1862 878 1927 est,
890 1868 1032 1934 quorum
1046 1847 1216 1934 opiniones
1230 1863 1263 1910 et

193 1970 383 2040 argumenta
399 1975 566 2016 recensere
579 1952 697 2042 integri
718 1953 825 2041 operis
841 1975 891 2016 res
908 1953 1001 2016 foret.
1020 1952 1121 2016 Primi
1140 1952 1263 2017 ordinis
1368 1975 1370 1982 ·

193 2056 334 2139 eruditi,
361 2057 419 2144 qui
447 2055 611 2120 difficilem
646 2057 732 2120 hanc
766 2072 947 2120 tractarunt
975 2058 1158 2144 materiam,
1187 2076 1265 2123 sunt

193 2160 228 2224 P.
245 2161 431 2242 Manutius,
449 2161 637 2242 Salmasius,
656 2161 834 2225 Gutherius
852 2160 916 2249 (1),
934 2160 1120 2226 Gronovius
1142 2161 1208 2250 (a),
1232 2181 1265 2230 et

193 2267 251 2354 qui
267 2266 357 2329 hunc
373 2283 530 2354 sequutus
551 2282 600 2330 est
616 2266 762 2331 Graevius
778 2290 786 2330 :
804 2266 861 2331 sed
876 2290 918 2330 ne
930 2267 963 2330 in
979 2264 1112 2332 nimiam
1127 2269 1263 2352 molem,

192 2371 319 2460 singula
333 2371 550 2460 exquirendo,
570 2373 634 2436 hoc
650 2372 765 2437 tironis
777 2389 899 2437 crescat
915 2374 1093 2462 specimen,
1110 2375 1264 2464 simplici·

192 2493 259 2558 ter,
279 2475 358 2564 quid
374 2493 505 2564 putem,
523 2476 716 2566 profitebor,
735 2479 912 2565 presertim
931 2480 1086 2566 quoniam
1104 2497 1176 2568 post
1189 2482 1263 2546 dili-

192 2599 323 2673 gentem
338 2604 549 2672 sagacemque
564 2606 676 2646 curam
693 2583 740 2646 Cl.
758 2584 917 2648 Francisci
936 2584 1043 2649 Caroli
1060 2587 1201 2651 Conradi
1215 2588 1263 2676 (3)

155 2740 158 2747 .
192 2689 269 2753 novi
286 2689 346 2753 hac
360 2688 401 2754 de
418 2713 453 2754 re
470 2689 560 2777 quod
576 2689 710 2754 afferam
722 2689 828 2753 habeo
843 2690 942 2770 nihil,
958 2714 1133 2779 veramque
1151 2693 1263 2759 lauda-

191 2795 307 2859 tissimi
325 2795 424 2875 hujus
445 2795 505 2857 viri
523 2794 716 2858 sententiam
735 2815 803 2856 esse
825 2795 988 2876 existim0,
1006 2818 1109 2883 quum
1131 2798 1174 2860 ait
1191 2797 1261 2887 (4):

191 2933 204 2958 ι
213 2903 257 2964 Ut
269 2903 395 2988 itaque,
412 2901 519 2964 'missis
536 2901 674 2967 aliorum
688 2899 904 2982 conjecturis,
919 2901 1124 2966 verisimilem
1138 2904 1184 2968 rei
1197 2921 1262 2970 tam

191 3007 339 3070 obscurae
358 3007 605 3094 explicationem
627 3027 853 3092 assequamur,
878 3003 1061 3089 rideamus,
1078 3008 1159 3095 quid
1178 3011 1263 3075 JCtis

191 3111 354 3202 agendum
376 3112 490 3193 fuerit,
513 3127 567 3192 ut,
591 3110 678 3175 salvo
700 3110 774 3191 jure
795 3109 982 3198 pontificio,
1005 3112 1092 3177 bona
1115 3113 1261 3180 defuncti

226 3330 265 3398 (1)
278 3329 315 3379 De
324 3334 341 3380 J
343 3348 384 3379 ure
393 3332 484 3380 Pontii.
494 3332 538 3382 lib.
546 3335 588 3394 ΙΙ,
607 3350 660 3398 esp.
671 3335 688 3383 6
700 3332 773 3397 (tom.
780 3336 804 3380 V
814 3333 888 3384 Thes.
902 3336 988 3400 Antiq.
997 3336 1083 3404 Rom.)

229 3447 267 3513 (a)
286 3448 324 3495 De
335 3447 441 3495 Pecunia
451 3448 508 3494 Vct.
520 3447 563 3504 tib,
576 3451 621 3508 tv,
632 3463 686 3512 cap.
699 3465 723 3508 7,
736 3463 792 3512 pag.
803 3449 861 3496 too.

225 3559 263 3625 (3)
282 3564 312 3609 lu
323 3561 501 3610 Dissertatione
521 3561 552 3609 de
571 3562 774 3626 coemptionibus
792 3578 918 3610 sacrorum
940 3565 1159 3616 interimendorum
1179 3586 1260 3620 mussa

190 3649 275 3706 factis,
288 3665 342 3713 quae
352 3661 430 3698 exstat
441 3651 466 3698 in
481 3661 549 3698 torno
567 3653 591 3699 11
611 3652 788 3714 Parergorum,
801 3650 828 3698 in
844 3651 934 3715 quibus
951 3653 1108 3716 antiquitates
1120 3666 1145 3703 et
1162 3656 1263 3708 historia

186 3740 251 3800 juris
264 3738 426 3789 illustrantur.

226 3849 263 3916 (l)
278 3853 308 3898 D.
319 3852 335 3901 l.
346 3851 360 3916 §
370 3853 398 3911 5,
407 3868 464 3917 pag.
480 3853 538 3908 154.
549 3854 648 3918 Optime
657 3853 738 3912 idem,
752 3852 767 3917 S
780 3869 813 3916 9,
827 3868 882 3917 pag.
896 3854 955 3916 161,
966 3854 1124 3918 observavit,
1137 3864 1225 3910 summi
1235 3864 1261 3912 iu

190 3951 242 3987 arte
251 3940 334 3987 critica
353 3941 400 3986 viri
419 3943 444 3988 J.
463 3945 489 3989 F.
505 3943 626 3990 Gronorii
638 3943 781 3989 sententiam
793 3956 902 4006 pugnare
918 3957 973 3989 cum
987 3944 1099 4009 principe
1110 3947 1173 4007 juris
1183 3954 1263 4001 nostri

191 4027 291 4090 regula,
314 4047 325 4070 ι
337 4029 380 4092 qui
394 4029 469 4076 hares
483 4040 528 4090 est,
542 4029 619 4080 heres
632 4041 715 4080 manet
724 4053 747 4080 n.
760 4031 790 4082 1..
802 4048 827 4094 7,
835 4028 851 4094 S
863 4045 907 4088 to,
920 4029 948 4080 iu
965 4031 983 4080 l.
994 4049 1022 4081 π.
1032 4032 1063 4083 dc
1081 4037 1174 4090 Minor.
1186 4039 1204 4087 l.
1215 4043 1262 4102 tt,

190 4116 217 4164 in
226 4116 244 4163 f.
257 4133 286 4167 π.
302 4117 333 4166 de
343 4117 402 4166 haer.
415 4117 472 4167 inst.
