2988 4668
351 385 442 456 PRO
467 385 834 454 JURECONSULTIS
859 387 1077 459 ROMANIS.
1133 407 1137 420 ·
1183 388 1256 486 609

222 511 456 574 Verumtamen
483 529 552 570 non
575 521 643 586 est,
663 506 753 596 quod
770 506 855 572 dicat
874 509 982 598 Ampl.
1004 509 1269 598 Bynhershoels,¹

179 617 324 681 Tullium
341 614 387 702 (1)
415 613 584 700 «profecto
600 613 715 676 JCtum
738 636 807 678 esse
834 614 884 678 vel
904 615 1017 678 haberi
1042 616 1201 700 noluisse,
1229 622 1256 684 si

180 725 270 786 hunc
286 724 415 810 ipsum,
444 720 518 783 satis
542 720 687 807 alioquin
703 719 836 808 plenum
858 723 924 806 sui,
945 721 1184 811 interrogemus
1207 741 1255 790 te·

179 845 261 892 stem
272 852 302 892 u:
317 850 417 915 capax
433 848 574 913 namque
592 825 761 914 ingenium
780 827 891 890 omnia
906 825 1013 890 studia
1029 829 1214 917 complecti,
1223 848 1257 895 et

181 957 248 998 uno
265 934 357 1022 quasi
372 934 503 997 vinculo
521 932 673 1019 copulare
695 933 818 996 avebat.
838 934 1062 1021 Eloquentiae,
1080 932 1256 1019 doctrinae,

185 1058 217 1103 et
239 1041 383 1128 poetices
400 1037 530 1102 laudem
546 1055 787 1127 consequutus,
804 1040 973 1103 historiam
996 1063 1062 1104 suae
1075 1041 1120 1128 (a)
1147 1043 1257 1129 patriae

184 1163 356 1211 contexere
370 1146 404 1208 in
418 1147 566 1209 animum
584 1143 728 1226 induxit,
742 1162 788 1228 et,
806 1168 848 1210 ne
864 1145 944 1234 quid
961 1147 1168 1210 scientiarum
1185 1149 1259 1212 orbi

184 1251 327 1336 deesset,
349 1253 563 1341 geographica
579 1250 642 1338 (3),
674 1251 840 1316 dialectica
857 1251 924 1339 (d),
953 1268 986 1316 et
1008 1250 1050 1317 de
1074 1276 1166 1317 sacro
1182 1255 1257 1334 jure

184 1358 456 1422 commentarium
473 1355 538 1444 (5),
562 1356 702 1420 scribere
728 1357 879 1420 instituit.
900 1358 1013 1421 Unum
1040 1359 1182 1423 restabat
1203 1359 1258 1439 jus

184 1464 285 1528 civile.
303 1464 395 1528 Illam
414 1463 476 1527 sibi
492 1464 614 1550 pariter
630 1462 768 1552 gloriam
785 1461 970 1526 vindicandi
995 1465 1181 1529 vehementi
1205 1465 1261 1530 de·

184 1567 303 1633 siderio
325 1567 478 1659 flagrabat
503 1569 633 1651 Cicero,
658 1583 704 1651 et,
729 1569 757 1632 si
772 1568 858 1631 bene
873 1569 1114 1650 Quintilianum
1132 1569 1179 1658 (6)
1206 1572 1259 1634 in·

184 1675 379 1765 telligamus,
398 1674 516 1739 dehac
536 1697 670 1762 quoque
692 1690 761 1737 arte
778 1675 898 1738 librum
922 1674 1098 1740 inchoavit.
1115 1675 1257 1760 Verum,

184 1804 288 1868 quum
304 1781 401 1861 varii,
421 1781 488 1844 sive
504 1779 651 1869 publici,
674 1780 740 1844 sive
759 1779 891 1866 privati,
905 1779 1049 1863 labores,
1066 1782 1142 1846 satis
1164 1782 1206 1846 ad
1224 1783 1258 1848 id

183 1887 242 1949 otii
264 1887 319 1949 vix
339 1884 582 1968 concederent,
610 1907 662 1948 res
684 1885 770 1948 intra
794 1887 1002 1973 propositum
1033 1887 1131 1952 stetit.
1153 1917 1166 1944 «
1186 1889 1257 1978 Ego

184 1993 284 2056 aetatis
299 1992 347 2081 (7)
373 1992 533 2056 vacationi
552 1989 777 2073 confidebam,
797 2013 901 2078 quum
920 1993 1098 2078 praesertim
1124 2016 1191 2058 non
1211 2018 1257 2060 re·

183 2121 347 2182 cusarem,
369 2121 436 2186 quo
456 2099 566 2162 minus
586 2120 678 2161 more
699 2097 824 2187 patrio,
852 2097 968 2162 sedens
993 2098 1027 2161 in
1053 2099 1156 2183 solio,
1177 2123 1258 2165 con·

182 2205 364 2270 sulentibus
390 2203 643 2299 responderem,
668 2203 910 2291 senectutisque
938 2226 1005 2268 non
1029 2203 1140 2269 inertis
1166 2221 1256 2294 grato

217 2399 255 2465 (1)
272 2403 365 2467 Opuec.
381 2417 437 2465 pag.
451 2402 494 2449 85.

217 2496 256 2563 (2)
274 2501 311 2547 De
325 2501 400 2562 Legg.
417 2497 461 2547 lib.
475 2501 500 2557 1,
515 2513 570 2562 cap.
584 2511 615 2558 23
631 2497 695 2546 Plnt.
705 2513 761 2561 pag.
772 2499 835 2557 881,
845 2497 878 2546 1).
891 2499 968 2562 junge
979 2497 1012 2545 etl
1028 2500 1080 2547 Att.
1096 2499 1142 2548 lib.
1157 2501 1196 2563 11,
1212 2517 1251 2566 ep.

182 2591 197 2636 8
208 2601 216 2646 3
226 2587 270 2636 lib.
280 2565 353 2648 XVI,
367 2603 406 2651 ep.
421 2585 462 2635 13.

215 2682 253 2750 (3)
266 2683 393 2733 statue.
404 2681 448 2730 lib.
462 2685 503 2741 11,
520 2682 591 2746 epist.
605 2685 631 2741 4.

214 2781 252 2848 (t)
265 2782 352 2848 Topic.
364 2796 418 2845 cap.
431 2795 457 2827 a.

215 2879 255 2946 (5)
266 2881 304 2927 De
320 2877 436 2940 Auguriis
451 2873 557 2935 scilieet,
575 2875 646 2934 cuiue
659 2871 715 2920 libri
735 2872 837 2936 paucula
859 2872 932 2920 verba
945 2885 1075 2937 supersunt
1085 2876 1153 2940 apud
1168 2877 1253 2926 Chari-

181 2971 258 3028 sinm;
271 2966 328 3014 vide
337 2967 433 3028 Fragm.
443 2964 521 3013 Cicer.
534 2977 591 3026 pag.
607 2964 687 3021 1411,
701 2959 760 3009 edit.
774 2960 884 3008 Gronov.
898 2963 978 3009 Antea
992 2977 1018 3010 se
1031 2962 1122 3025 iniere
1132 2981 1251 3030 angurum

179 3053 314 3103 scrutando
324 3052 423 3101 minim
436 3051 562 3099 curiosum
575 3050 649 3098 luisse
659 3048 767 3112 dixeram
778 3063 825 3114 pro
834 3050 926 3109 Domo,
938 3065 994 3114 cap.
1007 3051 1049 3100 15.
1060 3054 1142 3117 Junge
1151 3055 1184 3103 ad
1193 3057 1250 3104 niv,

178 3143 221 3190 lib.
235 3145 291 3202 111,
305 3159 346 3207 ep.
363 3157 379 3205 9
394 3152 419 3189 et
430 3155 459 3189 11
468 3156 476 3200 ;
486 3137 580 3188 Schult.
593 3138 626 3185 de
638 3138 744 3202 Jurispr.
758 3138 809 3186 Cic.
822 3153 878 3202 pag.
893 3139 953 3185 166.

135 3217 139 3223 ¹
213 3238 253 3305 (6)
267 3238 321 3288 Lib.
335 3241 398 3296 tul,
413 3253 467 3301 cap.
480 3237 514 3294 8,
530 3251 588 3300 pag.
602 3235 684 3294 1067:
698 3254 709 3277 ι
724 3235 762 3282 Μ.
775 3233 872 3283 Tullius
885 3249 937 3282 uon
951 3233 1027 3282 modo
1043 3236 1108 3285 iuter
1124 3239 1247 3303 agendum

177 3343 311 3391 numquam
320 3337 357 3373 eat
370 3323 500 3372 destitutus
510 3321 609 3370 scientia
617 3319 739 3390 juria,sed
750 3321 824 3369 etiam
836 3337 983 3386 componere
995 3322 1075 3388 aliqu
1086 3325 1116 3373 tle
1126 3343 1155 3375 eo
1169 3343 1250 3394 coepe·

178 3426 247 3463 rat».
262 3411 392 3462 Turnebus
405 3412 452 3459 ista
466 3410 497 3459 de
515 3408 584 3457 libris
597 3407 628 3456 de
641 3407 745 3472 iegibus
758 3419 783 3455 et
795 3407 825 3455 de
837 3409 900 3473 Rep.
915 3409 1090 3473 interpretatur
1102 3411 1145 3476 (ad
1159 3415 1248 3477 Quint.

177 3503 204 3552 d.
219 3501 248 3567 1.)
265 3515 290 3551 et
303 3511 406 3550 testatur
422 3500 458 3563 (in
478 3497 528 3546 fine
552 3497 689 3561 ergumenti
706 3495 825 3545 librorum
844 3497 874 3544 de
899 3497 1015 3563 iegibus)
1037 3500 1132 3563 priores
1153 3501 1200 3552 hoe
1221 3506 1249 3552 iu

176 3592 263 3640 codice
277 3592 322 3638 MS
338 3589 468 3653 inscriptos
480 3587 565 3647 fuisse,
578 3607 591 3627 u
600 3586 636 3633 M.
647 3583 723 3632 'Pullii
736 3584 862 3634 Ciceronis
875 3583 937 3632 liber
958 3586 987 3633 de
998 3586 1054 3646 jure
1064 3586 1131 3634 civili
1148 3599 1172 3636 et
1189 3590 1249 3656 legi-

176 3680 223 3728 bue
232 3694 255 3740 υ,
269 3679 312 3727 sed
325 3679 414 3728 rectim
428 3672 540 3741 (ibidem)
554 3674 602 3734 ait,
616 3672 795 3742 Quinpilisnum
805 3671 888 3737 potius
900 3673 1002 3720 sensisse
1019 3673 1049 3720 de
1067 3673 1131 3724 libro
1145 3677 1175 3725 de
1192 3680 1247 3739 jure

175 3769 243 3816 civili
256 3767 282 3814 in
293 3777 369 3814 artem
383 3763 533 3829 redigendo,
556 3777 628 3826 quem
645 3771 731 3809 testem
745 3759 846 3808 adducit
860 3759 923 3808 Geli.
936 3759 979 3807 lib.
995 3763 1025 3824 1,
1046 3777 1103 3827 cap.
1118 3779 1149 3811 aa
1164 3780 1170 3814 :
1190 3783 1246 3817 nem

172 3857 214 3918 jus
224 3855 294 3903 civile
305 3853 418 3902 noudum
431 3854 458 3900 in
474 3851 588 3899 onlinem
604 3849 678 3898 fuisse
698 3849 822 3899 redactum
841 3849 929 3913 sepius
943 3848 1054 3913 queritur
1066 3849 1169 3902 Tullius.
1183 3855 1246 3905 Vide

176 3944 271 3992 Schult.
285 3957 343 4008 pag.
358 3957 425 4004 ²793
437 3938 576 4005 Byukersh.
591 3953 646 4004 pag.
669 3939 716 4000 883
728 3937 862 3987 Bacchium
883 3937 1012 3986 11111111.
1029 3936 1073 3986 lib.
1084 3941 1126 4000 11,
1144 3955 1201 4006 cup.
1215 3959 1247 4006 a,

177 4042 238 4081 sect.
256 4040 286 4092 1,
298 4046 356 4095 pag.
368 4031 429 4087 118.

212 4127 252 4193 (7)
269 4129 306 4174 De
320 4127 393 4190 Legg.
407 4123 450 4170 lib.
465 4125 492 4183 1,
504 4139 557 4189 cap.
572 4123 598 4171 ³.

276 4215 334 4282 ΙΙΙ,
362 4227 473 4288 caper.
486 4221 594 4271 ..areae
1080 4205 1126 4302 39
