3020 4666
430 453 1066 676 excunsns''

326 761 625 846 GASPARIS
681 761 1029 844 GARATONII

371 937 420 983 sn
445 931 677 983 oonnnrrsnn
703 932 834 980 cetum
854 907 915 1000 53,
931 908 990 998 54.

541 1085 821 1118 ...ηομ-...-

182 1220 284 1305 Quod
295 1219 442 1285 Pithoeus
457 1218 499 1284 ad
510 1217 590 1284 coll.
607 1218 670 1282 LL.
688 1217 773 1282 Mos.
788 1217 824 1300 Ι,
837 1215 873 1299 3,
888 1218 1062 1284 verisimile
1071 1221 1116 1286 ait
1127 1219 1228 1304 esse,

141 1325 256 1413 judicia
274 1325 318 1390 de
338 1326 458 1391 sicariis
481 1339 514 1389 et
527 1322 690 1389 veneficiis
713 1345 754 1388 ex
769 1345 835 1388 una
850 1323 922 1413 lege
939 1325 1089 1392 Cornelia
1107 1325 1215 1392 diver·

144 1455 192 1497 sos
207 1431 338 1512 judices
359 1447 579 1521 praetoresque
597 1429 767 1511 habuisse,
781 1427 816 1494 id
832 1450 910 1493 vero
929 1445 1055 1496 certum
1072 1447 1130 1496 est.
1149 1432 1215 1496 Pu·

144 1538 245 1602 tabam
264 1555 364 1602 antea
379 1555 454 1601 cum
470 1535 603 1616 Cujaoio
620 1533 662 1600 ad
672 1533 736 1625 leg.
754 1557 794 1616 2,
809 1544 825 1612 s
841 1533 900 1615 32,
917 1537 956 1600 D.
972 1534 1013 1601 de
1029 1537 1117 1603 Orat.
1135 1538 1217 1604 Inst.

144 1661 311 1734 praetorem
331 1645 417 1708 inter
429 1642 558 1708 sicarios
572 1663 640 1705 non
656 1639 757 1706 modo
770 1639 810 1705 de
824 1640 1002 1730 parricidiis
1019 1643 1218 1730 quaesivisse,

142 1747 230 1836 ,quod
246 1748 393 1812 breviter
408 1745 626 1812 demonstrari
644 1743 686 1810 ad
700 1767 768 1834 arg.
784 1767 845 1834 pro
858 1747 968 1810 Amen.
982 1746 1145 1836 latiusque
1162 1772 1218 1814 os-

145 1853 243 1919 tendit
251 1852 419 1919 Ferrutius
430 1853 522 1943 epist
533 1852 564 1932 I,
577 1848 631 1933 15,
641 1873 755 1928 verum
765 1851 861 1915 etiam
872 1849 913 1916 de
921 1851 1099 1935 veneficiis3
1110 1877 1217 1920 unum

147 1961 238 2025 fuisse
248 1959 423 2024 hominem
438 1956 665 2041 Q.Voconium
677 1955 857 2037 Nasonem,
870 1957 1057 2046 quaestionis
1074 1959 1218 2041 judicem

147 2064 183 2130 ab
197 2088 236 2130 eo
248 2081 409 2155 praetore,
427 2065 481 2129 cui
496 2063 619 2153 privata
637 2062 684 2126 ris
699 2062 884 2146 obvenerit,
899 2064 1114 2129 constitutum
1131 2090 1140 2132 ε
1159 2089 1216 2132 ve-

147 2172 202 2237 teri
212 2189 325 2238 autem
339 2171 395 2235 illo
408 2171 442 2234 in
454 2171 552 2252 hujus
563 2169 734 2258 Oppianici
746 2185 872 2259 patrem
880 2170 1004 2252 judicio
1016 2173 1052 2237 C.
1064 2174 1218 2258 tunium,

148 2293 278 2366 pretore
289 2278 380 2342 inter
390 2263 524 2341 sicarios
535 2274 722 2356 deficiente,
735 2275 888 2342 omnihus
900 2275 970 2357 ejus
981 2279 1217 2366 questionibus

148 2382 319 2470 prefuisse,
328 2403 432 2469 quum
440 2381 634 2470 quaestiones
642 2429 651 2458 ,
659 2379 710 2445 his
722 2374 819 2445 etiam
830 2380 1029 2461 conjunctis,
1039 2399 1217 2471 praetorum

150 2509 320 2555 numerum
347 2503 567 2576 superarent:
594 2509 667 2574 quae
694 2485 761 2552 duo
788 2504 881 2552 erant
904 2510 944 2554 ex
969 2489 1140 2570 Cujaciana
1163 2491 1216 2556 illa

150 2595 304 2682 opinione,
312 2593 556 2681 consequentia.
567 2593 666 2658 Nunc
676 2615 772 2676 vero,
784 2610 822 2659 ut
833 2595 925 2659 aliter
932 2595 1086 2677 sentiam,
1097 2619 1164 2661 non
1179 2620 1217 2663 ea

151 2703 266 2768 ratione
284 2699 444 2780 adducor,
461 2696 552 2788 quod
568 2721 633 2762 una
654 2699 724 2788 lege
744 2700 939 2788 quaestiones
961 2699 1042 2766 duas
1057 2703 1116 2768 uni
1132 2723 1215 2791 prae-
1260 2767 1265 2779 ,

152 2808 208 2872 tori
217 2806 406 2872 demandari
417 2828 512 2895 posse
525 2827 594 2869 non
609 2821 739 2893 putem;
757 2829 860 2894 quum
875 2829 916 2871 ne
929 2806 980 2870 his
988 2805 1123 2894 quidem
1129 2830 1218 2898 sepa·

152 2913 237 2996 ratis,
250 2913 445 3002 diversoque
453 2911 618 3000 quaesitori
627 2910 751 2976 traditis
759 2959 768 2994 ,
777 2911 914 2976 vitariea
925 2933 974 2976 res
986 2912 1089 3000 possit
1099 2935 1107 2977 :
1117 2913 1216 2978 habet

153 3019 232 3083 enim
243 3013 449 3100 ueneficium,
463 3039 503 3081 ex
522 3039 591 3106 cap.
612 3014 672 3099 54,
688 3014 874 3096 adjunctam
890 3017 1103 3104 quaestionem
1117 3017 1216 3108 longe

154 3119 302 3190 diversam
320 3123 360 3188 de
371 3122 495 3204 judicio
511 3137 678 3211 corrupto.
694 3121 810 3210 Neque
829 3122 906 3187 item
922 3122 961 3187 iis
976 3145 1120 3206 moveor,
1142 3147 1215 3212 quae

154 3227 173 3291 Ι.
190 3253 216 3295 c.
231 3230 394 3296 Ferentino
411 3229 565 3317 opponit,
576 3227 730 3298 Tullium
748 3250 817 3316 cap.
838 3225 894 3314 59,
913 3228 1049 3292 crimina
1065 3229 1215 3318 quaedam

156 3333 288 3421 diluere,
305 3359 378 3426 quae
391 3335 457 3400 sint
470 3333 585 3420 judicii
602 3332 643 3398 de
660 3333 796 3415 sicariis,
815 3355 917 3422 eaque
932 3333 974 3398 ad
992 3335 1139 3402 veneficii
1157 3338 1213 3418 ju·

156 3439 283 3527 dicium,
306 3458 340 3506 et
356 3440 625 3506 Cluentianorum
641 3437 791 3519 judicum
804 3440 1034 3521 jusjurandum
1054 3465 1122 3509 non
1138 3466 1214 3532 per·

156 3545 265 3632 tinere,
279 3548 321 3612 ab
338 3546 447 3610 Tullio
458 3545 545 3634 ipso,
560 3568 629 3634 cap.
647 3546 708 3628 60,
723 3545 903 3636 significari.
920 3547 1020 3630 Nam,
1038 3564 1077 3612 ut
1088 3549 1214 3613 mittam

157 3672 191 3714 ea
205 3654 331 3744 proprie
349 3652 540 3734 injuriarum
555 3650 670 3717 delicta
684 3675 771 3734 esse,
786 3677 899 3742 genera
912 3659 976 3744 {nso
991 3656 1086 3737 leat'ca,
1100 3653 1214 3720 eadem

157 3778 220 3844 cap.
241 3782 253 3824 1
273 3774 307 3824 et
325 3758 388 3840 60,
412 3755 453 3821 de
476 3757 611 3821 crimine
632 3756 747 3837 judicii
766 3759 911 3847 corrupti
934 3756 1099 3841 dicuntur,
1125 3758 1217 3847 quod

158 3877 255 3928 tamen
273 3861 420 3944 ejusdem
431 3861 511 3952 legis
528 3877 611 3944 erat,
623 3879 656 3927 et
664 3861 814 3941 judicum
831 3861 1033 3928 eorumdem.
1044 3862 1216 3932 Postremo

158 3967 239 4053 quod
260 3957 351 4034 facile
369 3989 501 4032 omnem
520 3965 757 4034 dubitationem
780 3967 940 4050 auferret,
958 3966 994 4031 id
1010 3983 1120 4033 tutum
1140 3973 1216 4037 satis

159 4093 220 4138 esse
234 4097 299 4140 non
322 4073 473 4156 arbitror,
493 4072 534 4155 Q.
558 4071 722 4138 Nasonem
745 4087 916 4162 praetorem
935 4073 1081 4141 veneficii
1106 4077 1217 4144 finisse.

248 4183 307 4251 111.
335 4191 573 4266 caeparsaecuado„
1051 4181 1091 4252 13
