3018 4664
233 341 303 430 342
502 433 504 438 ¹
563 341 961 416 insumentum

272 468 457 546 legemque
473 485 527 545 per
545 467 606 524 vim
624 477 655 524 et
671 471 743 525 Jove
763 477 881 525 tonante
900 479 1008 545 praeter
1028 486 1140 526 morem
1160 461 1303 549 majorum

272 565 330 625 lata
345 565 391 622 sit.
406 565 459 623 His
473 562 558 622 dictis
576 563 688 624 Marius
703 563 810 641 surgit,
831 576 862 622 et
880 563 917 624 ad
940 563 1031 622 aedem
1051 566 1170 624 Saturni
1188 568 1301 645 pergit,

271 661 371 741 ibique
378 659 489 739 primus
500 661 563 739 ipse
575 677 640 718 cum
651 659 749 720 amicis
757 660 949 739 jurejurando
959 681 990 720 se
999 661 1118 740 obligat.
1126 662 1206 722 Idem
1214 666 1303 723 ceteri

271 779 372 818 omnes
386 769 535 816 senatores
549 757 665 820 iaciunt.
680 756 764 817 Solus
778 758 914 817 Metellus
929 758 960 816 in
976 759 1067 836 legem
1078 758 1180 836 jurare
1191 761 1302 834 noluit,

271 875 305 916 ac
320 866 477 934 propterea
492 853 654 912 exsulatum
676 851 757 914 abire
776 867 894 913 coactus
911 867 964 914 est.
984 855 1157 916 Samminus
1175 875 1247 915 vero
1269 871 1303 916 ut

271 952 390 1011 tertium
407 948 542 1008 tribunus
561 943 653 1027 plebis
669 962 820 1008 crearetur
834 947 946 1024 eliecit,
967 951 1111 1029 simulque
1129 953 1255 1025 curavit,
1269 966 1303 1012 ut

269 1055 306 1111 L.
321 1049 470 1128 Equitium
484 1049 669 1120 Firmanum,
681 1061 774 1126 quem*
782 1049 906 1107 Gracchi
919 1049 1009 1108 lilium
1022 1069 1085 1109 esse
1100 1049 1302 1126 mentiebatur,

269 1147 418 1206 bominem
436 1143 605 1204 libertinum
624 1144 765 1223 collegam
782 1145 1007 1205 nancisceretur.
1025 1151 1235 1220 Quum'autem
1250 1168 1300 1206 oo-

270 1244 351 1303 mitia
364 1239 529 1300 consularia
546 1239 734 1314 haberentur,
748 1241 894 1320 velletque
905 1242 1055 1302 Glauciam
1066 1255 1236 1321 praetorem,
1256 1263 1303 1302 se-

271 1341 416 1401 ditionum
430 1340 559 1413 socium,
577 1339 726 1400 consulem
743 1342 852 1414 creari,
872 1346 905 1401 C.
920 1342 1106 1415 Memmium,
1128 1343 1303 1421 competito-

270 1461 353 1513 rem,
368 1459 455 1516 quem
467 1443 509 1496 Μ.
520 1439 665 1498 Antonius
679 1459 737 1498 eos.
749 1439 809 1498 des.
823 1439 962 1519 collegam
972 1439 1126 1515 habiturus
1139 1439 1303 1513 videbatur,

271 1534 505 1597 interficiendum
519 1536 649 1606 cur'avit;
670 1554 704 1594 ac
718 1549 860 1615 praeterea
874 1556 940 1596 cum
954 1537 1079 1597 factione
1093 1557 1145 1598 sua
1158 1538 1214 1598 alia
1229 1555 1302 1596 con-

272 1633 335 1692 silia
353 1633 433 1705 iniit,
452 1649 517 1710 quas
534 1631 572 1690 ad
587 1625 743 1690 seditiones
759 1633 789 1690 in
804 1632 879 1692 urbe
895 1633 1013 1694 ciendas
1032 1633 1210 1713 spectabant.
1227 1637 1303 1694 Turn

272 1733 349 1790 scto
367 1731 461 1802 lacto,
482 1729 615 1788 viderent
637 1732 770 1790 consulas
790 1749 829 1790 ne
854 1730 924 1810 quid
949 1731 1116 1811 respublica
1138 1730 1303 1792 detrimenti

271 1817 407 1906 caperet,
420 1827 547 1898 Marius,
556 1827 688 1904 quamvis
702 1827 827 1900 invitus,
841 1829 904 1906 ipse
913 1830 1080 1889 convocatis
1089 1828 1126 1888 ad
1136 1849 1215 1888 arma
1226 1829 1304 1906 opti-

272 1923 399 1984 matibus
422 1923 459 1983 ad
479 1941 546 1982 eum
566 1924 792 2004 opprimendum
813 1925 916 1986 ducem
935 1947 966 1986 se
983 1927 1118 2006 praebuit.
1131 1927 1304 1988 Saturninus

273 2042 339 2082 cum
362 2022 502 2096 Glaucia,
523 2023 643 2082 Saufeio
663 2037 693 2082 et
715 2029 751 2100 Q.
774 2024 907 2084 La'bieno
926 2026 992 2084 loru
1010 2025 1111 2105 pulsus
1127 2025 1304 2104 Capitolium

273 2123 437 2201 occupavit.
451 2121 511 2181 Ubi
525 2119 637 2180 obsessi
651 2121 707 2180 lide
718 2137 836 2202 accepta
851 2145 881 2183 se
895 2124 1008 2183 consuli
1021 2123 1206 2182 dediderunt.
1222 2125 1250 2181 Is
1265 2121 1304 2180 ab

272 2220 384 2279 irritata
406 2218 494 2298 plebe
515 2237 565 2277 eos
586 2217 760 2279 defensurus
783 2222 812 2279 in
834 2222 915 2282 curia
937 2221 1068 2294 inclusit,
1093 2221 1176 2299 quasi
1198 2237 1247 2278 eos
1266 2219 1303 2277 ad

271 2318 433 2398 legitimum
455 2316 630 2395 supplicium
652 2337 769 2375 servare
790 2319 886 2377 vellet.
904 2317 989 2378 Plebs
1005 2337 1074 2402 pero
1089 2319 1168 2376 hunc
1182 2329 1304 2396 praetex-

272 2429 335 2474 tum
350 2427 379 2474 et
393 2403 606 2472 simulationem
622 2433 684 2472 esse
698 2427 778 2486 rata,
799 2427 906 2473 tectum
921 2416 1008 2474 ouriae
1023 2416 1162 2489 revulsit,
1182 2425 1212 2472 et
1224 2419 1304 2492 Apu·

272 2513 361 2573 leium
382 2513 588 2585 Saturninum,
609 2532 675 2570 cum
695 2511 830 2571 omnibus
847 2514 922 2586 suis,
941 2533 1015 2591 quos
1038 2515 1116 2573 inter
1140 2526 1202 2572 erat
1217 2513 1304 2570 etiam

272 2615 309 2685 Q.
317 2609 473 2684 Labienus,
483 2609 585 2688 tegulis
595 2609 707 2687 injectis
718 2609 873 2668 interemit.
884 2609 954 2686 Ejus
962 2611 1051 2689 igitur
1064 2631 1100 2670 ex
1113 2611 1202 2702 fratre
1213 2629 1307 2688 nepos

273 2713 308 2768 T.
321 2708 418 2766 Attius
435 2705 582 2768 Labienus
599 2727 691 2766 xxxva
710 2707 791 2766 annis
807 2718 874 2786 post
888 2711 921 2766 C.
931 2706 1084 2768 Rabirium
1096 2707 1307 2786 perduellionis

271 2824 355 2863 reum
372 2804 456 2876 lecit,
470 2805 659 2865 Saturninum
670 2802 738 2862 trib.
748 2804 788 2882 pl.
799 2817 1012 2862 sacrosanctum
1026 2801 1063 2862 ab
1075 2823 1111 2862 ec
1122 2804 1305 2862 interfectum

272 2921 334 2961 esse
349 2901 519 2960 criminatus
530 2920 608 2960 atino
622 2905 660 2966 U.
676 2905 708 2960 C.
721 2901 794 2976 690,
808 2883 949 2960 Cicerone
964 2913 994 2958 et
1009 2892 1141 2960 Antonio
1151 2919 1223 2960 coss.

310 3001 433 3060 Senatus
445 3011 542 3057 autem
554 2997 711 3056 auctoritas
723 2997 772 3056 illa
783 2999 966 3056 accusatione
980 3003 1039 3055 noir
1057 2999 1160 3057 leviter
1170 2996 1307 3056 tentaba-

271 3111 336 3170 tur,
352 3098 433 3176 quod
454 3097 491 3156 de
505 3098 567 3175 ejus
585 3097 736 3167 consulto,
761 3115 820 3173 quo
839 3097 943 3154 armati
965 3095 1097 3156 eonsules
1119 3096 1305 3158 Saturninum

270 3196 493 3267 interfecerant,
505 3194 648 3274 judicium
661 3195 725 3253 fieri
738 3193 955 3253 videmusne
965 3193 1102 3254 Rabirius
1115 3192 1232 3273 quidem
1247 3213 1306 3251 eae-

271 3291 338 3351 dem
354 3313 384 3350 se
398 3293 499 3352 iecisse
513 3291 712 3371 pernegabat3
735 3305 764 3348 et
782 3293 965 3350 interfectum
980 3293 1166 3350 Saturninum
1189 3311 1205 3349 a
1220 3309 1306 3348 servo

271 3387 490 3447 demonstrabat
512 3388 646 3447 libertate
667 3401 769 3466 postea
785 3387 910 3462 donato3
931 3409 1033 3446 verum
1059 3387 1168 3446 tribuni
1193 3385 1307 3464 plebis,

271 3483 420 3544 adnitente
437 3485 562 3544 maxime
576 3485 654 3545 lulio
667 3490 793 3559 Caesare,
809 3486 859 3564 qui
874 3507 909 3544 ex
925 3499 1041 3544 senatus
1053 3483 1160 3544 invidia
1175 3503 1306 3543 crescere

272 3581 423 3655 studebat,
442 3583 522 3642 illam
539 3583 621 3642 lucro
636 3583 823 3662 apponebant
838 3583 1019 3642 occasionem
1032 3595 1064 3642 ut
1078 3581 1215 3641 senatorii
1227 3581 1306 3639 crdi-

269 3679 315 3739 nis
334 3678 553 3758 amplitudinem
571 3701 604 3738 ac
624 3680 794 3758 dignitatem
810 3680 1028 3753 convellerent,
1046 3678 1159 3757 sibique
1174 3679 1305 3737 omnium

269 3797 369 3835 rerum
386 3777 532 3837 licentiam
546 3779 762 3857 praemunirent
782 3783 826 3837 Ita
847 3777 924 3836 euim
942 3777 1071 3836 futurum
1093 3789 1175 3849 erat,
1198 3789 1247 3847 ut,
1270 3775 1305 3834 iis

269 3875 320 3952 qui
332 3887 432 3954 postea
447 3877 530 3936 novis
545 3876 633 3936 rebus
647 3875 811 3948 studerent,
826 3888 941 3935 senatus
957 3875 1074 3935 decreta
1088 3875 1118 3934 in
1130 3873 1305 3952 disquisitio

268 3989 334 4028 nem
350 3991 456 4031 vocare
470 3974 578 4032 liceret.
590 3979 667 4052 Ergo
679 3994 770 4052 quum
784 3986 899 4032 senatus
916 3971 944 4030 id
962 3973 1083 4052 indigne
1101 3971 1213 4032 ferebat
1221 4015 1229 4044 ,
1243 3985 1304 4028 tum

270 4065 421 4126 innoxium
445 4069 591 4127 hominem
616 4084 646 4128 et
668 4081 752 4128 aetate
773 4082 944 4148 provectum
964 4087 1126 4147 paucorum
1149 4067 1304 4144 cupiditati
