3020 4666
217 328 287 409 sols
598 321 891 394 EXCURSUS.

214 449 270 538 qui
287 448 317 512 ei
337 469 376 510 ex
398 447 468 535 lege
483 458 570 509 sorte
586 443 795 530 obvenerint,
812 446 853 511 de
870 446 974 535 capite
992 446 1080 529 ejus,
1100 445 1178 535 qui,
1198 461 1259 513 etc.
1270 479 1283 504 ι

212 555 263 616 An
277 565 386 638 potest
402 570 471 612 esse
491 545 647 630 dubium,
664 548 743 635 quin
764 549 868 637 capite
880 549 958 638 legis
975 549 1090 636 quinto
1111 546 1211 636 (idem
1225 573 1281 613 ra·

212 658 275 738 let,
291 653 414 721 etiamsi
427 653 488 716 alia
499 649 549 716 lex
561 652 670 738 suerit)
689 653 742 716 illa
762 653 841 717 item
858 653 1058 718 haberentur
1073 652 1170 716 verba
1182 683 1195 708 ι
1205 675 1283 742 prae
1331 699 1333 705 -

212 778 281 845 tor,
296 760 435 842 judexre
450 757 659 846 quaestionis?
671 789 684 814 ν
704 759 824 823 Nonne
840 760 984 823 Tullium
1003 774 1111 847 patet,
1132 783 1204 847 quae
1225 783 1282 824 ne-

210 866 346 934 cessaria
357 886 423 928 non
434 863 993 946 emntomisisse?Naminveneficii
1001 865 1096 930 etiam
1104 865 1282 953 quaestione

210 975 263 1040 illa
279 987 347 1039 erat
361 993 516 1060 passuum
534 970 616 1034 circa
634 970 757 1035 Urbem
780 970 925 1035 definitio
940 971 1015 1036 satis
1027 987 1169 1054 vetusta,
1187 987 1224 1036 ut
1242 995 1282 1036 ex

211 1081 319 1163 Livio,
336 1079 384 1142 XI
396 1127 405 1160 ,
415 1080 478 1159 44,
493 1076 711 1165 cognoscitur.
722 1079 773 1142 An
787 1099 864 1141 vero
879 1077 937 1141 alia
950 1077 1097 1166 praetoris
1111 1077 1283 1142 omittendi

209 1187 290 1253 ratio
307 1207 376 1250 esse
394 1184 518 1272 potuit,
536 1205 634 1269 quam
647 1181 738 1270 quod
755 1183 811 1246 illo
821 1205 909 1247 anno
921 1183 1056 1271 quaestio
1069 1182 1109 1248 de
1120 1182 1282 1248 veneficiis

208 1317 276 1358 non
287 1290 435 1382 praetori,
445 1286 502 1353 sed
512 1287 614 1368 judici
624 1288 811 1375 quaestionis
822 1287 1012 1354 obvenerit?
1025 1289 1182 1377 Sequitur
1193 1310 1282 1378 ergo,

210 1401 252 1483 Q.
276 1400 439 1464 Nasonem
462 1392 609 1458 veneficii
629 1409 799 1482 praetorem
822 1415 889 1458 non
912 1395 1020 1459 fuisse.
1046 1397 1154 1482 Atque
1184 1411 1222 1459 ut
1244 1417 1283 1458 ex

208 1507 259 1570 his
278 1500 524 1568 difficultatibus
541 1522 602 1564 nos
619 1498 861 1589 expediremus,
877 1523 955 1564 sane
970 1498 1183 1565 commodum
1199 1515 1284 1566 esset

210 1611 410 1688 existimare,
434 1629 540 1672 unum
557 1606 598 1670 ab
624 1605 750 1690 Tullio,
770 1606 990 1694 eumdemque
1015 1624 1157 1695 utroque
1176 1607 1283 1671 nomi·

211 1717 280 1783 nari
298 1716 388 1798 loco,
404 1711 640 1796 Q.Voconium
657 1712 838 1794 Nasonem,
870 1735 1013 1802 eumque
1028 1713 1172 1794 judicem
1193 1737 1284 1802 quaa-

210 1822 323 1888 stionis
336 1819 481 1884 veneficii
498 1817 684 1906 quaestioni,
697 1841 769 1905 quae
781 1835 958 1906 praetorum
973 1819 1096 1884 nemini
1113 1819 1282 1908 obtigerit,

209 1928 385 2021 praefuisse.
403 1926 519 2013 Neque
539 1921 724 1988 mirandum
748 1940 814 2006 est,
835 1925 861 1988 si
882 1925 984 1988 homo
1007 1922 1111 2007 idem,
1132 1947 1203 2013 cap.
1222 1923 1281 2008 53,

111 2061 113 2069 ·
197 2039 252 2121 [Q.
267 2035 373 2117 Naso,
392 2049 424 2096 et
447 2055 516 2120 cap.
543 2029 602 2112 54,
620 2030 661 2111 Q.
682 2029 841 2094 Voconius
859 2029 1049 2120 appellatur,
1063 2054 1166 2119 quum
1184 2031 1282 2096 etiam

208 2145 244 2210 C.
265 2142 386 2208 Iulium
398 2141 553 2203 Caesarem
568 2137 696 2201 Tullius
709 2135 751 2200 de
766 2161 858 2226 pror.
877 2140 974 2226 Cous.
994 2138 1048 2219 16,
1064 2137 1206 2228 primum
1223 2161 1282 2228 ap·

208 2249 307 2340 pellet
327 2249 363 2311 C.
379 2245 519 2325 Iulium,
542 2243 652 2332 paullo
671 2258 780 2306 autem
805 2258 881 2331 post
901 2245 939 2308 C.
962 2243 1127 2310 Ccescrcm.
1149 2242 1283 2310 Infirma

209 2358 306 2423 etiam
323 2370 372 2418 est
385 2352 525 2432 objectio
539 2349 749 2440 Glandorpii,
765 2351 872 2414 nullos
889 2351 922 2414 in
940 2367 1036 2442 gente
1052 2354 1199 2418 Voconia
1215 2354 1283 2419 Na·

209 2486 304 2529 sones
318 2459 470 2548 reperiri:
482 2457 645 2522 hocenim
661 2457 738 2522 satis
750 2457 888 2522 ridicule
899 2459 1052 2523 statuitur
1064 2482 1102 2524 ex
1115 2483 1174 2542 eo,
1191 2459 1283 2548 quod

209 2571 244 2634 in
269 2565 438 2657 perpaucis
459 2563 702 2647 Voconiorum,
730 2563 788 2650 qui
813 2580 955 2647 exstant,
985 2565 1148 2648 nummis,
1175 2567 1284 2631 aliisve

211 2671 434 2740 monumentis
456 2670 544 2734 nulla
567 2669 707 2757 supersit
725 2669 897 2734 Nasonem
919 2671 1086 2735 memoria.
1107 2673 1179 2760 Ego
1196 2688 1284 2736 certe

211 2805 317 2847 unum
327 2777 558 2844 hichominem
575 2775 709 2864 agnovi,
725 2791 758 2839 et
773 2776 869 2859 olim,
887 2799 990 2866 quum
1000 2777 1034 2840 in
1045 2799 1082 2840 ea
1096 2799 1198 2841 essem
1210 2777 1283 2865 opi·

211 2889 326 2962 aione,
350 2908 448 2973 quam
469 2888 486 2963 §
510 2907 524 2948 1
546 2883 683 2971 exposui
704 2899 753 2964 ,et
770 2898 901 2972 postea,
924 2905 1027 2971 qutun
1046 2881 1218 2947 scriberem
1242 2880 1284 2946 ad

211 2997 283 3060 Act.
303 2993 318 3055 l
338 2991 372 3054 in
386 2991 479 3054 Verr.
501 2986 556 3070 13,
574 3003 790 3078 putaremque
805 2987 953 3053 veneficii
969 2988 1181 3076 quaestionem
1199 2988 1283 3053 sica

212 3099 324 3165 ceteris
341 3095 495 3160 omnibus
515 3093 673 3182 separari,
688 3110 727 3158 ut
745 3117 787 3158 ne
804 3095 934 3182 praetori
954 3094 1088 3183 quidem
1104 3116 1284 3182 umquam,

211 3203 269 3270 sed
288 3225 415 3291 semper
435 3199 623 3288 quaestionis
645 3198 745 3279 judici
765 3200 984 3264 mandaretur.
1005 3201 1102 3264 Nunc
1120 3200 1283 3288 denique,

212 3328 316 3396 quum
325 3303 418 3368 binas
428 3301 496 3365 illas
506 3303 681 3367 sententias
694 3325 780 3368 meas
789 3305 857 3392 ipse
868 3302 1085 3379 refutaverim,
1096 3319 1195 3391 atque
1203 3301 1285 3366 adeo

214 3434 316 3502 quum
334 3426 481 3500 praeturae
499 3409 623 3473 Nasoni
638 3407 869 3474 confirmandae
882 3425 1072 3500 argumenta
1088 3406 1284 3486 detexerim,

212 3523 316 3586 iacere
329 3540 397 3582 non
407 3537 557 3606 possum,
575 3515 654 3602 quin
670 3515 787 3581 lubens
799 3537 839 3580 eo
854 3515 990 3598 relabar,
1005 3515 1154 3604 duosque
1165 3515 1219 3580 hic
1230 3537 1286 3580 no·

211 3626 328 3693 minari
345 3625 398 3688 rix
416 3638 541 3712 putem.
559 3621 692 3686 Certum
709 3623 797 3686 enim
816 3623 913 3710 plane
932 3640 1069 3707 censeo,
1087 3645 1155 3687 non
1175 3623 1285 3687 minus

213 3733 254 3817 Q.
276 3730 476 3810 Voconium,
499 3747 598 3816 quam
615 3743 708 3791 antea
728 3729 764 3792 G.
786 3727 936 3809 Iunium,
958 3729 1130 3817 quaestioni
1148 3743 1286 3817 praetore

214 3838 335 3906 carenti
352 3835 534 3925 praefuisse,
550 3850 589 3898 ut
604 3835 630 3898 si
645 3835 686 3917 Q.
704 3833 794 3898 Naso
805 3831 967 3912 diversus,
984 3835 1078 3924 isque
1088 3851 1207 3926 praetor
1219 3835 1286 3899 fue·

215 3948 273 4029 rit,
289 3943 350 4009 alia
366 3943 407 4006 sit
419 3941 464 4006 illi
477 3963 565 4024 sors,
578 3965 676 4029 quam
693 3938 856 4024 veneficii,
869 3939 1053 4029 quaerenda.

259 4051 301 4116 X.
326 4049 439 4112 Annus
462 4062 530 4112 erat
552 4047 650 4111 Urbis
670 4045 747 4136 687,
766 4069 834 4135 quo
861 4061 1011 4135 tempore
1032 4063 1187 4137 praetores
1208 4061 1284 4110 octo
