2934 4680
1027 187 1054 244 l.

253 369 300 450 ud
431 401 436 410 ¹
570 370 618 438 M.
643 370 681 438 T.
708 366 991 438 CICERONIS

247 485 429 586 quondam
449 485 648 586 profugisse
665 489 812 576 dicitur3
827 511 936 584 quam
951 483 1145 583 pradicant
1157 487 1195 556 in
1209 484 1304 585 iuga,

246 595 364 668 fratris
383 597 438 667 sui
463 597 624 668 membra
642 601 680 670 in
700 601 743 668 iis
760 597 870 684 locis,
893 620 965 692 qua
983 617 1021 668 se
1041 618 1170 691 parens
1186 620 1304 693 perses

245 701 431 800 queretur,
449 705 690 803 dissipavissc,
710 721 752 777 ut
772 729 898 778 eorum
920 703 1106 775 collectio¹
1129 703 1303 802 dispersa,

244 807 453 912 moerorque
485 818 645 913 patrius,
676 815 891 887 celeritatem
923 814 1162 912 persequendi
1189 830 1304 886 retar-

244 921 356 996 daret.
387 926 444 997 Sic
471 923 696 995 Mithridates
727 923 888 1021 fugiens,
913 924 1104 1008 maximam
1128 923 1200 992 vim
1225 927 1303 994 auri

243 1047 353 1129 atquc
374 1039 527 1131 argenti,
552 1033 950 1131 pulcherrimarumque
974 1055 1095 1102 rerum
1122 1035 1303 1120 omnium,

243 1167 332 1239 quas
355 1159 392 1216 ct
412 1170 433 1216 a
454 1144 653 1242 majoribus
677 1157 883 1241 acceperat,
909 1156 945 1212 et
971 1143 1049 1238 ipse
1076 1139 1174 1212 bello
1196 1165 1302 1239 supe-

241 1254 337 1325 riore
356 1280 402 1326 ex
427 1269 502 1327 tota
521 1258 602 1327 Asia
625 1254 781 1352 direptas
798 1255 836 1323 in
858 1276 963 1324 suum
982 1275 1134 1347 rognum
1155 1275 1303 1348 conges-

241 1377 352 1452 serat,
371 1366 408 1433 in
430 1367 546 1433 Ponto
574 1387 718 1433 omnem
749 1362 895 1458 reliquit
908 1371 935 1430 ²..
962 1365 1045 1430 Haec
1073 1360 1160 1436 dum
1188 1364 1303 1438 nostri

242 1471 417 1570 colligunt
441 1476 562 1542 omnia
586 1471 811 1568 diligentius,
834 1493 900 1542 rex
918 1471 995 1567 ipse
1016 1493 1036 1540 o
1058 1469 1224 1542 manibus
1249 1469 1300 1542 cl·

241 1579 340 1676 fugit.
367 1585 419 1652 Ita
445 1579 571 1652 illum³
596 1583 634 1652 in
659 1579 901 1678 persequendi
923 1579 1044 1651 studio
1068 1605 1215 1668 moeror,
1233 1581 1301 1656 hos

241 1689 359 1760 laetitia
373 1690 576 1770 retardarit.
587 1696 692 1762 Hunc
703 1693 741 1761 in
753 1691 815 1762 illo
829 1691 956 1762 timore
969 1705 1005 1762 et
1018 1689 1102 1787 luga
1112 1695 1300 1788 Tigranes,

241 1823 304 1870 rex
332 1803 541 1888 Armenius,
571 1801 729 1898 excepit,
760 1799 1060 1897 diffidentemque
1089 1799 1199 1871 rebus
1226 1802 1300 1872 suis

240 1906 482 1998 confirmavit,
500 1925 535 1980 ct
550 1908 720 1982 afflictum
736 1913 870 1998 erexit,
893 1909 1149 2009 perditumque
1163 1935 1300 1982 recrea·

239 2017 336 2089 citt:
356 2019 458 2114 cujus
482 2023 519 2089 in
543 2044 693 2116 regnum
716 2033 951 2117 posteaquam
969 2021 1009 2089 L.
1032 2020 1203 2090 Lucullus
1216 2043 1300 2090 cum

179 2124 184 2134 '
241 2129 396 2200 exercitu
420 2134 536 2217 venit,
552 2129 674 2226 plures
689 2131 796 2199 etiam
814 2143 937 2226 gentes
959 2143 1084 2200 contra
1102 2131 1295 2226 imperato·

238 2261 316 2308 rem
340 2253 506 2309 nostrum
529 2242 715 2310 concitatae
737 2235 858 2308 sunt·⁵.
881 2243 965 2312 Erat
989 2239 1085 2310 enim
1107 2254 1224 2311 metus
1247 2243 1306 2312 in-

236 2346 353 2460 jectus
377 2349 418 2419 iis
444 2346 652 2419 nationibus
663 2345 691 2435 i,
715 2369 804 2446 quas
829 2369 1032 2442 numquam
1057 2348 1214 2444 populns
1237 2373 1299 2420 ro·

273 2627 321 2675 tx.
337 2642 360 2674 r.
378 2627 492 2674 Goereuz.
508 2624 539 2673 ad
551 2625 601 2674 Cic.
619 2623 650 2673 de
664 2624 744 2674 Fim‘b.
789 2633 869 2688 reptat
881 2625 906 2673 in
920 2639 991 2672 eoum
1001 2616 1108 2688 regnum
1119 2633 1297 2688 congenerata,

236 2705 288 2766 ΙΙΙ,
304 2707 335 2765 4,
354 2703 746 2768 emendnitdispersorum.1²m·
824 2703 1298 2768 3.111cm.osum,ttedeoepnmm.-,

237 2792 296 2832 stru.
309 2784 326 2832 J
329 2816 336 2832 .
349 2785 380 2832 V.
391 2785 417 2833 L.
788 2783 847 2830 Hos.
860 2780 954 2829 Luculli
965 2781 1062 2830 milites.

184 2905 186 2911 ,
274 2878 299 2911 a.
318 2863 349 2910 In
362 2865 441 2916 Ponto
455 2879 551 2914 omnem
568 2861 673 2926 reliquit.
687 2861 746 2910 Plu·
826 2869 851 2918 4.
876 2859 966 2908 Perdit.
986 2859 1108 2922 recreavit.
1130 2861 1178 2908 Hic
1198 2876 1297 2928 romena¹

236 2941 333 3004 turchos
343 2953 367 2988 et
377 2941 504 3008 Appiapps
512 2940 644 3006 retardptos
653 2939 747 2991 Luculli
789 2955 888 3004 prorsus
904 2939 1019 3004 jactantia
1038 2957 1044 2990 ι
1062 2937 1227 2988 Mithridatem
1241 2955 1297 2988 seue

237 3019 326 3074 milites
338 3019 461 3088 scripum,
472 3020 559 3084 astutia
573 3030 598 3082 et
615 3018 746 3074 calliditate
789 3017 989 3084 culumitptiesuae
1004 3018 1092 3084 puduit
1105 3029 1129 3066 et
1142 3017 1241 3076 taeduit,
1254 3017 1297 3082 sed

235 3097 397 3162 Mithridptie,
407 3097 463 3160 qui,
475 3113 550 3164 quotu
569 3096 671 3164 propius
684 3097 746 3166 nihil
789 3097 874 3158 majori
889 3107 940 3144 erat
953 3099 1050 3164 animo,
1067 3097 1186 3146 industrie
1195 3107 1219 3144 et
1230 3097 1298 3166 inge·

237 3191 288 3226 eece
298 3173 390 3226 videret
399 3189 472 3237 quem
480 3175 539 3238 utin¹
546 3176 602 3246 fuge
611 3187 745 3240 caperetur,
788 3175 831 3221 nio
842 3186 869 3223 ut
876 3176 1027 3241 desperaret,
1035 3176 1204 3242 perditumque
1214 3192 1239 3224 se
1246 3191 1298 3239 cro·

236 3251 329 3316 mulum
341 3251 389 3318 illie
406 3265 592 3318 eproopustum
610 3255 744 3320 opposuit,
789 3251 937 3317 deret3bello
944 3257 1064 3322 superiori
1071 3269 1095 3304 et
1102 3255 1211 3320 sequenti
1218 3255 1296 3322 quplia

235 3329 398 3396 pecuniasque
421 3347 505 3380 omues
527 3333 630 3391 effudit,
655 3331 744 3396 qmltut
787 3331 1051 3401 lucritcomprohatum
1061 3346 1106 3384 eet.
1230 3329 1232 3334 ’

236 3407 381 3475 colligendis
391 3425 420 3464 ac
432 3409 574 3475 diripiendis
587 3410 646 3461 dum
655 3411 743 3480 milites¹
822 3412 847 3461 5.
869 3412 1003 3468 Concitatoe
1015 3426 1079 3462 sunt.
1098 3409 1238 3475 Plutarchus
1248 3426 1294 3478 nu·

234 3487 322 3546 intenti
332 3498 424 3554 essem,
434 3487 465 3536 ab
476 3489 573 3556 illorum
583 3489 694 3556 pppnibue
707 3490 742 3538 el·
786 3501 861 3553 merul
885 3490 972 3538 Medos
978 3525 986 3548 ,
1007 3489 1164 3547 Adiabenos,
1186 3487 1296 3560 Arabes,

233 3567 304 3632 fugit.
316 3565 363 3614 Sed
372 3565 477 3613 fabulum
490 3566 592 3614 nimium
603 3567 705 3630 redolet,
718 3579 743 3628 et
785 3565 907 3632 Albanos,
919 3566 1003 3615 Iberos
1017 3578 1041 3616 et
1057 3569 1099 3634 qui
1117 3567 1178 3614 circe
1190 3567 1295 3632 drexeut

235 3645 349 3702 Ciceroni
362 3645 447 3692 melius
465 3642 538 3692 fldem
556 3645 685 3704 adhibere,
699 3647 741 3710 qui
785 3643 837 3711 eine
846 3661 902 3709 rege
911 3657 987 3694 erant.

234 3727 323 3774 fatetur
333 3724 443 3788 effugisse
453 3723 627 3783 Mithridatem,
635 3725 691 3771 dom
702 3727 743 3772 mi·
820 3723 844 3771 6.
855 3726 934 3771 Metus
943 3723 1043 3790 injectus
1051 3720 1081 3770 iis
1088 3721 1233 3788 nationibus.
1242 3725 1292 3788 Ne-

234 3805 289 3852 lites
301 3814 326 3851 et
338 3801 452 3850 Lucullus
460 3818 515 3850 saue
528 3803 686 3866 «diligentins
694 3803 742 3850 col·
784 3819 831 3866 que
845 3804 957 3867 prolecto
974 3819 1048 3850 vanus
1061 3814 1085 3850 et
1094 3803 1172 3850 inanis
1186 3803 1227 3850 ille
1242 3819 1291 3850 rne-

235 3881 341 3946 ligehunt
348 3883 476 3932 maximam
484 3883 532 3928 vim
540 3883 593 3930 auri
602 3894 625 3929 et
636 3884 740 3946 argenti,
786 3893 825 3930 tus
849 3894 940 3930 ceteras
956 3893 1039 3945 gentes
1057 3881 1188 3940 invaserat;
1204 3897 1292 3946 nempe

233 3977 360 4026 rerumque
377 3961 485 4010 omnium
510 3961 742 4024 pulcherrimarum,
786 3974 839 4009 uest
853 3975 893 4010 tua
906 3979 952 4022 res,
964 3979 1038 4027 quum
1051 3963 1175 4026 proximus
1188 3961 1291 4019 ardet»,

232 4039 740 4104 quasamujorihusaccepcratMithridates,
783 4053 807 4088 et
822 4042 977 4089 innotuerant
989 4041 1092 4088 Ronraui
1106 4039 1210 4087 latrones
1225 4040 1291 4088 orbis
1354 4085 1355 4088 ,

232 4131 257 4168 et
267 4121 318 4196 ipse
328 4118 393 4166 bello
404 4121 565 4188 superiorem
576 4129 625 4166 tota
637 4117 691 4165 alsia
701 4116 738 4163 di·
782 4129 898 4165 terrarum
914 4119 1072 4167 audacissimi.
1189 4101 1191 4106 ¹
1283 4097 1291 4112 Ι
