2956 4676
246 327 313 428 196
633 323 915 393 EXCURSUS.

235 454 310 533 jure
327 470 418 531 meo,
437 461 470 512 et
489 443 675 534 questionis
694 443 820 524 judices
844 443 1019 531 quotannis
1037 441 1078 508 ad
1095 443 1326 531 questionum

240 577 416 622 numerum
432 554 533 617 factos
549 567 626 640 post
640 550 761 615 Sullam
783 549 999 615 existimabo:
1017 571 1160 638 quorum
1180 572 1238 614 sex
1255 573 1326 614 suo

240 664 379 754 quisque
396 657 528 750 praetori
544 657 732 739 subessent,
749 657 868 745 reliqui
890 673 1000 721 autem
1017 656 1088 746 lege
1108 656 1170 744 ipsi
1192 678 1325 745 quaere·

240 786 332 854 rent,
344 789 452 856 neque
462 764 661 848 judicarent,
673 786 780 853 neque
792 764 825 828 in
838 763 942 854 legem
951 763 1060 844 jurare
1074 762 1226 829 solerent.
1240 765 1323 828 llaec

240 875 307 940 duo
333 889 512 964 postrema,
537 893 641 958 quum
667 870 810 958 primum
832 868 915 934 illud
939 885 1182 959 propugnaret,
1209 870 1322 935 noluit

239 981 402 1046 Ferrarius
418 975 566 1044 confiteri
583 976 617 1058 I,
635 975 728 1064 epist.
745 979 767 1055 4
782 990 815 1040 et
834 972 938 1059 15‚in
956 991 1105 1064 quotum
1119 975 1182 1040 sibi
1198 998 1320 1064 parum

201 1091 204 1098 '
239 1087 402 1174 qonstitit,
415 1102 486 1150 turn
500 1083 626 1162 a'l'ullii
642 1099 753 1148 mente
770 1082 970 1172 apertissima
988 1083 1086 1172 longe
1103 1081 1200 1165 abiit,
1214 1105 1319 1171 quam

240 1193 371 1259 duobus
396 1192 493 1272 locis,
520 1211 590 1277 cap.
612 1187 669 1271 33,
693 1211 753 1252 nos
775 1187 997 1277 exposuimus.
1021 1186 1241 1252 Confundunt
1263 1188 1320 1251 alii

240 1321 318 1365 sanc
341 1317 479 1368 munera
503 1292 621 1375 judicis
637 1294 709 1382 lege
727 1293 899 1380 quaerentis
918 1315 995 1356 cum
1015 1293 1207 1357 muneribus
1232 1309 1321 1358 cete-

239 1401 418 1485 rorum,in
434 1399 485 1465 his
502 1399 561 1462 cel.
574 1397 624 1461 vir
637 1395 860 1484 Schultingius
877 1394 919 1460 ad
937 1395 1019 1461 Coll.
1036 1396 1097 1461 LL.
1116 1396 1200 1462 Mos.
1220 1399 1237 1463 l
1247 1447 1258 1482 ,
1279 1398 1319 1482 33

241 1534 281 1575 ex
299 1531 340 1574 eo
351 1524 459 1571 tamen
476 1518 684 1584 excusantur,
697 1500 788 1588 quod
801 1501 932 1590 equalis
946 1501 1095 1567 omnium
1108 1517 1251 1590 potestas
1269 1527 1320 1570 es-

240 1633 308 1698 set,
327 1635 392 1702 qua
416 1627 525 1676 tamen
546 1608 673 1697 integra
696 1624 729 1672 et
745 1606 841 1696 plena
858 1607 940 1691 uti,
953 1607 1015 1672 nisi
1036 1625 1155 1698 praetor
1171 1608 1319 1694 deesset,

241 1737 368 1812 poterat
384 1723 492 1782 nemo.
510 1713 716 1802 Quaestiones
734 1729 827 1780 erant
844 1729 1008 1803 perpetue
1029 1737 1166 1799 novem,
1180 1715 1320 1783 fortasse

240 1830 366 1918 plures,
392 1822 450 1888 sed
470 1822 521 1886 hae
544 1821 728 1887 certissimae
753 1842 761 1886 a
785 1835 837 1885 tot
856 1843 934 1911 ergo
955 1821 1142 1908 quaestionis
1161 1821 1321 1905 judices:

241 1957 325 2034 quos
336 1952 450 1997 omnes
467 1930 566 1994 simul
582 1944 707 1994 creatos
724 1951 816 1994 nunc
828 1928 971 2018 denique
985 1929 1136 2013 arbitror,
1153 1931 1242 1995 ntrlla
1251 1933 1319 1996 cui-

242 2063 340 2130 quam
355 2036 534 2127 questione
550 2034 725 2117 attributa,
740 2035 824 2099 utin
837 2035 1031 2124 praetoribus
1045 2051 1114 2101 erat
1130 2058 1212 2102 mos.
1227 2036 1319 2121 Quid

241 2163 291 2212 est
309 2147 414 2227 eninr,
438 2141 528 2231 quod
551 2164 672 2207 nomen
694 2141 882 2228 quaestionis
904 2141 1025 2206 horum
1043 2141 1192 2223 judicum
1213 2144 1318 2209 titulis

242 2273 422 2342 numquam
436 2246 596 2314 addatur?
612 2248 727 2312 Cicero
743 2248 777 2314 in
792 2249 844 2312 Br.
864 2270 934 2337 cap.
948 2247 991 2337 76
1006 2271 1015 2313 ε
1032 2277 1045 2304 α
1057 2249 1108 2326 Is,
1125 2272 1229 2337 quum
1243 2266 1320 2339 post

242 2357 389 2423 curulem
406 2354 589 2420 aedilitatem
603 2352 704 2434 judex
724 2352 913 2442 questionis
933 2370 1033 2437 esset,
1060 2369 1109 2419 est
1131 2371 1283 2421 mortuus
1293 2385 1317 2422 υ.

242 2466 295 2530 Sic
317 2462 392 2528 alibi
408 2481 537 2550 semper
552 2475 676 2524 veteres
700 2474 734 2523 et
759 2459 952 2548 scriptores,
977 2475 1010 2526 et
1032 2459 1165 2550 lapides.
1190 2461 1319 2552 Nempe

242 2569 355 2635 Judeoe
371 2567 551 2658 quaestionis
570 2586 691 2630 nomen
713 2579 763 2630 est
779 2565 916 2631 honoris
935 2566 1057 2655 ipsius:
1078 2567 1212 2632 nomina
1232 2591 1319 2656 quae·

223 2693 227 2701 ·
243 2676 387 2740 stionum
403 2671 445 2737 ad
460 2671 654 2738 divisionem
666 2671 813 2736 muneris
830 2671 1046 2762 pertinebant.
1063 2673 1148 2744 Hinc
1167 2673 1320 2764 explicari

242 2803 338 2872 posse
363 2777 519 2862 conjicio,
544 2799 605 2842 eur
629 2777 784 2842 Octavius
811 2778 949 2868 Augusti
974 2795 1065 2868 pater
1092 2780 1195 2846 lnscr.
1220 2781 1318 2848 Grut.

241 2885 401 2966 CCXXV,
420 2907 459 2972 7,
478 2903 576 2946 rvnnx
592 2893 817 2960 bvsssrmnvu
830 2883 1019 2972 appelletur.
1037 2885 1086 2949 Ita
1100 2885 1189 2948 enim
1209 2887 1319 2951 verius

241 2992 416 3059 denotatur
425 2990 528 3054 homo
543 2986 585 3053 ad
599 2969 792 3077 quaestiones
806 2990 987 3079 generatim
999 2987 1148 3071 judicum
1163 2992 1318 3081 princeps

243 3099 375 3164 electus.
401 3095 514 3176 Quum
537 3109 647 3157 autem
673 3115 766 3158 suam
789 3094 908 3182 cuique
926 3094 1082 3160 obvenire
1101 3098 1319 3184 questionem

243 3223 373 3267 necesse
397 3213 499 3280 esset,
525 3195 647 3262 idcirco
673 3197 812 3262 verbum
835 3201 1016 3288 questionis
1039 3199 1257 3267 adhibebatur
1276 3202 1317 3268 ab

242 3302 510 3375 omnibus.'Nam
524 3317 564 3367 ut
579 3317 671 3366 erant
681 3303 779 3367 simul
793 3325 908 3369 ornnes
925 3306 1041 3388 creati,
1056 3324 1143 3372 sorte
1158 3308 1245 3372 inter
1261 3329 1318 3373 eos

243 3411 437 3503 questiones
456 3405 695 3490 dividebantur,
715 3430 897 3497 eorumque
914 3409 1040 3476 felicior
1061 3429 1129 3477 erat
1150 3411 1318 3497 conditio,

243 3519 363 3610 quibus
384 3535 492 3580 vacuae
510 3527 648 3600 praetore
665 3514 860 3600 quaestiones
879 3516 1067 3607 obtigerint.
1085 3518 1152 3582 Lex
1168 3519 1318 3584 Cornelia

243 3629 378 3707 diserte,
393 3622 442 3685 «is
455 3633 585 3708 praetor,
599 3615 738 3699 judexve
757 3621 963 3709 quaestionis,
980 3624 1033 3690 oui
1050 3641 1138 3691 sorte
1149 3625 1320 3692 obvenerit

243 3731 378 3826 quaestio
396 3726 437 3792 de
456 3725 577 3790 sicariis
592 3755 622 3805 »,
639 3725 727 3814 apud
748 3727 876 3816 Ulpian.
898 3729 932 3793 in
954 3730 1036 3796 Coll.
1053 3731 1116 3798 LL.
1138 3731 1223 3796 lllos.
1236 3734 1272 3815 l,
1287 3731 1317 3798 3.

242 3842 359 3928 Neque
375 3830 478 3913 aliud,
496 3851 594 3920 quam
612 3830 736 3898 Octavii
756 3833 854 3922 lapis,
874 3834 935 3898 sibi
954 3837 1088 3901 fortasse
1106 3837 1178 3902 vult
1195 3836 1318 3902 additio

243 3949 314 4030 illa,
331 3963 435 4008 rarum
454 3937 660 4027 capitalium,
681 3939 715 4003 in
732 3939 797 4003 boc
820 3941 974 4031 singulari
993 3942 1189 4031 Aquileiensi
1212 3943 1319 4033 lapide

242 4054 363 4122 Mutat.
377 4043 564 4126 DCLXXV,
579 4044 618 4125 6,
633 4067 661 4109 c.
678 4067 861 4114 sarrasrvs.
880 4071 914 4114 u.
939 4073 968 4114 r.
983 4071 1093 4117 rsrro.
1109 4072 1158 4116 rs.
1175 4073 1250 4116 aun.
1266 4072 1317 4116 rs·
