<?xml version="1.0" encoding="UTF-8"?>
<!DOCTYPE html PUBLIC "-//W3C//DTD XHTML 1.0 Transitional//EN"
    "http://www.w3.org/TR/xhtml1/DTD/xhtml1-transitional.dtd">
<html xmlns="http://www.w3.org/1999/xhtml" xml:lang="en" lang="en">
 <head>
  <title>
</title>
<meta http-equiv="Content-Type" content="text/html;charset=utf-8" />
  <meta name='ocr-system' content='tesseract 3.04.00' />
  <meta name='ocr-capabilities' content='ocr_page ocr_carea ocr_par ocr_line ocrx_word'/>
</head>
<body>
  <div class='ocr_page' id='page_1' title='image "./mtciceronisquae00lemagoog_0489.png"; bbox 0 0 3026 4680; ppageno 0'>
   <div class='ocr_carea' id='block_1_1' title="bbox 264 378 1046 466">
    <p class='ocr_par' dir='ltr' id='par_1_1' title="bbox 264 378 1046 466">
     <span class='ocr_line' id='line_1_1' title="bbox 264 378 1046 466; baseline -0.008 -15"><span class='ocrx_word' id='word_1_1' title='bbox 264 381 338 466; x_wconf 72' lang='lat'><strong>480</strong></span> <span class='ocrx_word' id='word_1_2' title='bbox 583 381 632 450; x_wconf 88' lang='grc' dir='ltr'><strong>Μ.</strong></span> <span class='ocrx_word' id='word_1_3' title='bbox 658 381 696 448; x_wconf 92' lang='grc' dir='ltr'><strong>Τ.</strong></span> <span class='ocrx_word' id='word_1_4' title='bbox 724 378 1046 450; x_wconf 82' lang='lat' dir='ltr'><strong>CICERONIS&#39;</strong></span> 
     </span>
    </p>
   </div>
   <div class='ocr_carea' id='block_1_2' title="bbox 257 497 1340 2370">
    <p class='ocr_par' dir='ltr' id='par_1_2' title="bbox 257 497 1340 2370">
     <span class='ocr_line' id='line_1_2' title="bbox 267 497 1340 600; baseline -0.004 -26"><span class='ocrx_word' id='word_1_5' title='bbox 267 527 309 575; x_wconf 87' lang='lat' dir='ltr'><strong>ea</strong></span> <span class='ocrx_word' id='word_1_6' title='bbox 335 503 569 600; x_wconf 82' lang='lat' dir='ltr'><strong>sempiterna,</strong></span> <span class='ocrx_word' id='word_1_7' title='bbox 592 515 691 574; x_wconf 82' lang='lat' dir='ltr'><strong>certe</strong></span> <span class='ocrx_word' id='word_1_8' title='bbox 716 498 761 572; x_wconf 86' lang='lat' dir='ltr'><strong>ad</strong></span> <span class='ocrx_word' id='word_1_9' title='bbox 789 499 1004 597; x_wconf 80' lang='lat' dir='ltr'><strong>singularem</strong></span> <span class='ocrx_word' id='word_1_10' title='bbox 1033 521 1178 597; x_wconf 89' lang='lat' dir='ltr'><strong>poenam</strong></span> <span class='ocrx_word' id='word_1_11' title='bbox 1207 497 1340 572; x_wconf 84' lang='lat' dir='ltr'><strong>nefarii</strong></span> 
     </span>
     <span class='ocr_line' id='line_1_3' title="bbox 267 608 1338 708; baseline -0.002 -24"><span class='ocrx_word' id='word_1_12' title='bbox 267 612 411 684; x_wconf 85' lang='lat' dir='ltr'><strong>soeleris</strong></span> <span class='ocrx_word' id='word_1_13' title='bbox 437 615 584 682; x_wconf 77' lang='lat' dir='ltr'><strong>intenta</strong></span> <span class='ocrx_word' id='word_1_14' title='bbox 608 627 703 682; x_wconf 89' lang='lat' dir='ltr'><strong>sunt.</strong></span> <span class='ocrx_word' id='word_1_15' title='bbox 722 611 932 708; x_wconf 86' lang='lat' dir='ltr'><strong>Municipiis</strong></span> <span class='ocrx_word' id='word_1_16' title='bbox 961 608 1143 707; x_wconf 89' lang='lat' dir='ltr'><strong>dispertiri</strong></span> <span class='ocrx_word' id='word_1_17' title='bbox 1156 619 1189 654; x_wconf 86' lang='lat'><strong>¹⁰</strong></span> <span class='ocrx_word' id='word_1_18' title='bbox 1217 608 1338 707; x_wconf 85' lang='lat' dir='ltr'><strong>jubet.</strong></span> 
     </span>
     <span class='ocr_line' id='line_1_4' title="bbox 265 719 1337 820; baseline -0.002 -26"><span class='ocrx_word' id='word_1_19' title='bbox 265 720 407 794; x_wconf 85' lang='lat' dir='ltr'><strong>Habere</strong></span> <span class='ocrx_word' id='word_1_20' title='bbox 434 719 579 792; x_wconf 83' lang='lat' dir='ltr'><strong>ridetur</strong></span> <span class='ocrx_word' id='word_1_21' title='bbox 602 722 669 792; x_wconf 86' lang='lat' dir='ltr'><strong>ista</strong></span> <span class='ocrx_word' id='word_1_22' title='bbox 700 744 757 792; x_wconf 90' lang='lat' dir='ltr'><strong>res</strong></span> <span class='ocrx_word' id='word_1_23' title='bbox 785 723 1015 817; x_wconf 85' lang='lat' dir='ltr'><strong>iniquitatem</strong></span> <span class='ocrx_word' id='word_1_24' title='bbox 1030 731 1074 807; x_wconf 88' lang='lat'><strong>¹¹,</strong></span> <span class='ocrx_word' id='word_1_25' title='bbox 1100 723 1130 791; x_wconf 88' lang='lat' dir='ltr'><strong>si</strong></span> <span class='ocrx_word' id='word_1_26' title='bbox 1155 723 1337 820; x_wconf 88' lang='lat' dir='ltr'><strong>imperare</strong></span> 
     </span>
     <span class='ocr_line' id='line_1_5' title="bbox 264 827 1335 928; baseline 0.002 -28"><span class='ocrx_word' id='word_1_27' title='bbox 264 830 372 920; x_wconf 83' lang='lat' dir='ltr'><strong>velis3</strong></span> <span class='ocrx_word' id='word_1_28' title='bbox 390 827 656 918; x_wconf 85' lang='lat' dir='ltr'><strong>difficultatem,</strong></span> <span class='ocrx_word' id='word_1_29' title='bbox 680 833 710 902; x_wconf 93' lang='lat' dir='ltr'><strong>si</strong></span> <span class='ocrx_word' id='word_1_30' title='bbox 734 853 872 928; x_wconf 83' lang='lat' dir='ltr'><strong>rogare.</strong></span> <span class='ocrx_word' id='word_1_31' title='bbox 898 833 1123 904; x_wconf 81' lang='lat' dir='ltr'><strong>Decernatur</strong></span> <span class='ocrx_word' id='word_1_32' title='bbox 1144 846 1282 920; x_wconf 87' lang='lat' dir='ltr'><strong>tamen,</strong></span> <span class='ocrx_word' id='word_1_33' title='bbox 1302 833 1335 904; x_wconf 93' lang='lat' dir='ltr'><strong>si</strong></span> 
     </span>
     <span class='ocr_line' id='line_1_6' title="bbox 263 941 1334 1042; baseline 0.001 -29"><span class='ocrx_word' id='word_1_34' title='bbox 263 942 382 1040; x_wconf 89' lang='lat' dir='ltr'><strong>placet</strong></span> <span class='ocrx_word' id='word_1_35' title='bbox 393 950 437 1011; x_wconf 86' lang='lat'><strong>¹².</strong></span> <span class='ocrx_word' id='word_1_36' title='bbox 451 945 527 1038; x_wconf 84' lang='lat' dir='ltr'><strong>Ego</strong></span> <span class='ocrx_word' id='word_1_37' title='bbox 539 943 637 1012; x_wconf 88' lang='lat' dir='ltr'><strong>enim</strong></span> <span class='ocrx_word' id='word_1_38' title='bbox 652 941 859 1038; x_wconf 78' lang='lat' dir='ltr'>suscipiam,</span> <span class='ocrx_word' id='word_1_39' title='bbox 874 953 927 1026; x_wconf 91' lang='lat' dir='ltr'><strong>et,</strong></span> <span class='ocrx_word' id='word_1_40' title='bbox 942 954 983 1012; x_wconf 92' lang='lat' dir='ltr'><strong>ut</strong></span> <span class='ocrx_word' id='word_1_41' title='bbox 996 964 1122 1040; x_wconf 86' lang='lat' dir='ltr'><strong>spero,</strong></span> <span class='ocrx_word' id='word_1_42' title='bbox 1135 943 1334 1042; x_wconf 85' lang='lat' dir='ltr'><strong>reperiam,</strong></span> 
     </span>
     <span class='ocr_line' id='line_1_7' title="bbox 264 1050 1332 1150; baseline 0.002 -28"><span class='ocrx_word' id='word_1_43' title='bbox 264 1055 328 1150; x_wconf 93' lang='lat' dir='ltr'><strong>qui</strong></span> <span class='ocrx_word' id='word_1_44' title='bbox 351 1052 409 1142; x_wconf 93' lang='lat' dir='ltr'><strong>id,</strong></span> <span class='ocrx_word' id='word_1_45' title='bbox 438 1050 540 1149; x_wconf 92' lang='lat' dir='ltr'><strong>quod</strong></span> <span class='ocrx_word' id='word_1_46' title='bbox 558 1052 681 1124; x_wconf 88' lang='lat' dir='ltr'><strong>salotis</strong></span> <span class='ocrx_word' id='word_1_47' title='bbox 701 1053 865 1123; x_wconf 88' lang='lat' dir='ltr'><strong>omnium</strong></span> <span class='ocrx_word' id='word_1_48' title='bbox 890 1073 997 1122; x_wconf 85' lang='lat' dir='ltr'><strong>causa</strong></span> <span class='ocrx_word' id='word_1_49' title='bbox 1018 1055 1230 1138; x_wconf 85' lang='lat' dir='ltr'><strong>statueritis,</strong></span> <span class='ocrx_word' id='word_1_50' title='bbox 1254 1075 1332 1124; x_wconf 89' lang='lat' dir='ltr'><strong>non</strong></span> 
     </span>
     <span class='ocr_line' id='line_1_8' title="bbox 262 1162 1330 1267; baseline 0 -29"><span class='ocrx_word' id='word_1_51' title='bbox 262 1179 393 1265; x_wconf 88' lang='lat' dir='ltr'><strong>putent</strong></span> <span class='ocrx_word' id='word_1_52' title='bbox 403 1162 434 1210; x_wconf 76' lang='lat'><strong>¹³</strong></span> <span class='ocrx_word' id='word_1_53' title='bbox 447 1191 523 1239; x_wconf 89' lang='lat' dir='ltr'><strong>esse</strong></span> <span class='ocrx_word' id='word_1_54' title='bbox 536 1191 609 1239; x_wconf 83' lang='lat' dir='ltr'><strong>suae</strong></span> <span class='ocrx_word' id='word_1_55' title='bbox 620 1167 803 1265; x_wconf 85' lang='lat' dir='ltr'><strong>dignitatis</strong></span> <span class='ocrx_word' id='word_1_56' title='bbox 811 1190 988 1240; x_wconf 86' lang='lat' dir='ltr'><strong>recusare.</strong></span> <span class='ocrx_word' id='word_1_57' title='bbox 1002 1165 1175 1267; x_wconf 84' lang='lat' dir='ltr'><strong>Adjungit</strong></span> <span class='ocrx_word' id='word_1_58' title='bbox 1185 1191 1330 1264; x_wconf 80' lang='lat' dir='ltr'><strong>gravem</strong></span> 
     </span>
     <span class='ocr_line' id='line_1_9' title="bbox 262 1280 1329 1380; baseline 0 -28"><span class='ocrx_word' id='word_1_59' title='bbox 262 1305 410 1380; x_wconf 86' lang='lat' dir='ltr'><strong>poenam</strong></span> <span class='ocrx_word' id='word_1_60' title='bbox 433 1280 697 1379; x_wconf 87' lang='lat' dir='ltr'><strong>municipibus,</strong></span> <span class='ocrx_word' id='word_1_61' title='bbox 720 1284 747 1352; x_wconf 87' lang='lat' dir='ltr'><strong>si</strong></span> <span class='ocrx_word' id='word_1_62' title='bbox 769 1285 851 1379; x_wconf 89' lang='lat' dir='ltr'><strong>quis</strong></span> <span class='ocrx_word' id='word_1_63' title='bbox 868 1305 994 1354; x_wconf 91' lang='lat' dir='ltr'><strong>eorum</strong></span> <span class='ocrx_word' id='word_1_64' title='bbox 1015 1281 1159 1354; x_wconf 85' lang='lat' dir='ltr'><strong>vincula</strong></span> <span class='ocrx_word' id='word_1_65' title='bbox 1172 1283 1329 1379; x_wconf 83' lang='lat' dir='ltr'><strong>ruperit3</strong></span> 
     </span>
     <span class='ocr_line' id='line_1_10' title="bbox 263 1389 1331 1489; baseline 0 -27"><span class='ocrx_word' id='word_1_66' title='bbox 263 1391 456 1464; x_wconf 86' lang='lat' dir='ltr'><strong>horribiles</strong></span> <span class='ocrx_word' id='word_1_67' title='bbox 477 1391 658 1464; x_wconf 85' lang='lat' dir='ltr'><strong>custodias</strong></span> <span class='ocrx_word' id='word_1_68' title='bbox 676 1389 894 1479; x_wconf 88' lang='lat' dir='ltr'><strong>circumdat,</strong></span> <span class='ocrx_word' id='word_1_69' title='bbox 916 1404 953 1462; x_wconf 85' lang='lat' dir='ltr'><strong>et</strong></span> <span class='ocrx_word' id='word_1_70' title='bbox 978 1390 1085 1489; x_wconf 85' lang='lat' dir='ltr'><strong>digna</strong></span> <span class='ocrx_word' id='word_1_71' title='bbox 1109 1391 1243 1463; x_wconf 88' lang='lat' dir='ltr'><strong>scelere</strong></span> <span class='ocrx_word' id='word_1_72' title='bbox 1263 1390 1331 1462; x_wconf 93' lang='lat' dir='ltr'><strong>ho-</strong></span> 
     </span>
     <span class='ocr_line' id='line_1_11' title="bbox 261 1501 1330 1601; baseline -0.004 -26"><span class='ocrx_word' id='word_1_73' title='bbox 261 1505 400 1575; x_wconf 91' lang='lat' dir='ltr'><strong>miuum</strong></span> <span class='ocrx_word' id='word_1_74' title='bbox 427 1501 654 1601; x_wconf 89' lang='lat' dir='ltr'><strong>perditorum</strong></span> <span class='ocrx_word' id='word_1_75' title='bbox 680 1505 813 1590; x_wconf 88' lang='lat' dir='ltr'><strong>sancit,</strong></span> <span class='ocrx_word' id='word_1_76' title='bbox 835 1527 882 1573; x_wconf 89' lang='lat' dir='ltr'><strong>ue</strong></span> <span class='ocrx_word' id='word_1_77' title='bbox 905 1501 987 1599; x_wconf 91' lang='lat' dir='ltr'><strong>quis</strong></span> <span class='ocrx_word' id='word_1_78' title='bbox 1009 1525 1137 1572; x_wconf 90' lang='lat' dir='ltr'><strong>eorum</strong></span> <span class='ocrx_word' id='word_1_79' title='bbox 1164 1523 1330 1599; x_wconf 86' lang='lat' dir='ltr'><strong>poenam,</strong></span> 
     </span>
     <span class='ocr_line' id='line_1_12' title="bbox 260 1610 1329 1712; baseline -0.006 -26"><span class='ocrx_word' id='word_1_80' title='bbox 260 1638 354 1711; x_wconf 92' lang='lat' dir='ltr'><strong>quos</strong></span> <span class='ocrx_word' id='word_1_81' title='bbox 370 1611 607 1700; x_wconf 87' lang='lat' dir='ltr'><strong>condemnat,</strong></span> <span class='ocrx_word' id='word_1_82' title='bbox 629 1627 691 1685; x_wconf 89' lang='lat' dir='ltr'><strong>aut</strong></span> <span class='ocrx_word' id='word_1_83' title='bbox 705 1637 771 1710; x_wconf 86' lang='lat' dir='ltr'><strong>per</strong></span> <span class='ocrx_word' id='word_1_84' title='bbox 788 1627 973 1712; x_wconf 79' lang='lat' dir='ltr'><strong>senatum,</strong></span> <span class='ocrx_word' id='word_1_85' title='bbox 994 1625 1058 1682; x_wconf 88' lang='lat' dir='ltr'><strong>aut</strong></span> <span class='ocrx_word' id='word_1_86' title='bbox 1070 1635 1136 1709; x_wconf 89' lang='lat' dir='ltr'><strong>per</strong></span> <span class='ocrx_word' id='word_1_87' title='bbox 1149 1610 1329 1709; x_wconf 90' lang='lat' dir='ltr'><strong>populum</strong></span> 
     </span>
     <span class='ocr_line' id='line_1_13' title="bbox 259 1717 1330 1823; baseline -0.004 -29"><span class='ocrx_word' id='word_1_88' title='bbox 259 1723 378 1796; x_wconf 81' lang='lat' dir='ltr'><strong>levare</strong></span> <span class='ocrx_word' id='word_1_89' title='bbox 392 1725 506 1822; x_wconf 86' lang='lat' dir='ltr'><strong>possit</strong></span> <span class='ocrx_word' id='word_1_90' title='bbox 518 1729 575 1812; x_wconf 75' lang='lat'><strong>¹²¹3</strong></span> <span class='ocrx_word' id='word_1_91' title='bbox 593 1723 699 1823; x_wconf 90' lang='lat' dir='ltr'><strong>eripit</strong></span> <span class='ocrx_word' id='word_1_92' title='bbox 713 1724 821 1794; x_wconf 87' lang='lat' dir='ltr'><strong>etiam</strong></span> <span class='ocrx_word' id='word_1_93' title='bbox 836 1745 938 1819; x_wconf 86' lang='lat' dir='ltr'><strong>spem</strong></span> <span class='ocrx_word' id='word_1_94' title='bbox 953 1717 1003 1810; x_wconf 87' lang='lat'><strong>¹⁵,</strong></span> <span class='ocrx_word' id='word_1_95' title='bbox 1023 1744 1103 1818; x_wconf 85' lang='lat' dir='ltr'><strong>quae</strong></span> <span class='ocrx_word' id='word_1_96' title='bbox 1122 1719 1196 1791; x_wconf 85' lang='lat' dir='ltr'><strong>sola</strong></span> <span class='ocrx_word' id='word_1_97' title='bbox 1212 1719 1330 1792; x_wconf 91' lang='lat' dir='ltr'><strong>homi·</strong></span> 
     </span>
     <span class='ocr_line' id='line_1_14' title="bbox 259 1828 1328 1927; baseline -0.007 -21"><span class='ocrx_word' id='word_1_98' title='bbox 259 1858 343 1906; x_wconf 91' lang='lat' dir='ltr'><strong>nem</strong></span> <span class='ocrx_word' id='word_1_99' title='bbox 364 1835 403 1904; x_wconf 90' lang='lat' dir='ltr'><strong>in</strong></span> <span class='ocrx_word' id='word_1_100' title='bbox 417 1835 569 1906; x_wconf 90' lang='lat' dir='ltr'><strong>miseriis</strong></span> <span class='ocrx_word' id='word_1_101' title='bbox 588 1831 767 1904; x_wconf 85' lang='lat' dir='ltr'><strong>consolari</strong></span> <span class='ocrx_word' id='word_1_102' title='bbox 784 1830 892 1918; x_wconf 89' lang='lat' dir='ltr'><strong>soiet;</strong></span> <span class='ocrx_word' id='word_1_103' title='bbox 906 1828 1005 1901; x_wconf 90' lang='lat' dir='ltr'><strong>bona</strong></span> <span class='ocrx_word' id='word_1_104' title='bbox 1019 1843 1191 1927; x_wconf 79' lang='lat' dir='ltr'><strong>praeterea</strong></span> <span class='ocrx_word' id='word_1_105' title='bbox 1205 1829 1328 1927; x_wconf 90' lang='lat' dir='ltr'><strong>pubii-</strong></span> 
     </span>
     <span class='ocr_line' id='line_1_15' title="bbox 258 1936 1327 2038; baseline -0.004 -24"><span class='ocrx_word' id='word_1_106' title='bbox 258 1945 331 2014; x_wconf 87' lang='lat' dir='ltr'><strong>cari</strong></span> <span class='ocrx_word' id='word_1_107' title='bbox 341 1941 461 2038; x_wconf 81' lang='lat' dir='ltr'><strong>jubet3</strong></span> <span class='ocrx_word' id='word_1_108' title='bbox 475 1943 586 2014; x_wconf 85' lang='lat' dir='ltr'><strong>vitam</strong></span> <span class='ocrx_word' id='word_1_109' title='bbox 595 1941 707 2014; x_wconf 89' lang='lat' dir='ltr'><strong>solam</strong></span> <span class='ocrx_word' id='word_1_110' title='bbox 715 1939 889 2037; x_wconf 85' lang='lat' dir='ltr'><strong>relinquit</strong></span> <span class='ocrx_word' id='word_1_111' title='bbox 899 1936 930 1984; x_wconf 82' lang='lat'><strong>¹⁶</strong></span> <span class='ocrx_word' id='word_1_112' title='bbox 943 1937 1087 2012; x_wconf 80' lang='lat' dir='ltr'><strong>nefariis</strong></span> <span class='ocrx_word' id='word_1_113' title='bbox 1098 1937 1327 2010; x_wconf 89' lang='lat' dir='ltr'><strong>hominibus:</strong></span> 
     </span>
     <span class='ocr_line' id='line_1_16' title="bbox 257 2049 1330 2150; baseline -0.004 -27"><span class='ocrx_word' id='word_1_114' title='bbox 257 2052 405 2150; x_wconf 84' lang='lat' dir='ltr'><strong>quamsi</strong></span> <span class='ocrx_word' id='word_1_115' title='bbox 414 2053 616 2148; x_wconf 85' lang='lat' dir='ltr'><strong>eripuisset,</strong></span> <span class='ocrx_word' id='word_1_116' title='bbox 635 2051 769 2122; x_wconf 88' lang='lat' dir='ltr'><strong>multos</strong></span> <span class='ocrx_word' id='word_1_117' title='bbox 784 2061 814 2108; x_wconf 88' lang='lat'><strong>¹⁷</strong></span> <span class='ocrx_word' id='word_1_118' title='bbox 829 2073 906 2120; x_wconf 91' lang='lat' dir='ltr'><strong>uno</strong></span> <span class='ocrx_word' id='word_1_119' title='bbox 917 2049 1045 2122; x_wconf 90' lang='lat' dir='ltr'><strong>dolore</strong></span> <span class='ocrx_word' id='word_1_120' title='bbox 1059 2049 1204 2122; x_wconf 86' lang='lat' dir='ltr'><strong>dolores</strong></span> <span class='ocrx_word' id='word_1_121' title='bbox 1217 2052 1330 2121; x_wconf 89' lang='lat' dir='ltr'><strong>animi</strong></span> 
     </span>
     <span class='ocr_line' id='line_1_17' title="bbox 258 2159 1328 2260; baseline -0.004 -26"><span class='ocrx_word' id='word_1_122' title='bbox 258 2176 368 2258; x_wconf 88' lang='lat' dir='ltr'><strong>atque</strong></span> <span class='ocrx_word' id='word_1_123' title='bbox 387 2163 568 2260; x_wconf 91' lang='lat' dir='ltr'><strong>corporis,</strong></span> <span class='ocrx_word' id='word_1_124' title='bbox 587 2175 624 2232; x_wconf 88' lang='lat' dir='ltr'><strong>et</strong></span> <span class='ocrx_word' id='word_1_125' title='bbox 635 2185 763 2233; x_wconf 90' lang='lat' dir='ltr'><strong>omnes</strong></span> <span class='ocrx_word' id='word_1_126' title='bbox 778 2160 953 2232; x_wconf 87' lang='lat' dir='ltr'><strong>scelerum</strong></span> <span class='ocrx_word' id='word_1_127' title='bbox 974 2183 1102 2259; x_wconf 84' lang='lat' dir='ltr'><strong>poenas</strong></span> <span class='ocrx_word' id='word_1_128' title='bbox 1122 2159 1328 2232; x_wconf 87' lang='lat' dir='ltr'><strong>ademisset.</strong></span> 
     </span>
     <span class='ocr_line' id='line_1_18' title="bbox 259 2269 1329 2370; baseline 0 -28"><span class='ocrx_word' id='word_1_129' title='bbox 259 2276 404 2370; x_wconf 85' lang='lat' dir='ltr'><strong>Itaque,</strong></span> <span class='ocrx_word' id='word_1_130' title='bbox 439 2287 480 2344; x_wconf 88' lang='lat' dir='ltr'><strong>ut</strong></span> <span class='ocrx_word' id='word_1_131' title='bbox 516 2270 637 2368; x_wconf 91' lang='lat' dir='ltr'><strong>aliqua</strong></span> <span class='ocrx_word' id='word_1_132' title='bbox 674 2272 712 2342; x_wconf 90' lang='lat' dir='ltr'><strong>in</strong></span> <span class='ocrx_word' id='word_1_133' title='bbox 745 2271 817 2341; x_wconf 88' lang='lat' dir='ltr'><strong>vita</strong></span> <span class='ocrx_word' id='word_1_134' title='bbox 844 2269 1000 2342; x_wconf 87' lang='lat' dir='ltr'><strong>formido</strong></span> <span class='ocrx_word' id='word_1_135' title='bbox 1031 2269 1207 2369; x_wconf 85' lang='lat' dir='ltr'><strong>improbis</strong></span> <span class='ocrx_word' id='word_1_136' title='bbox 1234 2285 1329 2342; x_wconf 88' lang='lat' dir='ltr'><strong>esset</strong></span> 
     </span>
    </p>
   </div>
   <div class='ocr_carea' id='block_1_3' title="bbox 256 2379 1329 2592">
    <p class='ocr_par' dir='ltr' id='par_1_3' title="bbox 256 2379 1329 2592">
     <span class='ocr_line' id='line_1_19' title="bbox 258 2379 1329 2481; baseline -0.002 -28"><span class='ocrx_word' id='word_1_137' title='bbox 258 2388 397 2481; x_wconf 89' lang='lat' dir='ltr'><strong>posita,</strong></span> <span class='ocrx_word' id='word_1_138' title='bbox 423 2379 521 2480; x_wconf 91' lang='lat' dir='ltr'><strong>apud</strong></span> <span class='ocrx_word' id='word_1_139' title='bbox 544 2379 680 2452; x_wconf 86' lang='lat' dir='ltr'><strong>inferos</strong></span> <span class='ocrx_word' id='word_1_140' title='bbox 710 2379 889 2477; x_wconf 87' lang='lat' dir='ltr'><strong>ejusmodi</strong></span> <span class='ocrx_word' id='word_1_141' title='bbox 916 2381 1081 2478; x_wconf 84' lang='lat' dir='ltr'><strong>quaedam</strong></span> <span class='ocrx_word' id='word_1_142' title='bbox 1106 2381 1158 2452; x_wconf 89' lang='lat' dir='ltr'><strong>iiii</strong></span> <span class='ocrx_word' id='word_1_143' title='bbox 1185 2382 1329 2478; x_wconf 88' lang='lat' dir='ltr'><strong>antiqui</strong></span> 
     </span>
     <span class='ocr_line' id='line_1_20' title="bbox 256 2487 1328 2592; baseline -0.002 -28"><span class='ocrx_word' id='word_1_144' title='bbox 256 2492 432 2592; x_wconf 86' lang='lat' dir='ltr'><strong>supplicia</strong></span> <span class='ocrx_word' id='word_1_145' title='bbox 455 2491 575 2589; x_wconf 91' lang='lat' dir='ltr'><strong>impiis</strong></span> <span class='ocrx_word' id='word_1_146' title='bbox 600 2491 796 2564; x_wconf 88' lang='lat' dir='ltr'><strong>constituta</strong></span> <span class='ocrx_word' id='word_1_147' title='bbox 821 2515 899 2563; x_wconf 86' lang='lat' dir='ltr'><strong>esse</strong></span> <span class='ocrx_word' id='word_1_148' title='bbox 918 2489 1116 2564; x_wconf 79' lang='lat' dir='ltr'><strong>voluerunt</strong></span> <span class='ocrx_word' id='word_1_149' title='bbox 1130 2487 1162 2535; x_wconf 80' lang='lat'><strong>¹⁸</strong></span> <span class='ocrx_word' id='word_1_150' title='bbox 1189 2518 1198 2562; x_wconf 76' lang='grc' dir='ltr'><strong><em>ε</em></strong></span> <span class='ocrx_word' id='word_1_151' title='bbox 1224 2489 1328 2588; x_wconf 91' lang='lat' dir='ltr'><strong>quod</strong></span> 
     </span>
    </p>
   </div>
   <div class='ocr_carea' id='block_1_4' title="bbox 139 2760 1327 4165">
    <p class='ocr_par' dir='ltr' id='par_1_4' title="bbox 257 2760 1327 2988">
     <span class='ocr_line' id='line_1_21' title="bbox 296 2760 1327 2830; baseline 0.003 -21"><span class='ocrx_word' id='word_1_152' title='bbox 296 2760 489 2827; x_wconf 77' lang='lat' dir='ltr'><strong>10.Municipiis</strong></span> <span class='ocrx_word' id='word_1_153' title='bbox 498 2761 621 2826; x_wconf 75' lang='lat' dir='ltr'><strong>dispertiri</strong></span> <span class='ocrx_word' id='word_1_154' title='bbox 627 2760 704 2828; x_wconf 76' lang='lat' dir='ltr'><strong>jubet.</strong></span> <span class='ocrx_word' id='word_1_155' title='bbox 715 2761 770 2812; x_wconf 76' lang='lat' dir='ltr'><strong>Alt-</strong></span> <span class='ocrx_word' id='word_1_156' title='bbox 852 2765 893 2814; x_wconf 77' lang='lat'><strong>13.</strong></span> <span class='ocrx_word' id='word_1_157' title='bbox 905 2767 999 2816; x_wconf 68' lang='lat' dir='ltr'><strong>Prttrut</strong></span> <span class='ocrx_word' id='word_1_158' title='bbox 1017 2765 1060 2816; x_wconf 81' lang='grc' dir='ltr'><strong>ΔΙ.</strong></span> <span class='ocrx_word' id='word_1_159' title='bbox 1068 2775 1146 2830; x_wconf 79' lang='lat' dir='ltr'><strong>putet.</strong></span> <span class='ocrx_word' id='word_1_160' title='bbox 1158 2765 1255 2814; x_wconf 73' lang='lat' dir='ltr'><strong>umen.</strong></span> <span class='ocrx_word' id='word_1_161' title='bbox 1267 2779 1327 2813; x_wconf 77' lang='lat' dir='ltr'><strong>eor·</strong></span> 
     </span>
     <span class='ocr_line' id='line_1_22' title="bbox 257 2839 1327 2907; baseline 0.004 -19"><span class='ocrx_word' id='word_1_162' title='bbox 257 2851 333 2905; x_wconf 83' lang='lat' dir='ltr'><strong>quot,</strong></span> <span class='ocrx_word' id='word_1_163' title='bbox 341 2840 426 2905; x_wconf 78' lang='lat' dir='ltr'><strong>itaque</strong></span> <span class='ocrx_word' id='word_1_164' title='bbox 440 2839 556 2905; x_wconf 61' lang='lat' dir='ltr'><strong>micilo</strong></span> <span class='ocrx_word' id='word_1_165' title='bbox 570 2840 630 2889; x_wconf 69' lang='lat' dir='ltr'><strong>tait.</strong></span> <span class='ocrx_word' id='word_1_166' title='bbox 645 2857 659 2888; x_wconf 80' lang='lat' dir='ltr'><strong>e</strong></span> <span class='ocrx_word' id='word_1_167' title='bbox 673 2839 770 2889; x_wconf 79' lang='lat' dir='ltr'><strong>dnobus</strong></span> <span class='ocrx_word' id='word_1_168' title='bbox 813 2842 876 2890; x_wconf 76' lang='lat' dir='ltr'><strong>rexit</strong></span> <span class='ocrx_word' id='word_1_169' title='bbox 885 2854 974 2907; x_wconf 79' lang='lat' dir='ltr'><strong>putent</strong></span> <span class='ocrx_word' id='word_1_170' title='bbox 981 2862 992 2902; x_wconf 91' lang='lat'><strong>,·</strong></span> <span class='ocrx_word' id='word_1_171' title='bbox 1004 2859 1061 2893; x_wconf 81' lang='lat' dir='ltr'><strong>mm</strong></span> <span class='ocrx_word' id='word_1_172' title='bbox 1074 2859 1125 2892; x_wconf 84' lang='lat' dir='ltr'><strong>nou</strong></span> <span class='ocrx_word' id='word_1_173' title='bbox 1139 2843 1170 2892; x_wconf 82' lang='lat' dir='ltr'><strong>tie</strong></span> <span class='ocrx_word' id='word_1_174' title='bbox 1181 2859 1232 2891; x_wconf 82' lang='lat' dir='ltr'><strong>uno</strong></span> <span class='ocrx_word' id='word_1_175' title='bbox 1244 2843 1327 2892; x_wconf 80' lang='lat' dir='ltr'><strong>muni·</strong></span> 
     </span>
     <span class='ocr_line' id='line_1_23' title="bbox 257 2919 1254 2988; baseline 0.005 -20"><span class='ocrx_word' id='word_1_176' title='bbox 257 2921 320 2970; x_wconf 82' lang='lat' dir='ltr'><strong>ttss</strong></span> <span class='ocrx_word' id='word_1_177' title='bbox 334 2919 420 2984; x_wconf 73' lang='lat' dir='ltr'><strong>regiis,</strong></span> <span class='ocrx_word' id='word_1_178' title='bbox 439 2935 512 2984; x_wconf 68' lang='lat' dir='ltr'><strong>«qun</strong></span> <span class='ocrx_word' id='word_1_179' title='bbox 522 2919 663 2984; x_wconf 71' lang='lat' dir='ltr'><strong>municip·</strong></span> <span class='ocrx_word' id='word_1_180' title='bbox 813 2920 883 2986; x_wconf 78' lang='lat' dir='ltr'><strong>cipe,</strong></span> <span class='ocrx_word' id='word_1_181' title='bbox 896 2921 980 2972; x_wconf 66' lang='lat' dir='ltr'><strong>udde</strong></span> <span class='ocrx_word' id='word_1_182' title='bbox 991 2921 1104 2988; x_wconf 80' lang='lat' dir='ltr'><strong>pluribus</strong></span> <span class='ocrx_word' id='word_1_183' title='bbox 1116 2937 1197 2972; x_wconf 70' lang='lat' dir='ltr'><strong>mmo</strong></span> <span class='ocrx_word' id='word_1_184' title='bbox 1209 2932 1254 2972; x_wconf 74' lang='lat' dir='ltr'><strong>ut.</strong></span> 
     </span>
    </p>

    <p class='ocr_par' dir='ltr' id='par_1_5' title="bbox 139 2997 1327 3226">
     <span class='ocr_line' id='line_1_24' title="bbox 295 2997 1327 3064; baseline 0.001 -15"><span class='ocrx_word' id='word_1_185' title='bbox 295 3015 339 3049; x_wconf 85' lang='lat' dir='ltr'><strong>u.</strong></span> <span class='ocrx_word' id='word_1_186' title='bbox 352 2999 521 3064; x_wconf 77' lang='lat' dir='ltr'><strong>Iniquitatem.</strong></span> <span class='ocrx_word' id='word_1_187' title='bbox 536 2997 673 3062; x_wconf 77' lang='lat' dir='ltr'><strong>Municipis</strong></span> <span class='ocrx_word' id='word_1_188' title='bbox 682 2997 772 3046; x_wconf 78' lang='lat' dir='ltr'><strong>suisio·</strong></span> <span class='ocrx_word' id='word_1_189' title='bbox 849 3008 891 3058; x_wconf 70' lang='grc' dir='ltr'><strong>ιι.</strong></span> <span class='ocrx_word' id='word_1_190' title='bbox 905 3003 1002 3050; x_wconf 68' lang='lat' dir='ltr'><strong>Lauare.</strong></span> <span class='ocrx_word' id='word_1_191' title='bbox 1011 3002 1043 3050; x_wconf 82' lang='lat' dir='ltr'><strong>Id</strong></span> <span class='ocrx_word' id='word_1_192' title='bbox 1054 3011 1103 3061; x_wconf 77' lang='lat' dir='ltr'><strong>est,</strong></span> <span class='ocrx_word' id='word_1_193' title='bbox 1115 3001 1233 3051; x_wconf 67' lang='lat' dir='ltr'><strong>leviorum</strong></span> <span class='ocrx_word' id='word_1_194' title='bbox 1245 3001 1327 3050; x_wconf 71' lang='lat' dir='ltr'><strong>imre</strong></span> 
     </span>
     <span class='ocr_line' id='line_1_25' title="bbox 257 3074 1094 3145; baseline 0.008 -21"><span class='ocrx_word' id='word_1_195' title='bbox 257 3076 328 3142; x_wconf 73' lang='lat' dir='ltr'><strong>gibus</strong></span> <span class='ocrx_word' id='word_1_196' title='bbox 341 3077 505 3126; x_wconf 76' lang='lat' dir='ltr'><strong>mebnnmret</strong></span> <span class='ocrx_word' id='word_1_197' title='bbox 516 3077 566 3124; x_wconf 80' lang='lat' dir='ltr'><strong>suis</strong></span> <span class='ocrx_word' id='word_1_198' title='bbox 584 3074 771 3138; x_wconf 68' lang='lat' dir='ltr'><strong>mgistmtibot.</strong></span> <span class='ocrx_word' id='word_1_199' title='bbox 809 3095 909 3145; x_wconf 67' lang='lat' dir='ltr'><strong>pamm</strong></span> <span class='ocrx_word' id='word_1_200' title='bbox 926 3096 954 3128; x_wconf 78' lang='lat' dir='ltr'><strong>to</strong></span> <span class='ocrx_word' id='word_1_201' title='bbox 964 3081 1094 3131; x_wconf 83' lang='lat' dir='ltr'><strong>mitiorem.</strong></span> 
     </span>
     <span class='ocr_line' id='line_1_26' title="bbox 139 3153 1326 3226; baseline -0.001 -21"><span class='ocrx_word' id='word_1_202' title='bbox 139 3213 147 3224; x_wconf 34' lang='grc' dir='ltr'>ι</span> <span class='ocrx_word' id='word_1_203' title='bbox 257 3156 371 3220; x_wconf 85' lang='lat' dir='ltr'><strong>Iniquum</strong></span> <span class='ocrx_word' id='word_1_204' title='bbox 380 3165 432 3204; x_wconf 75' lang='lat' dir='ltr'><strong>erat</strong></span> <span class='ocrx_word' id='word_1_205' title='bbox 444 3155 505 3204; x_wconf 87' lang='lat' dir='ltr'><strong>iilud</strong></span> <span class='ocrx_word' id='word_1_206' title='bbox 514 3170 577 3203; x_wconf 80' lang='lat' dir='ltr'><strong>onus</strong></span> <span class='ocrx_word' id='word_1_207' title='bbox 585 3153 769 3217; x_wconf 71' lang='lat' dir='ltr'><strong>enimponm,</strong></span> <span class='ocrx_word' id='word_1_208' title='bbox 851 3157 892 3210; x_wconf 81' lang='lat'><strong>15.</strong></span> <span class='ocrx_word' id='word_1_209' title='bbox 901 3160 983 3225; x_wconf 71' lang='lat' dir='ltr'><strong>En&#39;pie</strong></span> <span class='ocrx_word' id='word_1_210' title='bbox 992 3176 1066 3225; x_wconf 63' lang='lat' dir='ltr'><strong>span,</strong></span> <span class='ocrx_word' id='word_1_211' title='bbox 1076 3159 1122 3209; x_wconf 71' lang='lat'>1110</span> <span class='ocrx_word' id='word_1_212' title='bbox 1129 3175 1186 3209; x_wconf 72' lang='lat' dir='ltr'><strong>vers</strong></span> <span class='ocrx_word' id='word_1_213' title='bbox 1194 3159 1326 3226; x_wconf 50' lang='lat' dir='ltr'><strong>ntiqui</strong></span> 
     </span>
    </p>

    <p class='ocr_par' dir='ltr' id='par_1_6' title="bbox 258 3232 1252 3302">
     <span class='ocr_line' id='line_1_27' title="bbox 258 3232 1252 3302; baseline 0.006 -18"><span class='ocrx_word' id='word_1_214' title='bbox 258 3233 389 3284; x_wconf 82' lang='lat' dir='ltr'><strong>stdiffioile</strong></span> <span class='ocrx_word' id='word_1_215' title='bbox 400 3234 431 3282; x_wconf 78' lang='lat' dir='ltr'><strong>rb</strong></span> <span class='ocrx_word' id='word_1_216' title='bbox 441 3234 640 3298; x_wconf 79' lang='lat' dir='ltr'><strong>illisimpstrtre,</strong></span> <span class='ocrx_word' id='word_1_217' title='bbox 649 3232 770 3297; x_wconf 73' lang='lat' dir='ltr'><strong>quispto-</strong></span> <span class='ocrx_word' id='word_1_218' title='bbox 812 3253 857 3302; x_wconf 75' lang='lat' dir='ltr'><strong>sps</strong></span> <span class='ocrx_word' id='word_1_219' title='bbox 871 3237 936 3288; x_wconf 82' lang='lat' dir='ltr'><strong>unilt</strong></span> <span class='ocrx_word' id='word_1_220' title='bbox 946 3247 1074 3288; x_wconf 67' lang='lat' dir='ltr'><strong>moratur.</strong></span> <span class='ocrx_word' id='word_1_221' title='bbox 1244 3255 1252 3270; x_wconf 93' lang='lat'><strong>·</strong></span> 
     </span>
    </p>

    <p class='ocr_par' dir='ltr' id='par_1_7' title="bbox 256 3311 1325 3536">
     <span class='ocr_line' id='line_1_28' title="bbox 257 3311 1325 3383; baseline 0.005 -22"><span class='ocrx_word' id='word_1_222' title='bbox 257 3313 394 3382; x_wconf 62' lang='lat' dir='ltr'><strong>ponmttur</strong></span> <span class='ocrx_word' id='word_1_223' title='bbox 407 3323 488 3362; x_wconf 86' lang='lat' dir='ltr'><strong>totum</strong></span> <span class='ocrx_word' id='word_1_224' title='bbox 504 3313 664 3375; x_wconf 72' lang='lat' dir='ltr'><strong>municipium</strong></span> <span class='ocrx_word' id='word_1_225' title='bbox 681 3311 708 3358; x_wconf 87' lang='lat' dir='ltr'><strong>in</strong></span> <span class='ocrx_word' id='word_1_226' title='bbox 720 3311 767 3359; x_wconf 85' lang='lat' dir='ltr'><strong>ho·</strong></span> <span class='ocrx_word' id='word_1_227' title='bbox 852 3318 893 3366; x_wconf 79' lang='lat'><strong>16.</strong></span> <span class='ocrx_word' id='word_1_228' title='bbox 907 3318 989 3367; x_wconf 79' lang='lat' dir='ltr'><strong>Vitam</strong></span> <span class='ocrx_word' id='word_1_229' title='bbox 1003 3318 1083 3366; x_wconf 78' lang='lat' dir='ltr'><strong>solam</strong></span> <span class='ocrx_word' id='word_1_230' title='bbox 1095 3317 1216 3383; x_wconf 76' lang='lat' dir='ltr'><strong>relinquit.</strong></span> <span class='ocrx_word' id='word_1_231' title='bbox 1223 3320 1259 3366; x_wconf 89' lang='lat' dir='ltr'><strong>Ut</strong></span> <span class='ocrx_word' id='word_1_232' title='bbox 1270 3333 1325 3382; x_wconf 52' lang='lat' dir='ltr'><strong>pst*</strong></span> 
     </span>
     <span class='ocr_line' id='line_1_29' title="bbox 256 3389 1325 3462; baseline 0.001 -18"><span class='ocrx_word' id='word_1_233' title='bbox 256 3394 330 3444; x_wconf 79' lang='lat' dir='ltr'><strong>stium</strong></span> <span class='ocrx_word' id='word_1_234' title='bbox 341 3392 400 3442; x_wconf 83' lang='lat'><strong>1000</strong></span> <span class='ocrx_word' id='word_1_235' title='bbox 412 3391 568 3451; x_wconf 75' lang='lat' dir='ltr'><strong>habendum,</strong></span> <span class='ocrx_word' id='word_1_236' title='bbox 580 3391 602 3438; x_wconf 84' lang='lat' dir='ltr'><strong>si</strong></span> <span class='ocrx_word' id='word_1_237' title='bbox 615 3389 671 3454; x_wconf 82' lang='lat' dir='ltr'><strong>quis</strong></span> <span class='ocrx_word' id='word_1_238' title='bbox 683 3390 770 3450; x_wconf 79' lang='lat' dir='ltr'><strong>eonio·</strong></span> <span class='ocrx_word' id='word_1_239' title='bbox 813 3407 889 3460; x_wconf 80' lang='lat' dir='ltr'><strong>petuo</strong></span> <span class='ocrx_word' id='word_1_240' title='bbox 898 3397 1053 3446; x_wconf 65' lang='lat' dir='ltr'><strong>munientia</strong></span> <span class='ocrx_word' id='word_1_241' title='bbox 1064 3397 1168 3446; x_wconf 69' lang='lat' dir='ltr'><strong>nimulis</strong></span> <span class='ocrx_word' id='word_1_242' title='bbox 1176 3406 1325 3462; x_wconf 69' lang='lat' dir='ltr'><strong>punguntur.</strong></span> 
     </span>
     <span class='ocr_line' id='line_1_30' title="bbox 257 3469 1322 3536; baseline 0.002 -15"><span class='ocrx_word' id='word_1_243' title='bbox 257 3470 475 3522; x_wconf 77' lang='lat' dir='ltr'><strong>ntoromvineuis</strong></span> <span class='ocrx_word' id='word_1_244' title='bbox 484 3469 608 3536; x_wconf 75' lang='lat' dir='ltr'><strong>mpitust.</strong></span> <span class='ocrx_word' id='word_1_245' title='bbox 851 3475 941 3536; x_wconf 75' lang='lat' dir='ltr'><strong>¹7.Sic</strong></span> <span class='ocrx_word' id='word_1_246' title='bbox 954 3476 1086 3526; x_wconf 77' lang='lat' dir='ltr'><strong>rectissime</strong></span> <span class='ocrx_word' id='word_1_247' title='bbox 1106 3477 1232 3526; x_wconf 69' lang='lat' dir='ltr'><strong>hilam</strong></span> <span class='ocrx_word' id='word_1_248' title='bbox 1249 3475 1322 3524; x_wconf 80' lang='lat' dir='ltr'>MSS.</span> 
     </span>
    </p>

    <p class='ocr_par' dir='ltr' id='par_1_8' title="bbox 255 3547 1327 4165">
     <span class='ocr_line' id='line_1_31' title="bbox 296 3547 1322 3619; baseline -0.001 -16"><span class='ocrx_word' id='word_1_249' title='bbox 296 3568 337 3602; x_wconf 66' lang='grc' dir='ltr'><strong>ια.</strong></span> <span class='ocrx_word' id='word_1_250' title='bbox 352 3553 504 3598; x_wconf 61' lang='lat' dir='ltr'><strong>Decernatur</strong></span> <span class='ocrx_word' id='word_1_251' title='bbox 523 3560 620 3605; x_wconf 61' lang='lat' dir='ltr'><strong>iamt</strong></span> <span class='ocrx_word' id='word_1_252' title='bbox 639 3547 661 3594; x_wconf 60' lang='grc' dir='ltr'><strong>θ’</strong></span> <span class='ocrx_word' id='word_1_253' title='bbox 674 3547 767 3612; x_wconf 62' lang='lat' dir='ltr'><strong>pimi-</strong></span> <span class='ocrx_word' id='word_1_254' title='bbox 813 3554 896 3618; x_wconf 67' lang='lat' dir='ltr'><strong>Vulgo</strong></span> <span class='ocrx_word' id='word_1_255' title='bbox 903 3553 993 3619; x_wconf 70' lang='lat' dir='ltr'><strong>legitur</strong></span> <span class='ocrx_word' id='word_1_256' title='bbox 1003 3555 1093 3604; x_wconf 73' lang='lat' dir='ltr'><strong>multas</strong></span> <span class='ocrx_word' id='word_1_257' title='bbox 1101 3566 1126 3604; x_wconf 81' lang='lat' dir='ltr'><strong>et</strong></span> <span class='ocrx_word' id='word_1_258' title='bbox 1135 3554 1205 3604; x_wconf 74' lang='lat' dir='ltr'><strong>abest</strong></span> <span class='ocrx_word' id='word_1_259' title='bbox 1216 3554 1322 3603; x_wconf 78' lang='lat' dir='ltr'><strong>dolores.</strong></span> 
     </span>
     <span class='ocr_line' id='line_1_32' title="bbox 257 3627 920 3690; baseline -0.003 -12"><span class='ocrx_word' id='word_1_260' title='bbox 257 3632 358 3683; x_wconf 69' lang='lat' dir='ltr'><strong>Curris</strong></span> <span class='ocrx_word' id='word_1_261' title='bbox 368 3628 494 3678; x_wconf 75' lang='lat' dir='ltr'><strong>sententis.</strong></span> <span class='ocrx_word' id='word_1_262' title='bbox 504 3629 559 3690; x_wconf 77' lang='lat' dir='ltr'><strong>Qua</strong></span> <span class='ocrx_word' id='word_1_263' title='bbox 569 3642 627 3676; x_wconf 74' lang='lat' dir='ltr'><strong>curs</strong></span> <span class='ocrx_word' id='word_1_264' title='bbox 636 3637 704 3676; x_wconf 72' lang='lat' dir='ltr'><strong>uret</strong></span> <span class='ocrx_word' id='word_1_265' title='bbox 712 3627 769 3676; x_wconf 84' lang='lat' dir='ltr'><strong>Tul·</strong></span> <span class='ocrx_word' id='word_1_266' title='bbox 813 3634 837 3682; x_wconf 87' lang='lat' dir='ltr'><strong>J.</strong></span> <span class='ocrx_word' id='word_1_267' title='bbox 845 3634 877 3679; x_wconf 81' lang='lat' dir='ltr'><strong>V.</strong></span> <span class='ocrx_word' id='word_1_268' title='bbox 893 3633 920 3682; x_wconf 76' lang='lat' dir='ltr'><strong>t,</strong></span> 
     </span>
     <span class='ocr_line' id='line_1_33' title="bbox 255 3706 1326 3775; baseline -0.001 -16"><span class='ocrx_word' id='word_1_269' title='bbox 255 3710 303 3759; x_wconf 85' lang='lat' dir='ltr'><strong>lius</strong></span> <span class='ocrx_word' id='word_1_270' title='bbox 316 3726 348 3758; x_wconf 79' lang='lat' dir='ltr'><strong>ne</strong></span> <span class='ocrx_word' id='word_1_271' title='bbox 366 3711 484 3759; x_wconf 62' lang='lat' dir='ltr'><strong>cumn</strong></span> <span class='ocrx_word' id='word_1_272' title='bbox 506 3706 633 3765; x_wconf 56' lang='lat' dir='ltr'><strong>offendam</strong></span> <span class='ocrx_word' id='word_1_273' title='bbox 652 3721 701 3770; x_wconf 81' lang='lat' dir='ltr'><strong>qut</strong></span> <span class='ocrx_word' id='word_1_274' title='bbox 718 3717 770 3756; x_wconf 72' lang='lat' dir='ltr'><strong>arte</strong></span> <span class='ocrx_word' id='word_1_275' title='bbox 851 3712 892 3758; x_wconf 82' lang='lat' dir='ltr'><strong>rs.</strong></span> <span class='ocrx_word' id='word_1_276' title='bbox 907 3708 1033 3774; x_wconf 76' lang='lat' dir='ltr'><strong>Supplicia</strong></span> <span class='ocrx_word' id='word_1_277' title='bbox 1045 3709 1124 3775; x_wconf 73' lang='lat' dir='ltr'><strong>:inpiis</strong></span> <span class='ocrx_word' id='word_1_278' title='bbox 1136 3709 1267 3760; x_wconf 62' lang='lat' dir='ltr'><strong>wustrhta</strong></span> <span class='ocrx_word' id='word_1_279' title='bbox 1277 3726 1326 3758; x_wconf 81' lang='grc' dir='ltr'><strong>νο·</strong></span> 
     </span>
     <span class='ocr_line' id='line_1_34' title="bbox 257 3785 1325 3852; baseline -0.002 -15"><span class='ocrx_word' id='word_1_280' title='bbox 257 3786 375 3838; x_wconf 71' lang='lat' dir='ltr'><strong>suadendi</strong></span> <span class='ocrx_word' id='word_1_281' title='bbox 396 3785 499 3836; x_wconf 82' lang='lat' dir='ltr'><strong>nimium</strong></span> <span class='ocrx_word' id='word_1_282' title='bbox 521 3785 631 3836; x_wconf 77' lang='lat' dir='ltr'><strong>studium</strong></span> <span class='ocrx_word' id='word_1_283' title='bbox 652 3785 769 3848; x_wconf 76' lang='lat' dir='ltr'><strong>cohibet,</strong></span> <span class='ocrx_word' id='word_1_284' title='bbox 813 3787 917 3836; x_wconf 73' lang='lat' dir='ltr'><strong>inarum.</strong></span> <span class='ocrx_word' id='word_1_285' title='bbox 926 3788 1030 3852; x_wconf 75' lang='lat' dir='ltr'><strong>Antiqui</strong></span> <span class='ocrx_word' id='word_1_286' title='bbox 1038 3788 1130 3837; x_wconf 79' lang='lat' dir='ltr'><strong>nuliam</strong></span> <span class='ocrx_word' id='word_1_287' title='bbox 1142 3799 1233 3838; x_wconf 63' lang='lat' dir='ltr'><strong>mmm</strong></span> <span class='ocrx_word' id='word_1_288' title='bbox 1246 3787 1325 3836; x_wconf 74' lang='lat' dir='ltr'><strong>idm</strong></span> 
     </span>
     <span class='ocr_line' id='line_1_35' title="bbox 256 3865 1325 3934; baseline 0 -18"><span class='ocrx_word' id='word_1_289' title='bbox 256 3868 458 3934; x_wconf 80' lang='lat' dir='ltr'><strong>propositumque</strong></span> <span class='ocrx_word' id='word_1_290' title='bbox 480 3882 551 3915; x_wconf 83' lang='lat' dir='ltr'><strong>tuum</strong></span> <span class='ocrx_word' id='word_1_291' title='bbox 574 3866 641 3928; x_wconf 75' lang='lat' dir='ltr'><strong>tegit.</strong></span> <span class='ocrx_word' id='word_1_292' title='bbox 664 3865 769 3925; x_wconf 67' lang='lat' dir='ltr'><strong>trojam</strong></span> <span class='ocrx_word' id='word_1_293' title='bbox 814 3865 946 3915; x_wconf 69' lang='lat' dir='ltr'><strong>teintona</strong></span> <span class='ocrx_word' id='word_1_294' title='bbox 963 3865 1103 3928; x_wconf 73' lang='lat' dir='ltr'><strong>habebunt,</strong></span> <span class='ocrx_word' id='word_1_295' title='bbox 1121 3868 1178 3932; x_wconf 73' lang='lat' dir='ltr'><strong>quis</strong></span> <span class='ocrx_word' id='word_1_296' title='bbox 1196 3883 1264 3918; x_wconf 77' lang='lat' dir='ltr'><strong>mens</strong></span> <span class='ocrx_word' id='word_1_297' title='bbox 1276 3867 1325 3916; x_wconf 85' lang='lat' dir='ltr'><strong>hu-</strong></span> 
     </span>
     <span class='ocr_line' id='line_1_36' title="bbox 256 3941 1327 4011; baseline 0 -17"><span class='ocrx_word' id='word_1_298' title='bbox 256 3945 399 3995; x_wconf 76' lang='lat' dir='ltr'><strong>orsdsbntur</strong></span> <span class='ocrx_word' id='word_1_299' title='bbox 411 3946 492 3994; x_wconf 65' lang='lat' dir='ltr'><strong>cnm</strong></span> <span class='ocrx_word' id='word_1_300' title='bbox 511 3943 677 4005; x_wconf 74' lang='lat' dir='ltr'><strong>coniurationi</strong></span> <span class='ocrx_word' id='word_1_301' title='bbox 688 3941 768 3991; x_wconf 71' lang='lat' dir='ltr'><strong>affinis</strong></span> <span class='ocrx_word' id='word_1_302' title='bbox 813 3961 883 3994; x_wconf 71' lang='lat' dir='ltr'><strong>muns</strong></span> <span class='ocrx_word' id='word_1_303' title='bbox 897 3945 1003 3994; x_wconf 75' lang='lat' dir='ltr'><strong>tenebris</strong></span> <span class='ocrx_word' id='word_1_304' title='bbox 1015 3945 1126 3996; x_wconf 75' lang='lat' dir='ltr'><strong>involuta</strong></span> <span class='ocrx_word' id='word_1_305' title='bbox 1136 3963 1187 3995; x_wconf 84' lang='lat' dir='ltr'><strong>non</strong></span> <span class='ocrx_word' id='word_1_306' title='bbox 1196 3955 1327 4011; x_wconf 72' lang='lat' dir='ltr'><strong>potestne·</strong></span> 
     </span>
     <span class='ocr_line' id='line_1_37' title="bbox 255 4023 1325 4092; baseline 0.002 -20"><span class='ocrx_word' id='word_1_307' title='bbox 255 4039 322 4084; x_wconf 75' lang='lat' dir='ltr'><strong>este,</strong></span> <span class='ocrx_word' id='word_1_308' title='bbox 335 4024 418 4072; x_wconf 84' lang='lat' dir='ltr'><strong>mitior</strong></span> <span class='ocrx_word' id='word_1_309' title='bbox 428 4028 481 4088; x_wconf 79' lang='lat' dir='ltr'><strong>ejus</strong></span> <span class='ocrx_word' id='word_1_310' title='bbox 490 4025 610 4076; x_wconf 68' lang='lat' dir='ltr'><strong>neumis</strong></span> <span class='ocrx_word' id='word_1_311' title='bbox 619 4023 707 4074; x_wconf 72' lang='lat' dir='ltr'><strong>Catoni</strong></span> <span class='ocrx_word' id='word_1_312' title='bbox 721 4023 768 4073; x_wconf 82' lang='lat' dir='ltr'><strong>init</strong></span> <span class='ocrx_word' id='word_1_313' title='bbox 812 4024 1167 4092; x_wconf 50' lang='lat' dir='ltr'><strong>ciperani-ittonam</strong></span> <span class='ocrx_word' id='word_1_314' title='bbox 1177 4025 1241 4076; x_wconf 75' lang='lat' dir='ltr'><strong>luno</strong></span> <span class='ocrx_word' id='word_1_315' title='bbox 1249 4025 1325 4074; x_wconf 73' lang='lat' dir='ltr'><strong>vitam</strong></span> 
     </span>
     <span class='ocr_line' id='line_1_38' title="bbox 256 4098 939 4165; baseline 0.01 -18"><span class='ocrx_word' id='word_1_316' title='bbox 256 4098 313 4148; x_wconf 78' lang='lat' dir='ltr'><strong>ideo</strong></span> <span class='ocrx_word' id='word_1_317' title='bbox 324 4101 467 4165; x_wconf 74' lang='lat' dir='ltr'><strong>suspiriosa.</strong></span> <span class='ocrx_word' id='word_1_318' title='bbox 539 4151 542 4160; x_wconf 84' lang='grc'><em>,</em></span> <span class='ocrx_word' id='word_1_319' title='bbox 811 4102 939 4154; x_wconf 75' lang='lat' dir='ltr'><strong>bibentur.</strong></span> 
     </span>
    </p>
   </div>
   <div class='ocr_carea' id='block_1_5' title="bbox 1479 703 1481 802">
    <p class='ocr_par' dir='ltr' id='par_1_9' title="bbox 1479 703 1481 802">
     <span class='ocr_line' id='line_1_39' title="bbox 1479 703 1481 802; baseline 0 0"><span class='ocrx_word' id='word_1_320' title='bbox 1479 703 1481 802; x_wconf 80' lang='lat' dir='ltr'><strong>i</strong></span> 
     </span>
    </p>
   </div>
   <div class='ocr_carea' id='block_1_6' title="bbox 0 0 1518 4680">
    <p class='ocr_par' dir='ltr' id='par_1_10' title="bbox 0 0 1518 4680">
     <span class='ocr_line' id='line_1_40' title="bbox 0 0 1518 4680; baseline 0 4"><span class='ocrx_word' id='word_1_321' title='bbox 0 0 1518 4680; x_wconf 95' lang='lat' dir='ltr'><strong> </strong></span> 
     </span>
    </p>
   </div>
  </div>
 </body>
</html>
