2912 4654
1127 247 1135 276 t

236 368 304 441 ιι6
561 373 609 440 Μ.
636 373 675 440 T.
702 372 983 442 CICERONIS

230 493 433 565 multorum
451 493 666 564 testimoniis
683 492 833 590 planum
855 491 991 564 factum
1014 504 1093 562 est:
1113 489 1215 587 quod
1236 493 1306 594 cri-

228 630 313 675 men
337 619 413 676 erat
432 605 621 701 proprium
640 603 736 673 illius
753 603 977 700 quaestionis,
997 615 1034 672 et
1049 625 1130 699 quae
1149 625 1208 672 res
1228 601 1306 700 iege

230 717 424 811 majestatis
442 712 643 785 tenebatur.
659 717 706 785 At
723 708 818 784 boc⁸
837 709 957 784 obsuit
977 713 1010 783 ei
1026 713 1197 784 maxime.
1227 716 1307 783 iam

227 829 294 898 ista
319 827 491 897 divinatio
522 838 609 895 est:
643 847 715 920 qua
750 824 780 894 si
798 824 852 894 uti
881 824 985 909 iicet,
1004 820 1108 909 vide,
1147 847 1195 894 ne
1226 825 1309 894 mea

228 935 435 1030 conjectura
457 931 573 1004 multo
590 933 635 1002 sit
657 934 786 1004 verior.
814 937 890 1028 Ego
912 933 1010 1004 enim
1044 933 1094 1004 sic
1119 930 1305 1020 arbitror,

227 1043 404 1132 Bulbum,
435 1042 535 1139 quoti
566 1041 678 1113 homo
711 1067 892 1139 nequam,
923 1042 1059 1140 turpis,
1087 1040 1309 1140 improbus,

228 1156 350 1226 multis
368 1153 510 1250 flagitiis
524 1153 794 1224 contaminatus
805 1155 844 1224 in
858 1151 1038 1247 judicium
1054 1155 1099 1224 sit
1110 1151 1309 1239 adductus,

227 1266 361 1337 iticireo
378 1263 515 1334 facilius
531 1287 608 1334 esse
626 1262 836 1334 damnatum
857 1289 868 1333 ε
888 1277 928 1334 tu
948 1262 1037 1333 mibi
1049 1287 1093 1335 ex
1104 1278 1183 1334 tota
1200 1289 1309 1336 causa

224 1375 353 1462 Bulbi,
378 1371 480 1471 quod
506 1371 572 1444 tibi
598 1373 834 1446 commodum
860 1387 931 1461 est,
953 1373 1074 1469 eligis,
1097 1389 1141 1444 ut
1161 1372 1199 1445 id
1227 1397 1307 1446 esse

226 1500 402 1584 sequutos
416 1482 557 1580 judices
577 1483 686 1556 dicas.

273 1600 435 1672 XXXVI.
453 1598 685 1693 Quapropter
710 1593 782 1665 hoc
808 1593 914 1665 Bulbi
929 1592 1108 1689 judicium
1126 1619 1202 1666 non
1223 1595 1306 1694 pius

226 1705 356 1777 obesse
372 1704 459 1776 huic
478 1728 593 1776 causae
613 1703 746 1791 debet,
765 1729 875 1802 quam
894 1703 969 1792 illa,
985 1729 1066 1801 quae
1085 1728 1305 1776 commemo·

223 1831 301 1887 rata
315 1829 400 1886 sunt
422 1813 468 1886 ab
487 1828 712 1899 accusatore,
731 1812 808 1884 duo
834 1813 987 1908 judicia,
1003 1819 1040 1885 P.
1065 1814 1249 1911 Popiliii¹,
1268 1829 1306 1888 et

223 1931 262 1998 T.
286 1929 429 1997 Guttae:
450 1926 513 2020 qui
533 1947 675 1995 causam
695 1923 743 1996 de
760 1921 900 1995 ambitu
913 1924 1099 2011 dixenmt,
1117 1927 1183 2022 qui
1196 1949 1304 1998 accu-

225 2037 291 2108 sati
311 2051 398 2107 sunt
415 2034 461 2106 ab
478 2036 536 2121 iis,
557 2037 620 2132 qui
642 2049 745 2106 erant
761 2037 830 2132 ipsi
848 2032 1030 2106 ambitus²
1048 2034 1303 2107 condemnati:

222 2173 315 2247 quos
333 2171 399 2245 ego
423 2169 498 2217 non
521 2143 656 2217 idcirco
672 2169 749 2216 esse
768 2143 924 2216 arbitror
943 2147 980 2215 in
997 2147 1181 2243 integrum
1192 2151 1300 2218 resti-

220 2273 338 2348 tutos,
355 2256 456 2356 quod
468 2257 616 2354 planum
628 2253 798 2341 fecerint,
814 2255 895 2326 iilos
909 2253 958 2327 ob
975 2277 1054 2326 rem
1066 2253 1306 2348 judicandam

223 2370 415 2468 pecuniam
440 2368 641 2466 accepisse,
665 2364 728 2437 sed
753 2363 855 2464 quod
873 2365 1058 2463 judicibus
1088 2365 1304 2465 probarint,

222 2475 323 2576 qnod
342 2478 380 2547 in
400 2475 528 2546 eodem
543 2499 694 2574 genere,
711 2479 840 2573 inquo
858 2476 927 2574 ipsi
942 2475 1199 2566 offendissent,
1213 2477 1306 2550 aiios

219 2584 557 2685 reprehendissent,
575 2611 613 2658 se
634 2586 680 2658 ad
698 2590 845 2685 praemia
866 2587 954 2686 legis
973 2589 1095 2660 venire
1116 2603 1303 2686 oportere.

222 2701 457 2795 Quapropter
480 2698 665 2768 neminem
692 2695 859 2769 dubitare
890 2699 1081 2786 existimo,
1114 2699 1205 2796 quin
1242 2699 1305 2772 illa

220 2806 403 2878 damnatio
424 2805 581 2878 ambitus
600 2806 699 2878 nulia
720 2832 765 2878 ex
785 2823 887 2907 parte
907 2832 991 2879 cum
1013 2833 1122 2882 causa
1141 2808 1304 2882 Cluentii

223 2932 420 3016 vestroque
431 2916 570 3012 judicio
589 2918 782 3014 conjuncta
800 2942 876 2990 esse
895 2919 1020 3017 possit.
1052 2918 1166 3010 Quid,
1199 2921 1305 3017 quod

226 3028 391 3102 Staienus
415 3042 469 3100 est
489 3025 776 3101 condemnatus?
794 3030 877 3100 Non
904 3027 987 3099 dico
1012 3027 1084 3100 hoc
1113 3043 1303 3128 tempore,

226 3253 281 3300 tur,
295 3241 337 3303 qui
350 3237 439 3286 milites
455 3237 635 3299 sollicitaverit,
655 3241 739 3288 couci-
819 3253 843 3288 u.
857 3238 969 3287 Ambitus
979 3238 1143 3288 condemnati
1158 3241 1184 3289 Si
1196 3243 1252 3306 quie
1265 3243 1303 3292 le-

226 3321 360 3378 taveritve,
390 3333 442 3382 quo
468 3317 557 3366 seditio
588 3319 738 3368 tumultusve
783 3317 854 3382 gibus
871 3318 901 3365 de
914 3317 1007 3366 ambitu
1018 3320 1184 3380 damnaretur,
1195 3324 1302 3386 μοιιιιίι

225 3398 341 3449 adversus
359 3411 437 3460 remp.
459 3393 510 3445 liat.
528 3397 602 3448 Cous.
623 3397 655 3446 eri
677 3397 738 3446 celo.
782 3408 807 3446 et
817 3397 959 3461 magistratu
972 3396 1121 3448 muitebetur
1134 3400 1209 3465 (Sall.
1224 3402 1302 3452 Cutil.

225 3483 296 3528 verr.
310 3479 337 3536 1,
349 3493 402 3525 exc.
412 3476 442 3524 tle
454 3475 524 3526 rubi.
532 3477 586 3538 iuti.
599 3477 738 3544 §Quaestio
785 3477 816 3524 rs
826 3474 851 3539 );
872 3477 911 3523 eiu
932 3475 1006 3524 elium
1027 3481 1169 3544 quempiam
1188 3480 1302 3542 eiusdem

226 3559 365 3622 majestatie.
782 3555 889 3602 oriminis
911 3569 980 3602 reum
1004 3557 1174 3614 convinceret,
1191 3561 1219 3607 iu
1237 3561 1303 3611 iute-

262 3639 289 3687 Β.
311 3638 370 3684 Ηοσ.
390 3635 488 3684 Crimen
505 3635 617 3699 corrupti
632 3635 736 3697 judicii,
781 3649 851 3698 grum
860 3632 1044 3694 restituebatura
1054 3637 1142 3686 Cicero
1152 3649 1233 3688 eutem
1241 3657 1303 3690 oon·

224 3717 293 3783 quod
301 3715 381 3764 Bulbo
392 3725 428 3763 eet
438 3715 569 3776 objectum.
781 3711 819 3760 eui
839 3711 944 3760 Tullium
970 3713 1047 3778 legem
1069 3714 1100 3764 de
1124 3718 1219 3768 ambitu
1241 3721 1303 3770 tulit

260 3797 383 3844 XXXVI.
407 3810 430 3845 1.
451 3797 478 3843 Ρ.
501 3793 608 3858 Popillii.
629 3795 738 3842 Uniuse
783 3792 868 3840 ceteris
897 3795 1058 3853 severiorem,
1084 3795 1156 3857 eujus
1183 3797 1302 3850 ‹te-mn>

222 3873 364 3938 judicibus,
387 3889 437 3920 non
458 3873 566 3934 ejusdem
586 3887 645 3919 vero
669 3874 739 3934 cuiue
783 3871 862 3920 exsilii
878 3887 951 3936 poeue
969 3874 1101 3924 constituta
1118 3885 1162 3924 est.
1181 3879 1253 3927 Pium
1269 3880 1303 3928 tie

224 3963 293 4001 autea
306 3967 360 4016 cup.
375 3949 408 4001 35
421 3952 538 3999 meminit.
558 3950 738 4014 Quintilianus,
782 3952 828 4000 beo
847 3963 917 4017 parte
932 3953 1000 4012 ride,
1018 3966 1135 4019 utsupra
1154 3957 1186 4004 uri
1206 3959 1300 4007 enicem

224 4033 282 4080 dum
295 4031 360 4078 bunc
374 4031 455 4080 locutu
468 4033 501 4090 V,
518 4045 564 4089 ιο,
579 4031 680 4090 recitat,
693 4033 737 4080 Ti·
782 4034 853 4080 Vere.
874 4032 901 4089 1,
920 4035 1021 4080 Excurs.
1041 4032 1072 4080 tie
1089 4033 1145 4097 iud.
1159 4034 1177 4101 S
1193 4037 1302 4102 quatio

224 4110 317 4160 betium
331 4109 432 4157 Guttam
444 4107 540 4158 ecribit.
782 4125 899 4179 perpetuu
916 4111 947 4162 tle
960 4113 1064 4164 ambitu.
