2934 4680
134 427 1190 456 wmmmmmmfflmffl

380 602 945 710 incensurum
1005 733 1007 738 Ι

50 891 53 898 ·
141 869 222 927 Anno
240 860 332 924 Urbis
356 861 425 934 687,
440 859 551 921 Aulum
575 860 742 921 Cluentium
761 862 881 922 Avitum
906 864 1035 943 equitem
1059 884 1211 926 romanum

176 980 210 1018 ex
224 957 385 1038 municipio
400 955 536 1017 Larinate
555 957 703 1017 accusarit
716 959 748 1018 C.
760 957 956 1038 Oppianicus,
973 961 1054 1040 quod
1067 963 1213 1042 Oppiani·

141 1073 143 1078 ·
176 1078 239 1116 cum
249 1069 363 1136 patrem
372 1075 458 1114 suum
474 1054 604 1115 exsulem
616 1075 728 1117 veneno
741 1055 949 1132 interfecisset,
959 1055 1095 1138 idemque
1100 1059 1214 1138 judices

177 1155 226 1234 qui
238 1167 307 1214 octo
322 1167 389 1213 ante
399 1153 482 1213 annis
491 1153 689 1234 Oppianicum
703 1151 910 1214 damnaverant
917 1156 1013 1236 pretio
1027 1157 1214 1238 corrupisset.

178 1255 286 1315 Primae
306 1267 404 1313 autem
419 1253 475 1314 hac
488 1253 519 1313 in
537 1253 721 1314 accinctione
733 1268 832 1336 partes
855 1255 960 1336 agebat
974 1257 1069 1320 Sassia
1089 1256 1215 1316 Cluentii

179 1364 279 1424 mater,
295 1351 416 1410 nefariae
432 1350 563 1410 libidinis
576 1370 610 1412 ac
622 1351 713 1410 virilis
726 1350 855 1412 audaciae
866 1353 981 1428 mulier,
995 1373 1062 1432 quac
1076 1373 1137 1412 non
1152 1372 1218 1412 ma-

181 1461 262 1507 terno
279 1458 411 1516 tantum,
426 1445 478 1506 sed
498 1447 622 1507 femineo
636 1447 716 1505 omni
730 1461 819 1508 exuto
833 1467 930 1522 sensu,
949 1451 1055 1530 saepius
1070 1449 1131 1528 jam
1151 1468 1217 1508 cum

180 1543 346 1626 Oppianico
367 1556 450 1624 patre
466 1545 610 1607 insontem
625 1544 718 1604 filiurn
736 1545 914 1606 atrocissima
929 1546 1038 1606 invidia
1051 1546 1220 1627 opprimere

182 1653 351 1700 tentaverat
359 1645 418 1700 Ista
428 1640 539 1700 scilieet
548 1653 665 1701 mortuo
674 1645 706 1698 A.
713 1641 849 1702 Cluentio
859 1642 958 1717 Avito,
968 1658 1052 1726 patre
1062 1645 1124 1724 ejus
1133 1663 1221 1724 quem

181 1740 283 1800 Cicero
306 1736 452 1812 defendit,
469 1737 566 1818 primo
587 1739 618 1797 in
632 1758 762 1798 amorem
777 1751 808 1799 et
824 1739 958 1800 scelestae
972 1743 1089 1822 nuptias
1106 1747 1142 1800 A.
1162 1745 1221 1800 Au·

183 1838 257 1896 rium
270 1836 423 1910 Melinum,
433 1836 574 1896 Cluentiae
584 1835 651 1896 filiae
662 1857 722 1896 suae
735 1835 902 1918 conjugem,
916 1839 1055 1919 pellexit3
1069 1858 1138 1900 mox
1148 1859 1221 1900 vero

183 1933 297 1994 sublato
307 1933 401 1994 Aurio
413 1923 543 2004 Melino,
559 1934 651 1994 Statio
657 1933 763 1994 Albico
774 1935 939 2015 Oppianico
955 1935 1016 2015 ejus
1031 1935 1156 1996 occisori
1170 1957 1223 1995 nu-

183 2029 241 2104 bit,
253 2031 306 2110 qui
322 2044 355 2091 ut
370 2029 467 2091 locum
477 2030 625 2090 sceleratis
637 2031 747 2110 nuptiis
760 2017 882 2106 faceret,
891 2044 950 2092 tres
960 2053 1030 2093 suos
1040 2033 1116 2092 filios
1128 2047 1222 2092 necat.

185 2133 286 2207 Neque
297 2127 371 2187 illud
380 2127 407 2188 ei
420 2127 548 2208 primum
561 2128 704 2188 scelerum
714 2129 810 2188 fuerat
823 2142 1036 2190 tentamentum
1048 2173 1057 2205 ,
1067 2130 1224 2190 nonnullos

183 2225 241 2306 jam
257 2224 425 2298 occiderat,
445 2229 547 2286 Romae
569 2237 740 2285 testamenta
762 2241 971 2306 supposuerat,
995 2246 1113 2287 socrum
1129 2227 1223 2306 ipsam

188 2343 299 2383 veneno
318 2323 495 2396 sustulerat,
508 2322 560 2402 q'ui
579 2323 640 2402 jam
656 2336 688 2382 ut
703 2323 854 2384 tolleretur
867 2325 964 2404 gruum
983 2345 1017 2386 ac
1039 2326 1224 2406 importunus
1271 2356 1277 2378 1

188 2423 283 2496 testis,
303 2421 449 2502 simulque
465 2419 502 2479 ad
524 2420 649 2482 Sassiam
666 2419 814 2482 hereditas
835 2423 886 2482 filii
907 2424 1032 2484 Cluentii
1046 2424 1225 2504 perveniret,

186 2518 369 2601 Oppianicus
382 2537 450 2578 eum
469 2537 582 2577 veneno
601 2517 769 2602 interimere
782 2521 942 2580 constitnit
957 2524 1034 2583 Usus
1049 2533 1092 2581 est
1108 2520 1145 2580 ad
1161 2540 1225 2582 eam

189 2637 250 2676 rem
266 2615 419 2688 Fabricio,
432 2614 552 2675 homine
564 2615 686 2674 scelesto
698 2628 728 2674 et
740 2617 866 2696 impuro.
883 2621 912 2678 ls
925 2618 1104 2679 Scamandro
1119 2617 1225 2677 liberto

191 2734 334 2774 venenum
350 2711 454 2772 dedit:
471 2733 562 2792 quum
576 2724 729 2792 aegrotaret
742 2713 907 2787 Cluentius,
931 2715 1036 2775 medici
1054 2715 1227 2794 Cleopbanti

190 2830 303 2872 servum
324 2809 484 2888 Diogenem
498 2809 648 2870 Fabricius
663 2830 715 2890 spe
729 2822 758 2868 et
771 2811 868 2888 pretio
887 2810 1071 2884 sollicitavit,
1086 2824 1120 2869 ut
1132 2830 1226 2869 vene-

192 2928 260 2967 num
274 2927 292 2966 a
305 2906 483 2968 Scamandro
498 2917 650 2986 acceptum
666 2907 801 2966 Cluentio
815 2905 909 2966 daret.
922 2909 1031 2966 Servus
1047 2906 1123 2986 frugi
1140 2919 1229 2985 atque

191 3006 302 3084 integer
315 3024 377 3063 rem
389 3003 427 3062 ad
441 3003 592 3062 dominum
606 3002 933 3083 detulit‚Cleopbantus
944 3002 981 3062 de
991 3003 1122 3079 ¹l'ucinore
1135 3003 1229 3062 inten-

195 3118 254 3165 tato
263 3124 331 3163 cum
344 3085 478 3164 Cluentio
488 3114 532 3162 est
544 3102 692 3180 loquutus.
707 3107 736 3162 Is
748 3101 910 3181 Diogenem
922 3101 992 3162 emit
1002 3122 1020 3162 a
1029 3101 1226 3182 Cleophant03

193 3221 337 3261 venenum
350 3196 454 3260 dicbus
468 3199 583 3280 paucis,
597 3197 681 3258 multi
694 3199 751 3259 viri
761 3198 833 3258 boni
849 3218 940 3278 quum
953 3219 989 3258 ex
1000 3200 1117 3259 occulto
1132 3199 1228 3258 inter-

196 3299 355 3370 venissent,
375 3295 407 3355 in
422 3295 556 3356 manibus
571 3295 740 3355 Scamandri
755 3293 993 3376 deprehenditur.
1011 3296 1160 3356 Cluentius
1176 3315 1228 3356 no·

196 3415 259 3454 men
271 3394 333 3474 ejus
342 3393 437 3453 defert
446 3417 455 3468 3
465 3405 633 3453 accusatore
647 3392 740 3452 utitur
751 3397 782 3452 P.
794 3393 929 3454 Canutio.
944 3393 1124 3454 Cicerocum
1137 3413 1154 3452 a
1165 3397 1229 3452 Me-

198 3491 349 3552 trinatibus
364 3504 482 3570 rogatus
494 3489 633 3550 defendit.
648 3489 823 3552 Scamander
836 3489 972 3552 omnibus
987 3489 1137 3551 sententiis
1150 3509 1226 3568 prae-

198 3601 240 3648 ter
250 3609 338 3649 unam
351 3589 504 3649 damnatus
518 3573 570 3648 est.
582 3591 657 3648 Tum
667 3587 816 3649 Fabricius
827 3609 895 3649 rcus
910 3590 1015 3659 factus,
1029 3601 1180 3646 accusatus
1191 3586 1229 3645 ab

198 3686 299 3746 eodem
313 3686 438 3747 Canutio
445 3729 454 3759 ,
470 3684 606 3744 defensus
620 3705 639 3748 a
651 3684 789 3745 fratribus
800 3685 929 3767 Cepasiis
941 3728 950 3755 ,
957 3683 1090 3764 judicum
1099 3682 1228 3742 omnium

203 3785 348 3844 sententiis
364 3783 527 3842 damnatur.
547 3782 635 3860 Apud
652 3781 768 3842 eosdem
781 3783 895 3862 judices
914 3782 1093 3861 Oppianicus
1108 3799 1174 3871 reus
1187 3794 1231 3840 est

201 3881 310 3954 factus,
329 3899 422 3960 quum
435 3877 495 3956 jam
512 3878 569 3938 illis
583 3877 699 3939 duobus
712 3879 887 3958 praejudiciis
901 3878 1053 3937 damnatus
1073 3889 1157 3936 esset.
1175 3880 1230 3936 Ac·

203 3978 312 4036 cusamt
333 3997 400 4036 eum
420 3977 579 4048 Canutius;
603 3975 734 4035 defendit
750 3981 782 4036 L.
796 3976 932 4052 Quintius
950 3973 1014 4034 trib.
1032 3973 1073 4055 pl.
1086 3973 1231 4050 Quaesitor

202 4073 423 4140 latumias.
436 4073 628 4154 Oppianicus,
645 4095 820 4155 quamquam
836 4076 953 4148 Stalcno
967 4075 1120 4152 pecuniam
1139 4071 1231 4148 dedc-
