2956 4676
248 349 327 432 1811
429 395 433 402 -
555 353 605 420 Μ.
628 354 666 419 Τ.
693 353 985 426 CICERONIS

243 470 398 543 dedecus
413 470 650 568 pertinebant.
664 473 760 544 Nihil
774 473 818 546 de
832 474 949 547 alteris
963 477 1151 573 Oppianici
1166 482 1303 578 nuptiis

243 603 397 679 queror:
420 605 573 678 quarum
596 582 653 652 illa
676 609 789 680 qunm
808 584 950 656 obsides
967 585 1060 658 filios
1076 585 1121 658 ab
1139 613 1183 660 1ο
1204 615 1302 661 mor·
1342 649 1345 656 .

242 706 326 762 tuos
356 697 603 789 accepisset¹⁰‚
635 707 712 762 tum
747 692 905 792 denique
934 697 972 765 in
1001 693 1140 768 familiae
1164 697 1302 768 luctum

240 816 350 898 atque
369 805 405 871 11
423 803 667 898 privignorum
690 801 801 874 funus
822 810 955 903 nupsit.
982 811 1179 895 Praetereo,
1202 807 1303 905 qnod

242 915 394 982 Aurium
407 913 577 983 Melinum
590 921 635 999 ¹¹,
648 913 750 1008 cujus
761 914 818 984 illa
834 915 1016 1012 quondam
1028 941 1170 1005 socrus,
1182 918 1302 1016 paullo

242 1037 326 1093 ante
350 1046 443 1091 uxor
469 1019 615 1112 fnisset,
641 1047 755 1118 quum
781 1027 968 1122 Oppianici
991 1049 1067 1096 esse
1089 1050 1198 1124 opera
1217 1051 1302 1124 pro-

242 1133 414 1230 scriptum
435 1133 667 1228 occisumque
692 1149 942 1229 cognosceret,
962 1159 1040 1205 eam
1065 1134 1134 1205 sibi
1152 1134 1303 1207 domum

240 1242 436 1337 sedemque
453 1241 612 1338 conjugii
627 1241 775 1338 delegit,
788 1245 826 1312 in
842 1267 914 1340 qna
930 1243 1093 1341 qnotidie
1108 1246 1302 1342 superioris

239 1355 305 1422 viri
320 1355 445 1422 mortis
459 1351 609 1438 indicia,
627 1353 789 1449 etspolia
803 1350 1030 1424 fortunarum
1048 1352 1194 1424 videret.
1209 1352 1303 1424 Illud

241 1463 397 1560 primum
417 1484 563 1557 queror,
579 1460 625 1531 de
642 1460 704 1532 illo
718 1463 903 1551 scelere¹²‚
919 1461 1018 1560 quod
1031 1487 1130 1534 nunc
1143 1463 1302 1559 denique

239 1572 455 1671 patefactum
483 1583 535 1641 est
548 1567 590 1661 ¹³,
614 1570 811 1644 Fabriciani
831 1576 982 1646 veneni:
1004 1571 1103 1670 quod
1125 1574 1199 1668 jam
1225 1587 1301 1644 tum

239 1705 384 1768 recens,
403 1681 637 1778 suspiciosum
652 1683 799 1771 ceteris,
812 1683 906 1754 'huic
924 1681 1133 1754 incredibile
1144 1685 1187 1770 ¹⁴,
1203 1707 1302 1752 nunc

240 1817 327 1863 vero
354 1806 516 1888 apertum
541 1791 613 1886 jam
640 1791 810 1863 omnibus
835 1817 875 1863 ac
894 1791 1123 1863 manifestum
1147 1789 1299 1860 videtur.

239 1907 322 1974 Non
345 1903 398 1972 'est
419 1899 582 1998 prolecto
604 1900 649 1972 de
671 1902 733 1973 ilts
751 1928 891 1974 veneno
915 1904 1025 1976 celata
1052 1915 1187 1988 mater;
1211 1901 1301 1971 nihil

241 2023 295 2080 est
323 2008 369 2079 ab
395 2013 596 2106 Oppianico
621 2014 698 2081 sine
724 2014 874 2084 consilio
900 2014 1059 2083 mulieris
1080 2014 1298 2108 cogitatum:

240 2117 341 2216 qnod
359 2120 428 2189 nisi
446 2133 558 2206 esset,
585 2134 680 2192 certe
704 2137 844 2219 postea,
866 2120 1089 2220 deprehensa
1104 2147 1143 2191 re
1159 2118 1201 2205 ¹⁵,
1226 2146 1301 2191 non

238 2230 297 2300 illa
316 2245 357 2300 ut
376 2227 421 2300 ab
442 2228 609 2330 improbo
633 2231 709 2301 viro
727 2229 964 2318 discessisset,
983 2230 1044 2302 scd
1066 2242 1107 2300 ut
1127 2255 1147 2300 a
1171 2228 1300 2300 crude·

239 2340 374 2410 lissimo
405 2339 509 2409 hoste
535 2337 701 2438 fugisset,
731 2330 955 2438 domumque
983 2339 1079 2411 illam
1106 2341 1144 2408 11
1168 2362 1300 2436 perpe·

240 2463 361 2532 tuum,
375 2447 508 2519 scelere
523 2450 621 2520 omni
637 2447 862 2536 affluentem,
877 2451 1088 2547 reliquisset.
1098 2447 1300 2540 Nonfmodo

238 2557 275 2630 id
295 2557 484 2644 confecit,
507 2559 569 2628 1111
588 2557 633 2630 ab
652 2560 713 2664 illo
733 2575 896 2658 tempore
915 2560 1056 2630 nullum
1073 2560 1193 2630 locum
1213 2583 1300 2656 prae-

239 2668 406 2754 termisit,
432 2671 469 2737 in
497 2691 571 2764 quo
594 2691 669 2738 non
696 2671 888 2741 instrueret
909 2670 1054 2741 insidias
1079 2669 1234 2766 aliquas,
1258 2692 1299 2738 ac

238 2775 314 2847 dies
334 2799 460 2847 omnes
481 2801 523 2846 ac
545 2791 670 2848 noctes
691 2791 767 2848 tota
791 2795 912 2850 mente
937 2794 1051 2850 mater
1073 2779 1118 2849 de
1142 2778 1299 2874 pernicie

236 2883 301 2954 filii
330 2888 513 2980 cogitaret.
545 2888 634 2974 Quae
662 2888 840 2990 primum,
872 2904 913 2958 ut
935 2890 1042 2968 istum
1071 2885 1300 2960 confirmaret

238 2995 479 3091 Oppianicum
509 3009 751 3066 accusatorem
785 2995 860 3067 filio
889 3022 972 3082 suo,
1000 2996 1118 3083 donis,
1138 2999 1297 3066 muneri·

236 3099 307 3172 bus
319 3099 361 3189 ¹⁶·,
377 3102 610 3174 collocatione
626 3103 723 3192 liliae,
742 3118 806 3203 sp‘e
823 3104 1029 3177 hereditatis
1044 3105 1250 3176 obstrinxit.

274 3289 315 3326 m.
328 3274 472 3338 decepisset.
484 3278 566 3340 Quum
578 3279 708 3348 Oppienici
716 3276 745 3325 11-
789 3295 864 3362 quum
878 3281 1074 3344 appropinquare
1089 3277 1133 3326 lilii
1145 3277 1265 3339 iudicium
1275 3280 1297 3327 ei
1382 3307 1385 3314 ·

234 3355 322 3402 tiorum
330 3369 413 3402 necem
426 3357 562 3420 nuptiarum
572 3369 693 3421 tamquam
705 3357 745 3421 pi·
789 3360 925 3407 nuntiatum
944 3370 993 3417 est,
1005 3359 1093 3406 larino
1114 3359 1217 3405 Romam
1239 3373 1296 3404 eon·

237 3449 299 3498 gnua
311 3436 453 3496 accepisset.
789 3437 867 3484 11111111
880 3437 1014 3494 advolavit,
1027 3453 1057 3483 ne
1066 3445 1107 3482 ant
1116 3436 1296 3502 accusatoribus

274 3527 312 3561 11.
332 3513 455 3562 Melinum.
473 3518 614 3582 cognomen
632 3514 701 3562 abest
713 3513 744 3562 ab
788 3514 1081 3578 diligentia‚autpecuuia
1090 3515 1189 3561 testibus
1198 3513 1295 3562 deesset.

236 3593 292 3642 edd.
304 3593 500 3658 principibus.
513 3595 545 3642 V.
560 3599 586 3642 L.
827 3591 1296 3654 11.1111111111κ111“1111.01111111011111-

270 3689 310 3721 11.
330 3671 433 3722 Scelere.
453 3673 584 3724 Lambinus
605 3675 714 3736 reposuit
731 3689 745 3719 e
788 3674 836 3722 tine
847 3671 919 3720 fidem
930 3672 1044 3720 adbibere
1058 3687 1107 3719 non
1120 3682 1209 3734 posset.

233 3753 386 3813 conjectura,
410 3751 497 3800 «Illud
519 3753 623 3816 primum
641 3766 743 3815 queror,
827 3753 866 3799 15.
881 3751 1034 3815 Reprehensa
1044 3767 1080 3800 re.
1096 3751 1203 3832 Cognito
1216 3768 1245 3800 ac
1256 3767 1295 3814 pa·

231 3831 294 3878 illud
305 3831 408 3879 scetus».
422 3831 561 3894 Eleganter,
579 3831 620 3878 sed
634 3833 686 3878 sine
702 3849 759 3896 aug
788 3833 876 3881 telaeto
888 3831 986 3879 scelere.

233 3911 346 3958 ctoritate
357 3909 478 3958 codicum.
494 3911 510 3958 J
514 3946 520 3957 ,
535 3912 566 3958 V.
576 3913 602 3956 L.
826 3913 865 3959 16.
880 3909 1019 3970 Λ111,(11111
1030 3909 1190 3958 muliebribus.
1201 3911 1258 3958 tv.
1267 3911 1293 3956 L.

271 3990 310 4036 13.
325 3987 478 4052 Patefactum
488 3999 531 4037 est.
543 3990 636 4053 Nempe
649 3989 744 4036 sceleris
787 4017 820 4026 --
830 3967 961 4037 Ctntiexere
973 4005 1004 4035 ex
1018 3987 1114 4034 duobus
1128 3987 1202 4035 codd.
1221 3987 1295 4035 Cleri·

230 4068 282 4130 ejus
296 4067 416 4114 consciam
440 4069 512 4115 luisse
532 4079 644 4127 matrem,
670 4068 742 4131 quia,
787 4083 829 4116 cus
843 4079 867 4116 et
876 4069 1017 4127 Memmius,
1031 4077 1089 4115 teste
1101 4067 1214 4115 Victorio
1224 4067 1291 4133 (Ver.
