2986 4670
407 368 982 459 DELEGEAGRAR1A‚11.
1163 364 1272 450 285'

161 491 294 566 stultos
313 514 409 578 esse,
430 493 495 590 qui
517 491 594 565 hato
614 508 779 592 sperent3
806 509 880 566 tam
899 494 1148 594 impudentes,
1167 505 1232 600 qui

160 615 371 674 conentur:
393 600 483 673 illud
502 626 648 699 queror,
666 618 739 676 tam
761 627 819 678 me
838 603 925 676 ab”
904 630 946 676 us
967 629 1044 678 esse
1070 625 1232 684 oontem-

160 726 289 812 ptum,
308 727 350 784 ut
368 711 444 784 haec
461 727 651 810 portenta,
670 739 728 786 me
745 715 910 804 consule,
928 719 1158 851 potissimum
1176 748 1235 796 co-

103 881 107 889 .
159 823 329 920 gitarent.

211 936 308 1003 XXI.
344 931 505 1028 Atque
497 955 534 1002 ιιι
568 931 740 1008 omnibus
775 933 831 1006 his
857 938 949 1033 agris
977 936 1231 1040 aedificiisque¹

159 1041 383 1131 vendendis,
403 1043 626 1143 permittitur
644 1043 871 1135 decemviris,
887 1071 934 1117 ur
950 1073 1139 1141 vnttuanr,
1157 1078 1233 1139 Qut·

161 1178 378 1238 nuscunoun
402 1177 442 1224 m
462 1177 561 1224 noma
586 1178 776 1226 vtunarua.
801 1159 832 1226 Ο
858 1157 1106 1255 perturbatam
1126 1168 1234 1236 ratio-

160 1261 269 1334 nem!
297 1289 319 1334 o
343 1261 531 1336 libidinem
554 1262 827 1336 refrenandam!
854 1291 877 1338 o
897 1268 1046 1362 contilia
1063 1269 1236 1347 dissoluta

160 1371 453 1471 atqueperdita!

213 1483 409 1582 Vectigalia
423 1483 543 1576 locare
558 1507 739 1581 nusquam
754 1484 848 1574 licet,
867 1487 937 1557 nisi
955 1487 991 1557 in
1008 1486 1099 1560 bac’
1120 1489 1233 1580 urbe,

161 1594 235 1667 hoc
252 1619 298 1666 ex
312 1589 430 1682 loco³‚
446 1591 517 1664 hac
536 1607 697 1665 vestrum
713 1592 937 1692 frequentia:
955 1601 1080 1670 venire
1100 1616 1234 1676 vestras

160 1731 221 1777 res
238 1707 422 1804 proprias.
443 1717 480 1776 et
497 1703 535 1774 in
554 1717 771 1802 perpetuum
792 1729 812 1774 a
830 1704 933 1777 vobis
949 1707 1098 1780 alienari
1114 1711 1152 1780 in
1172 1713 1236 1784 Pa·

161 1814 366 1912 phlagoniae
392 1811 573 1901 tenebris,
595 1827 705 1910 atque
723 1814 762 1883 in
786 1815 1020 1913 Cappadocia
1039 1818 1235 1896 solitudine

161 1924 310 1996 licebit?
328 1928 367 1996 L.
390 1923 488 1996 Sulla
512 1949 627 2020 quum
644 1922 742 1996 bona
759 1923 1080 1998 indemnatorumi
1102 1934 1233 2020 civium

160 2035 307 2108 funesta
319 2035 381 2107 illa
394 2035 562 2106 auctione
576 2058 640 2106 sua
654 2033 845 2120 venderet,
859 2049 896 2106 et
910 2061 948 2107 se
961 2037 1118 2136 praedam
1131 2065 1233 2114 suam

160 2146 301 2218 diceret
322 2144 501 2233 vendere,
527 2158 646 2215 tamen
672 2169 716 2215 ex
740 2144 812 2216 hoc
840 2144 922 2217 loco
944 2147 1128 2238 vendidit3
1150 2177 1233 2239 nec,

160 2281 322 2355 quorum
347 2243 472 2327 octllos
492 2251 722 2343 offendebat,
749 2279 877 2326 eorum
900 2260 1062 2354 ipsorum
1083 2283 1234 2360 conspe-

161 2383 262 2439 ctum
289 2365 415 2464 lugere
441 2387 550 2436 ausus
579 2378 664 2434 est:
694 2363 887 2436 decemviri
907 2380 1027 2437 vestra
1048 2371 1233 2466 vectigalia

160 2503 240 2550 non
264 2477 375 2548 modo
401 2501 449 2548 ne
471 2473 575 2546 vobis
596 2471 772 2571 quidem⁵
797 2473 957 2563 arbitris,
980 2477 1113 2550 sedne
1138 2505 1231 2579 prae·

160 2613 256 2661 cone
274 2585 430 2685 quidem⁴
445 2584 594 2684 publico
613 2599 705 2655 teste
726 2581 906 2656 vendenti
952 2607 955 2612 ’

211 2701 382 2796 Sequitur
391 2695 420 2786 ⁶,
448 2719 569 2768 onnus
598 2719 715 2796 aenos
741 2720 861 2766 nxrna
884 2699 1062 2786 Iratum,
1089 2698 1233 2776 infinito

160 2915 358 2980 qui‘conentum
378 2910 426 2960 hoo
445 2909 572 2958 concedo:
591 2924 676 2957 terunt
757 2915 782 2963 4.
799 2906 1011 2956 Indtnutatornm.
1036 2909 1119 2970 Quum
1142 2912 1233 2962 civim

160 2993 274 3042 illudeia
287 3007 338 3040 non
351 2992 468 3054 ignomn,
482 2989 600 3053 quodme
614 2987 676 3036 adeo
719 2986 790 3036 nullo
804 2985 900 3046 judicio
921 2984 1111 3048 damnatorum,
1132 2989 1175 3038 aad
1200 2993 1232 3042 ab

160 3071 370 3136 nont-pterim,
388 3081 417 3118 nt
433 3070 487 3118 hae
506 3067 675 3134 ponarium,
719 3066 775 3130 ipro
788 3065 983 3130 proscriptorum
996 3064 1061 3113 bona
1081 3067 1233 3132 lacrymabili

161 3169 202 3201 nae
213 3151 325 3212 contult,
336 3153 454 3214 cogitent.
718 3144 760 3192 illa
774 3159 816 3191 sua
834 3144 948 3192 auctione
965 3143 1080 3192 venderet
1096 3147 1171 3198 Sulla.
1189 3151 1231 3202 cs,

197 3233 272 3281 xxi.
283 3229 490 3298 t.Mfitiisqua.
499 3229 533 3275 Ut
541 3227 675 3290 inuti-aqna
718 3224 783 3273 Flor.
798 3225 850 3283 111,
865 3238 908 3270 ar.

162 3311 324 3376 Cartbagine,
335 3325 394 3374 quat
402 3308 448 3356 laao
457 3308 511 3372 lnge
522 3306 634 3355 vendent.
755 3305 780 3352 5.
794 3304 850 3351 Non
862 3319 897 3351 m.
908 3319 940 3351 tta
950 3302 1029 3353 vodis.
1047 3305 1141 3355 Erneat.
1153 3321 1233 3361 ιιιιιιι.

200 3405 225 3438 a.
236 3389 375 3438 th'tt't'nltao
381 3388 449 3438 arbo.
458 3384 676 3450 Vectigalialorari
719 3382 774 3440 bat,
792 3403 805 3425 ι
813 3398 865 3430 non
878 3398 910 3431 tn·
923 3380 997 3431 tobia
1008 3383 1107 3447 quidam
1115 3407 1136 3434 a.
1149 3390 1234 3454 Repo.

162 3484 217 3518 non
229 3478 350 3533 portant,
368 3466 415 3516 niti
430 3469 530 3527 Roma,
543 3481 575 3514 ex
590 3463 675 3512 roatria
719 3461 799 3510 nimna
821 3461 926 3524 primam
948 3460 1080 3512 lectionem
1106 3481 1157 3514 non
1178 3469 1233 3518 aine

162 3547 231 3596 unde
239 3547 385 3612 loquebatur
395 3547 496 3606 Cicero,
505 3546 532 3594 in
541 3552 675 3608 conspeetu
718 3557 803 3600 cauta,
819 3552 862 3589 aut
874 3541 1026 3592 testimoniis.
1038 3543 1063 3590 J.
1070 3545 1101 3592 V.
1112 3545 1142 3594 L.

162 3627 253 3693 populi
264 3643 324 3676 nont.
336 3627 415 3675 multo
429 3626 509 3674 minna
521 3639 580 3689 ergo
593 3622 676 3671 licebit
756 3621 781 3670 6.
795 3619 916 3684 Sequitur.
925 3620 998 3668 Nune
1007 3637 1059 3668 eam
1070 3620 1129 3685 legin
1137 3636 1231 3687 pamm

162 3723 192 3755 ea
209 3705 311 3756 vendere
325 3716 351 3756 et
366 3707 394 3754 in
409 3715 556 3770 perpetuum
572 3702 676 3752 alienam
719 3699 830 3762 attingit,
840 3700 1039 3763 quadeoenaviria
1047 3701 1232 3763 permittebatur

161 3787 275 3852 proprian
289 3803 326 3834 rea
340 3785 367 3833 in
381 3783 493 3833 ohaonria
505 3779 676 3848 Paphlagonia
720 3795 805 3828 omnen
816 3794 887 3842 agros
897 3790 963 3826 extra
978 3775 1086 3837 Italiam,
1098 3781 1187 3844 privati
1199 3800 1230 3834 an

160 3864 309 3925 moenibus,
327 3865 445 3914 autinter
458 3861 621 3927 Cappadocia
635 3860 677 3910 dn·
719 3857 871 3923 publiciaint
875 3871 1052 3920 Moognoaoern
1059 3863 1230 3923 anpergmde

161 3955 234 3995 aea-ta.
720 3937 842 4000 vectigal
834 3950 974 4000 imponere
986 3937 1095 4000 exceptu
1105 3943 1232 4004 agataqm

200 4027 225 4074 3.
239 4025 296 4072 Hoc
310 4039 345 4072 ax
357 4023 421 4072 toto.
437 4020 517 4072 Codd
526 4020 602 4070 Palat.
614 4019 676 4068 naala
719 4013 1229 4079 bnadam,daqn'buafoedere1amantea
1319 4018 1326 4040 ⁸

162 4104 234 4152 ltot
248 4113 291 4150 ant
305 4101 349 4149 illo
365 4116 395 4150 ex
408 4101 497 4148 loeo.
498 4100 539 4149 J.
549 4101 581 4148 V.
595 4101 622 4147 t.
719 4103 888 4144 cantnmtrat.
