2958 4670
163 463 207 482 m
212 463 257 482 §M
262 456 1042 482 ΜΜἯΜΜἏΊΜΊΜΜΜἉΏΜΜἊὮἪ
1046 461 1089 479 ffl
1093 460 1227 482 ΜΜΜ

408 651 970 764 ARGUMENTUM.

162 939 251 990 Anno
261 933 297 992 U.
310 933 341 987 C.
358 931 430 1006 690,
450 947 540 1007 quum
552 923 654 988 Cicero
668 927 768 986 consul
782 927 899 985 comitia
913 927 1076 986 consularia
1089 924 1208 990 baberet
1218 915 1229 1002 ‚⁴

201 1029 332 1086 scandes
343 1027 374 1084 in
389 1041 496 1084 annum
510 1027 673 1104 proximum
688 1025 827 1104 designati
842 1036 909 1084 sunt
922 1025 1057 1083 Decimus
1071 1025 1185 1086 Silanus
1198 1043 1227 1087 et

200 1130 235 1183 L.
250 1129 390 1195 Murena,
401 1124 547 1202 repulsam
563 1136 659 1182 autem
673 1123 740 1180 tulit
754 1127 832 1180 Serv.
851 1122 995 1200 Sulpicius
1002 1123 1227 1200 jureconsultus.

202 1223 233 1280 ls
244 1241 278 1280 ea
293 1239 326 1278 re
338 1232 500 1278 ccmnrotus
510 1213 635 1280 ambitus
648 1223 801 1278 Murenam
816 1219 959 1277 accusavit
971 1221 1041 1276 cum'
1055 1219 1147 1279 tribus
1161 1221 1228 1280 sub·

201 1317 410 1396 scriptoribus,
434 1321 475 1374 id.
491 1319 619 1387 Catone,
638 1321 690 1376 Cn.
704 1317 870 1387 Postumio,
887 1328 916 1374 et
932 1319 995 1374 Ser.
1010 1317 1139 1394 Sulpicio
1156 1317 1230 1377 ado-

203 1414 336 1472 lescente.
354 1418 504 1471 Murenam
517 1411 612 1491 prima
627 1413 740 1472 actione
755 1411 885 1471 defendit
898 1415 934 1484 Q.
945 1413 1129 1486 Hortensius,
1141 1415 1232 1473 altera

202 1513 243 1567 M.
260 1512 394 1578 Crassus,
407 1511 489 1568 tertia
503 1515 543 1568 Μ.
559 1515 593 1573 Τ.
606 1511 709 1569 Cicero
722 1509 831 1569 consul.

241 1611 276 1664 ln
292 1605 413 1664 exordio
429 1607 555 1684 primum
569 1607 611 1666 ait
623 1627 654 1666 se
667 1611 837 1679 Murenam,
848 1625 935 1684 quem
947 1605 977 1664 in
992 1605 1117 1665 comitiis
1130 1625 1234 1666 cortsu⁴

201 1701 311 1760 laribus
326 1702 382 1760 diis
391 1702 665 1775 commendavisset,
679 1723 758 1762 nunc
770 1701 918 1780 judicibus
932 1701 1150 1776 commendare,
1165 1723 1191 1761 e.
1206 1723 1231 1760 1.

201 1796 315 1856 Deinde
329 1799 486 1877 respondet
499 1799 616 1858 Catonis
631 1798 869 1878 reprehensioni,
883 1797 933 1875 qni
949 1809 1105 1876 negaverat
1121 1811 1232 1857 rectum

202 1895 298 1966 luisse,
312 1895 482 1980 Ciceronem
491 1909 521 1955 et
532 1898 681 1956 consulem
688 1909 717 1954 et
725 1896 794 1974 legis
807 1895 843 1954 de
855 1894 965 1954 ambitu
979 1896 1117 1968 latorem,
1129 1909 1159 1954 et
1173 1908 1232 1955 tam

200 2010 300 2050 serere
311 2005 392 2069 gesto
408 1993 560 2052 consulatu
575 2013 691 2052 causam
705 1997 748 2052 M.
766 1997 898 2052 Murenae
913 1992 1072 2070 attingere3
1088 1991 1232 2070 docetque

199 2089 347 2148 cumulem
366 2087 547 2167 designatum
562 2109 579 2148 a
592 2091 710 2150 consule
731 2087 900 2168 reipublicae
915 2109 1001 2149 cansa
1016 2089 1232 2148 defendendum

200 2205 280 2258 esse,
299 2201 354 2244 nec
368 2187 438 2264 legis
451 2185 489 2244 de
502 2185 613 2246 ambitu
630 2188 768 2246 lationem
782 2187 939 2266 impedire,
954 2207 1013 2264 quo
1029 2187 1122 2244 minus
1135 2186 1233 2244 homi-

201 2301 266 2341 nem
288 2284 469 2342 innocentem
483 2285 616 2362 periculo
632 2283 753 2357 liberet,
768 2305 805 2357 a,
819 2286 847 2342 3.
871 2283 985 2343 Deinde
998 2284 1110 2359 accedit
1122 2283 1159 2341 ad
1170 2289 1233 2344 Ser.

200 2379 319 2456 Sulpicii
340 2381 592 2458 conquestionem,
606 2381 656 2458 qui
677 2399 708 2440 sc
723 2381 889 2458 gravissime
905 2393 935 2438 et
951 2380 1134 2440 acerbissime
1157 2368 1234 2440 serre

202 2465 316 2533 dixerat
323 2518 333 2546 ‚
344 2476 513 2534 Ciceronem
525 2477 725 2536 familiaritatis
739 2476 1015 2554 necessitudinisque
1026 2476 1148 2536 oblitum
1162 2497 1234 2536 cau-

200 2591 262 2630 sam
276 2577 308 2643 L.
322 2571 453 2630 Murenae
467 2586 567 2631 contra
579 2593 610 2632 se
624 2572 795 2646 defendere5
820 2575 867 2632 cni
881 2575 983 2632 Licere
1000 2576 1134 2652 reponit,
1155 2575 1229 2634 nihil

200 2669 256 2746 ipsi
269 2671 451 2728 consulatum
470 2669 581 2748 petenti
596 2689 613 2728 a
626 2687 657 2730 se
673 2670 811 2742 defuisse,
825 2669 905 2747 quod
919 2682 994 2728 esset
1005 2683 1055 2728 unt
1069 2670 1105 2728 ab
1120 2673 1230 2744 amico,

200 2781 251 2824 aut
265 2786 282 2824 a
297 2767 440 2844 gratioso,
461 2780 543 2825 anta
563 2767 683 2826 consule
704 2766 920 2844 postulandum.
940 2771 1025 2826 Nunc
1040 2781 1136 2826 autem
1157 2787 1187 2826 se
1202 2768 1231 2827 ei

199 2876 302 2922 contra
315 2865 438 2923 salutem
453 2869 585 2921 Murenae
601 2863 674 2921 nihil
688 2861 812 2933 debere,
826 2883 880 2919 nee
896 2881 1010 2939 aequum
1022 2882 1095 2934 esse,
1115 2883 1145 2921 se
1159 2884 1232 2922 con-

200 2963 292 3018 sulem
308 2960 505 3038 designatum,
529 2962 646 3037 quicum
662 2959 719 3019 sibi
737 2975 819 3018 vetus
837 2969 866 3018 et
879 2979 982 3037 magna
996 2961 1120 3019 amicitia
1133 2961 1187 3033 sit,
1202 2963 1233 3020 in

199 3057 301 3134 capitis
317 3057 503 3114 dimicatione
519 3055 673 3129 deserere,
690 3065 717 3125 4.

240 3157 304 3212 Jaru
317 3171 406 3230 quum
426 3165 483 3212 tres
506 3152 593 3210 totius
614 3153 805 3211 accusationis
824 3165 921 3232 partes
943 3153 1081 3226 luissent,
1105 3175 1229 3232 quarum

201 3251 299 3307 unuin
313 3245 539 3324 reprehensione
553 3251 617 3308 vitm
632 3255 779 3322 Murena,
790 3251 881 3310 altera
893 3251 923 3308 in
938 3251 1122 3309 contentione
1137 3251 1229 3330 digni-

203 3346 269 3406 tatis
276 3390 286 3418 ,
310 3346 395 3404 tertia
406 3345 436 3403 iu
453 3345 619 3405 criminibus
633 3345 757 3405 ambitus
772 3361 846 3405 esset
857 3359 981 3418 versata,
997 3346 1026 3405 in
1042 3348 1136 3426 prima
1149 3364 1232 3427 parte

201 3441 341 3502 diluenda
355 3457 454 3501 orator
469 3444 595 3522 primum
609 3445 738 3503 occurrit
751 3445 900 3524 Sulpicio,
925 3447 975 3524 qui
990 3447 1087 3504 Asiam
1102 3449 1230 3506 Murenae

200 3539 364 3617 objecerat,
380 3559 467 3618 quum
482 3539 569 3599 docet
583 3541 684 3601 Cicero
698 3541 735 3600 ab
749 3561 784 3600 co
799 3561 858 3599 non
870 3540 907 3600 ad
920 3543 1096 3621 volttptatem
1106 3535 1135 3601 dt
1144 3543 1228 3601 luxu·

201 3639 274 3696 tiam
287 3639 444 3716 expetitam
458 3659 533 3712 esse,
551 3639 644 3700 sedin
657 3640 772 3698 militari
789 3638 889 3698 labore
903 3653 1098 3718 peragratam,
1125 3639 1158 3712 53
1175 3639 1229 3699 de-

201 3733 269 3792 inde
281 3735 400 3806 Catoni,
410 3735 460 3812 qui
473 3755 540 3793 eum
550 3737 716 3794 saltatorem
727 3737 937 3814 appellaverat,
950 3735 1031 3812 quod
1044 3735 1229 3796 maledictum
1255 3724 1260 3734 „

201 3831 405 3888 conviciatoris
421 3831 534 3908 potius,
551 3851 639 3909 quam
654 3832 828 3890 accusatoris
842 3851 916 3899 esse,
939 3831 1070 3909 nihilque
1087 3832 1116 3888 in
1139 3831 1229 3891 vitam

202 3931 333 3984 Matrenae
347 3945 416 3984 vere
430 3926 487 3984 dlci
503 3947 587 4005 posse
601 3927 773 3999 ostenditur,
791 3929 820 3984 6.

241 4022 379 4100 Sequitur
399 4023 490 4081 altera
505 4043 572 4102 pars
592 4024 629 4083 de
648 4025 833 4084 contentione
854 4024 1009 4102 dignitatis.
1032 4030 1143 4104 Nempe
1163 4027 1231 4105 quia

200 4122 347 4197 Sulpicius
371 4122 432 4197 ipse
447 4119 501 4178 sibi
520 4121 635 4198 dignior
647 4125 800 4180 consulatu
817 4119 988 4181 candidatus
1001 4123 1082 4182 visus
1099 4137 1176 4198 erat,
1198 4139 1232 4182 ut

1009 4219 1064 4290 32.
