2986 4670
579 339 868 412 EXCURSUS.
1188 363 1254 410 aot
1334 348 1339 356 '

182 479 348 554 postrema
360 462 506 546 judicare
522 462 712 547 debuerint,
728 464 782 544 jus
794 477 904 526 autem
919 459 1085 551 quarendi
1102 460 1143 526 ab
1160 483 1197 526 ea
1213 485 1262 526 re·

180 587 312 660 petere,
332 593 397 659 qua
410 569 553 657 primum
569 570 717 634 instituta
730 569 794 634 fuit
807 567 958 656 questio,
971 567 1075 658 iisque
1087 567 1260 634 mandata?

181 676 237 740 Sic
253 692 383 765 praetor,
410 675 467 763 qui
486 673 530 740 de
546 673 736 764 repetundis
753 673 824 764 lege
841 672 991 737 Cornelia
1011 689 1185 762 quaereret,
1200 673 1259 738 ba·

180 781 282 847 bebat
297 780 465 870 quaerendi
475 781 528 862 jus
547 805 565 846 a
581 780 777 870 Calpurnia:
795 779 852 868 qui
870 777 911 843 de
923 779 1043 844 sicariis
1059 780 1119 844 alia
1133 781 1260 844 Corne-

181 889 242 972 lia,
257 887 309 970 jus
325 887 407 953 illud
418 911 436 953 a
449 888 521 978 lege
534 888 711 977 antiquiori
727 886 914 976 repetebat,
929 885 1019 974 quod
1031 887 1101 975 ipsa
1113 885 1261 952 indicant

180 995 279 1060 Sullae
294 996 411 1077 verba,
428 999 446 1076 §
467 994 502 1077 3,
516 996 637 1060 relata:
654 993 711 1083 qui
728 991 769 1058 de
787 990 950 1058 veneficiis
969 991 1082 1057 eadem
1098 993 1187 1083 lege,
1203 993 1257 1073 jus

180 1101 324 1166 babebat
343 1101 422 1166 item
441 1123 459 1164 a
475 1101 608 1190 propria
630 1098 728 1180 hujus
751 1099 896 1164 criminis
918 1099 1027 1188 priore
1050 1100 1141 1189 lege,
1158 1123 1257 1189 quam

180 1206 317 1298 quidem
342 1208 468 1298 Sylvius
489 1206 530 1272 ad
547 1230 617 1298 cap.
644 1205 704 1290 54,
732 1208 897 1273 Ferratius
921 1222 954 1272 et
976 1205 1198 1298 Schultingius
1217 1206 1258 1272 ad

180 1313 340 1396 Paulum,
356 1313 444 1378 Sent.
461 1312 501 1396 V,
514 1311 600 1394 23,§
619 1336 648 1395 1,
664 1328 798 1377 censent
814 1313 912 1376 fuisse
926 1312 1169 1400 Semproniam,
1182 1313 1255 1378 VII.

179 1418 222 1484 Id
237 1442 315 1484 vero
329 1419 445 1484 Cicero
464 1441 629 1507 nusquam
644 1418 739 1500 dicit;
764 1434 802 1482 ut
817 1418 937 1483 rectius
955 1417 1102 1507 prolecto
1123 1441 1194 1483 eam
1210 1418 1275 1486 le·.

180 1549 256 1616 gem
272 1526 425 1616 Sigonius
448 1524 489 1591 de
512 1525 587 1591 tud.
609 1527 662 1609 11,
688 1525 747 1608 31,
762 1526 919 1612 incertam
938 1524 1130 1608 crediderit,
1152 1543 1186 1591 et
1208 1527 1256 1592 Cl.

178 1631 340 1696 Ernestus
353 1631 387 1694 in
405 1629 478 1696 Ind.
492 1631 555 1696 LL.
572 1651 674 1695 uuam
691 1631 778 1695 illam
794 1632 829 1694 C.
847 1630 996 1695 Graccho
1012 1629 1179 1715 tribuerit,
1193 1654 1258 1696 nne

180 1737 255 1825 quis
270 1735 394 1816 judicio
410 1737 746 1820 circumveniretur»,
763 1736 804 1801 de
818 1759 883 1825 qua
900 1737 1044 1820 Tullius,
1061 1738 1168 1826 capite
1190 1737 1232 1804 55
1249 1761 1258 1802 :

178 1871 193 1898 ι
205 1844 299 1908 Hanc
309 1843 412 1932 ipsam
429 1842 552 1932 legem,
563 1865 623 1926 aa,
635 1865 728 1926 Quis,
741 1857 802 1908 etc.
818 1845 854 1908 C.
870 1843 1036 1924 Gracchus
1046 1844 1131 1909 tulit.
1141 1844 1257 1909 Postea

178 1949 216 2014 L.
235 1949 336 2032 Sulla,
357 1971 461 2037 quum
483 1947 552 2029 ejus
573 1949 620 2012 rei
640 1949 854 2038 quaestionem
871 1949 933 2013 bac
948 1949 1017 2037 ipsa
1039 1949 1110 2038 lege
1132 1951 1255 2014 consti·

178 2070 306 2136 tueret,
322 2077 387 2143 qua
402 2073 460 2120 vos
478 2055 543 2119 hoc
556 2069 703 2145 tempore
715 2054 884 2136 judicatis,
897 2071 958 2119 etc.
973 2087 986 2112 ι
999 2055 1041 2120 Et
1051 2079 1121 2145 cap.
1142 2054 1199 2139 56,
1214 2055 1256 2122 de

178 2160 232 2224 illa
248 2177 376 2225 tantum
392 2161 463 2251 lege
479 2159 595 2242 judicii
618 2153 765 2250 corrupti
782 2161 851 2226 haec
871 2159 969 2230 habet
988 2185 996 2225 ε
1013 2162 1090 2226 «Illi
1108 2185 1174 2226 nou
1191 2162 1256 2227 hoc

176 2267 388 2350 recusabant,
407 2290 444 2331 ea
462 2290 505 2331 ne
521 2268 591 2357 lege
607 2281 850 2349 accusarentur,
870 2289 935 2354 qua
954 2289 1044 2332 nunc
1068 2269 1182 2332 Avitus
1201 2291 1255 2333 ac-

177 2389 323 2456 cusatur,
343 2395 414 2461 quae
431 2389 511 2438 tunc
528 2389 596 2437 erat
612 2373 822 2462 Sempronia,
843 2395 933 2438 nunc
954 2390 1003 2438 est
1019 2375 1188 2440 Cornelia:
1202 2376 1255 2440 in·

177 2479 365 2569 telligebant
381 2479 469 2544 enim
484 2501 520 2544 ea
532 2479 603 2569 lege
616 2495 801 2568 equestrem
814 2478 963 2544 ordinem
973 2503 1041 2544 non
1055 2483 1159 2546 teneri
1168 2513 1191 2549 υ.
1206 2483 1255 2546 Ex

176 2584 228 2650 his
246 2579 391 2674 primuni
408 2585 565 2668 observo,
587 2586 692 2676 legem
710 2585 863 2675 appellari
882 2608 978 2674 posse
996 2603 1122 2675 partem
1145 2589 1223 2678 legis
1244 2613 1263 2670 t,

176 2713 249 2778 quae
272 2713 324 2756 res
347 2691 454 2756 lucem
479 2688 675 2779 quibusdam
695 2687 853 2781 loquendi
874 2690 981 2755 modis
1006 2691 1102 2758 affert
1118 2711 1150 2759 et
1165 2693 1254 2783 apud

175 2797 322 2861 Tullium
338 2798 373 2860 in
392 2797 454 2866 hac¹
469 2796 616 2862 oratione
633 2796 737 2861 obviis
745 2843 756 2876 ,
776 2812 808 2860 et
826 2795 914 2884 a'pud
926 2796 1008 2876 juris
1019 2815 1186 2881 auctores,
1197 2822 1253 2865 ve-

174 2903 235 2967 luti
252 2901 342 2991 apud
359 2903 488 2991 Ulpian.
507 2905 529 2968 l.
551 2927 579 2969 c.
596 2913 611 2980 s
631 2902 669 2979 5,
689 2925 731 2965 ne
744 2903 850 2992 legem
868 2901 1052 2966 Corneliam
1068 2901 1110 2966 de
1130 2904 1252 2968 venefi-

175 3009 232 3073 ciis
241 3009 318 3090 alia,
333 3031 430 3096 quam
442 3009 599 3097 praetoriae
611 3006 799 3096 quaestionis
809 3055 818 3089 ,
828 3006 954 3070 ratione
970 3007 1141 3095 separatim
1155 3007 1251 3096 prodi

174 3116 281 3180 statim
298 3113 490 3198 credamus,
504 3114 703 3202 diversaeque
716 3113 779 3202 legi
794 3111 1007 3201 quaestionem
1024 3113 1109 3176 inter
1120 3113 1251 3181 sicarios

173 3221 407 3301 adjudicemus.
419 3219 547 3286 Deinde
562 3219 706 3285 Tullium
721 3219 765 3282 ita
783 3219 918 3284 reticere
934 3235 1032 3307 puto,
1047 3243 1088 3284 an
1102 3243 1140 3286 ea
1150 3222 1251 3288 Grac·

172 3328 226 3392 chi
238 3329 290 3392 lex
304 3327 347 3392 ad
359 3325 516 3393 veneficia
533 3350 668 3416 quoque
689 3325 901 3414 pertinuerit,
918 3341 1040 3390 utnon
1055 3329 1251 3416 pertinuisse

171 3434 215 3498 sit
231 3433 442 3523 probabilius.
458 3433 629 3498 Postremo
649 3430 739 3520 quod
753 3431 815 3514 ait,
833 3453 929 3520 quum
943 3435 1010 3520 ejttr
1025 3435 1087 3516 rei,
1102 3435 1136 3499 h.
1156 3429 1184 3500 e.
1193 3437 1249 3516 ju·

172 3538 248 3605 dicii
272 3540 435 3628 corrupti,
463 3541 666 3628 quaestionem
685 3539 898 3620 consciuerat,
921 3537 1057 3604 ideone
1078 3562 1177 3604 seusu
1202 3560 1252 3609 est

170 3645 417 3733 accipiendum,
437 3668 505 3734 quo
525 3645 728 3734 Pomponius
747 3643 788 3710 de
808 3645 897 3709 Orat.
916 3645 997 3709 lust.
1020 3645 1041 3710 l.
1065 3668 1092 3709 c.
1118 3647 1252 3732 scribit,

170 3751 285 3816 «Sulla
301 3751 498 3840 quaestiones
511 3752 657 3840 publicas
674 3749 887 3815 constituit»
902 3749 1018 3836 Neque
1034 3749 1122 3815 enim
1138 3755 1251 3818 consti-

170 3872 258 3923 tuere
277 3881 409 3947 semper
432 3859 516 3922 valet
535 3857 678 3946 primum
697 3855 892 3920 instituere:
914 3877 1023 3943 neque
1043 3856 1134 3920 verbi
1152 3881 1248 3926 causa

168 3997 181 4024 ι
193 3963 370 4031 Triumviri
386 3964 465 4051 reip.
491 3950 754 4028 constituendaei
774 3981 892 4025 novam
912 3981 1016 4050 remp.
1029 3961 1170 4029 condere
1191 3963 1249 4034 de·
1312 4003 1317 4013 ι

167 4071 326 4138 buissent.
343 4069 461 4136 Cicero
475 4092 536 4159 pro
553 4067 695 4153 Milone,
715 4069 750 4132 in
767 4088 866 4156 quem
882 4080 972 4130 extra
990 4065 1140 4135 ordinem
1158 4095 1250 4160 quae.
