2962 4682
299 419 300 422 γ
355 351 554 422 enarro
579 352 682 421 rao
706 355 745 422 a..
772 349 1053 424 ctuuurto.
1191 379 1234 452 77

163 471 676 573 garet,heredeminstitueret
685 471 851 544 eumdem
862 472 963 544 illum
974 476 1238 582 Oppianicum,

162 588 337 684 nepotem
349 607 468 656 suum.
481 586 601 680 Atque
613 583 669 654 his
681 582 813 655 diebus
832 582 996 682 pancis¹³
1011 601 1065 658 est
1080 602 1235 662 mortua.

162 695 366 793 Propinqui
380 709 503 764 tamen
517 692 592 781 illi,
605 692 915 790 quemadmodum
928 696 1008 768 viva
1017 699 1240 772 Dineainsti·

162 819 327 892 tuerent,
347 806 415 892 ita,
435 817 580 874 mortua
600 801 682 892 illa,
704 802 749 875 ad
772 805 1060 903 investigandum
1086 811 1238 882 Aurium

162 939 249 988 cum
269 912 398 987 eodem
425 911 490 985 illo
513 911 633 984 indice
658 916 698 984 iu
728 937 854 1012 agrum
882 916 1057 989 Gallicum
1084 919 1252 1018 profecti

162 1040 262 1098 sunt.

108 1217 115 1228 Ι
212 1137 309 1207 VIII.
326 1134 476 1207 Interim
497 1137 739 1234 Oppianicus,
758 1150 800 1207 ut
813 1152 910 1226 erat,
931 1139 1034 1210 sicuti
1051 1141 1173 1212 multis
1192 1167 1237 1214 ex

161 1245 276 1318 rebus
285 1247 482 1343 reperietis,
495 1245 665 1342 singulari
681 1246 814 1319 scelere
824 1263 860 1319 et
870 1247 1028 1337 audacia,
1037 1273 1102 1348 per
1112 1275 1237 1348 quem·

162 1356 249 1429 dam
270 1357 540 1445 Gallicanum,
564 1355 776 1430 familiarem
798 1381 923 1447 suum,
950 1361 1109 1458 primum
1134 1360 1237 1433 illum

163 1465 320 1538 indicem
349 1468 506 1564 pecunia
531 1471 734 1565 corrupitt
761 1467 928 1540 deinde
918 1493 1039 1567 ipsum
1066 1471 1239 1562 Aurium,

164 1603 242 1648 non
257 1600 386 1674 magna
401 1575 566 1672 jactura²
581 1573 692 1666 faeta,
714 1577 915 1650 tollendum
931 1577 1237 1653 interficiendum·

163 1711 239 1784 que
260 1687 406 1758 curavit.
433 1685 487 1756 Illi
512 1700 656 1774 autem,
684 1690 748 1784 qui
778 1702 881 1759 erant
912 1688 958 1760 ad
986 1691 1237 1788 propinquum

165 1794 456 1923 investigandum
479 1809 515 1867 et
530 1795 820 1895 recuperandum
839 1796 1008 1893 profecti,
1030 1798 1150 1886 literas
1168 1804 1237 1872 La·

162 1910 285 1978 riuum
300 1905 344 1977 ad
355 1907 503 1996 Aurios,
518 1906 613 2011 illius
625 1906 861 1979 adolescentis
874 1911 1119 2007 propinquos,
1137 1935 1238 1984 suos·

164 2041 239 2115 que
254 2017 474 2088 necessarios
486 2019 658 2106 mittunt3
683 2015 752 2088 sibi
776 2015 971 2089 difficilem
985 2041 1062 2090 esse
1087 2021 1236 2092 investi·

164 2125 276 2225 gandi
288 2128 483 2215 rationem,
502 2125 601 2222 quod
615 2125 856 2223 intelligerent
867 2124 1023 2199 indicem
1038 2125 1084 2198 ab
1101 2129 1237 2226 Oppia·

164 2240 250 2310 nioo
257 2261 341 2309 esse
351 2249 573 2333 corruptum.
591 2240 689 2328 Quas
707 2237 827 2308 literas
839 2241 879 2308 Α.
898 2237 1050 2326 Aurius,
1068 2240 1123 2307 vir
1135 2235 1237 2312 fortis

165 2363 202 2420 et
225 2343 510 2445 experiens³,et
531 2344 630 2416 domi
654 2346 803 2436 nobilis,
830 2351 881 2418 M.
907 2346 1003 2418 illius
1024 2347 1124 2420 Aurii
1148 2369 1237 2445 pro·

164 2460 346 2557 pinquus,
364 2457 403 2527 in
419 2454 519 2544 foro,
544 2455 682 2555 palam,
705 2458 827 2528 multis
849 2457 1098 2546 audientibus,
1120 2483 1235 2556 quum

165 2565 307 2638 adesset
321 2567 564 2663 Oppianicus,
581 2567 726 2654 recitat,
744 2579 781 2638 et
798 2568 991 2639 clarissima
998 2592 1106 2654 voce,
1121 2593 1158 2640 se
1171 2594 1238 2640 no·

165 2701 251 2748 men
272 2676 484 2774 Oppianici,
503 2674 780 2770 rii-interfectum
797 2681 845 2748 Μ.
870 2679 1022 2749 Aurium
1040 2680 1237 2776 comperis-

165 2802 238 2875 set,
255 2785 458 2858 delaturum
483 2809 560 2857 esse
588 2799 748 2858 testatur.
774 2789 923 2860 Interim
948 2786 1049 2858 brevi
1069 2802 1237 2886 tempore

164 2899 232 2986 illi,
246 2901 313 2996 qui
332 2911 437 2968 erant
452 2897 491 2968 in
514 2921 640 2993 agrum
659 2897 836 2969 Gallicum
857 2894 1034 2995 profecti,
1060 2899 1233 2968 Larinum

167 3021 424 3079 revertuntur:
439 3005 671 3078 interfectum
689 3031 766 3079 esse
782 3012 830 3078 Μ.
845 3010 996 3078 Aurium
1014 3009 1236 3080 renuntiant.

168 3118 287 3189 Animi
300 3141 378 3187 non
397 3117 515 3188 solum
539 3120 851 3215 propinquorum,
869 3115 1053 3189 sedetiam
1072 3115 1238 3190 omnium

167 3229 390 3298 Larinatium
405 3226 490 3297 odio
508 3228 719 3324 Oppianici,
740 3241 777 3299 et
797 3227 891 3298 Illius
913 3225 1148 3299 adolescentis
1169 3230 1238 3300 mi·

168 3337 377 3427 sericordia,
397 3349 683 3409 commoventur.
717 3341 845 3434 Itaque
870 3362 986 3435 quum
1019 3342 1059 3411 A.
1085 3342 1238 3430 Aurius,

207 3547 247 3595 1³.
259 3545 380 3609 Nepotem
392 3561 470 3594 auum.
485 3547 551 3596 mlta
563 3561 613 3595 sne
624 3545 679 3594 u·-
723 3543 855 3594 admodum
881 3543 911 3593 de
937 3560 993 3594 avo*
1009 3544 1105 3593 Pisonis
1125 3554 1238 3593 materno

169 3625 215 3690 gite
228 3623 313 3672 liliam.
325 3650 362 3662 --
372 3624 415 3674 ets
428 3625 510 3676 diebus
518 3626 615 3692 paneri.
626 3625 681 3674 Nee
724 3623 788 3673 dixit
798 3624 897 3685 Cicero3
910 3623 978 3689 pride
990 3624 1055 3672 enirn
1065 3622 1167 3685 Gallus,
1179 3622 1237 3679 dein

170 3703 251 3752 malis
261 3703 392 3765 interiecti·
405 3703 491 3754 diebus
502 3705 583 3763 hisee,
593 3703 682 3771 quibus
728 3703 882 3761 Gallicanus,
901 3713 1011 3750 extremo
1027 3701 1240 3765 semiphceutinuc

172 3793 341 3832 testamcutum
354 3783 453 3834 iecerat.
530 3825 534 3836 ,
725 3782 810 3830 haberi
824 3791 976 3846 coeptusest.

206 3863 275 3910 vttt.
295 3877 318 3912 r.
335 3861 501 3912 Gallicanam.
515 3863 566 3926 Qui
576 3862 683 3928 primum
762 3877 789 3914 a.
802 3862 859 3909 Non
872 3857 1239 3924 magnajaemra.1’rrvosnm·

171 3939 254 3988 Gallus
264 3943 354 4000 focan,
364 3941 463 4001 deinde,
470 3943 579 4006 quumin
589 3941 684 3989 Italiam
727 3951 786 4006 ptu,
798 3957 849 3988 non
859 3953 947 4002 magno
957 3937 1045 4002 pretio.

171 4019 435 4079 habitatumvenisset,
450 4021 615 4085 nonrmplius
627 4021 685 4069 Gal·
764 4021 790 4068 3.
813 4017 956 4082 experiens.
982 4015 1067 4078 Longo
1092 4031 1172 4065 rerum
1193 4033 1240 4066 usu

171 4097 275 4159 Im,red
285 4099 425 4150 Gallicanus
434 4115 486 4150 esec
498 4101 590 4168 ooepit3
602 4115 686 4166 quem·
730 4099 818 4147 valeus.
