2976 4670
242 341 314 416 602
413 343 786 415 OBSERVATIONES
813 343 1144 415 APODOGETICAE

244 464 480 555 patrisfamilias
506 466 575 530 sine
604 488 771 530 sacrorum
796 487 896 528 onere
922 481 1055 553 possent
1081 465 1123 529 ad
1150 465 1318 534 haeredem

244 571 429 662 pervenire,
454 589 487 637 et
512 590 660 662 apparet,
688 571 921 636 inveniendum
945 572 1044 635 fuisse
1064 571 1221 654 modum,
1247 597 1318 662 quo

243 678 331 743 bona
348 677 389 743 ad
411 677 582 744 baeredem‘
595 703 661 744 non
681 678 870 742 viderentur
886 679 1069 766 pervenisse
1087 697 1193 743 morte
1215 695 1316 746 testa·

244 785 333 848 toris.
351 786 424 849 Hoc
443 808 519 851 vero
537 785 715 850 commenti
732 807 835 873 genus
850 784 965 872 utique
980 775 1196 872 procedeliat,
1212 787 1317 874 siqui·

234 889 370 954 demin
392 908 559 979 posterum
578 892 659 956 alius
679 907 711 956 et
728 891 769 954 ab
784 890 919 954 baeredis
938 913 1076 978 persona
1094 890 1239 956 diversus
1254 892 1316 956 ad·

246 996 415 1062 biberetur
438 999 564 1062 familire
580 1015 725 1087 emptor;
749 998 776 1061 is
798 995 876 1060 dicis
900 1019 1026 1078 caussa,
1052 1014 1085 1062 et
1101 996 1210 1062 addita
1225 1021 1317 1062 sacra

245 1102 333 1190 lege,
357 1119 395 1166 ut
416 1103 488 1186 ille,
515 1106 627 1192 quiin
652 1105 769 1169 tabulis
794 1104 908 1168 clausis
929 1105 1069 1192 scriptus
1096 1121 1198 1184 esset,
1227 1105 1315 1168 bona

245 1226 515 1296 consequeretur,
535 1209 753 1274 haereditatem
775 1232 837 1272 aere
856 1226 888 1273 et
912 1209 993 1272 libra
1015 1209 1075 1272 sibi
1100 1227 1313 1298 compararet.

244 1312 296 1375 Ad
318 1314 408 1378 bunc
431 1314 559 1379 familiae
582 1317 763 1403 mancipem
787 1337 889 1402 quum
912 1315 999 1378 bona
1025 1317 1186 1378 testatoris
1209 1332 1316 1380 morte

245 1421 483 1505 pervenissent,
502 1439 650 1486 auctores
667 1437 758 1486 erant
771 1407 912 1508 JCti,'ut
927 1422 1026 1484 baeres
1045 1422 1078 1484 in
1098 1421 1215 1484 tabulis
1235 1422 1316 1485 scri·

244 1540 337 1612 ptus,
356 1527 383 1590 si
393 1528 539 1591 molestia
558 1551 724 1600 sacrorum
742 1527 898 1616 adstringi
916 1527 1031 1610 nollet,
1050 1529 1234 1615 pecuniam,
1246 1528 1316 1592 sive

245 1653 312 1712 res,
334 1655 407 1720 quae
426 1647 532 1697 essent
549 1636 582 1696 in
601 1633 803 1713 haereditate,
821 1633 883 1697 sibi
899 1633 939 1696 ab
952 1647 1098 1721 emptore
1112 1634 1237 1697 familiae
1254 1634 1314 1697 sti-

246 1737 428 1823 pularetur,
448 1762 485 1803 ac
507 1739 625 1803 deinde
646 1762 685 1803 ex
707 1741 915 1828 stipulatione
937 1741 1096 1826 acciperet
1119 1762 1128 1803 ε
1150 1762 1217 1826 quo
1234 1763 1313 1804 vero

246 1841 357 1926 fiebat,
374 1862 412 1908 ut
427 1861 533 1909 totum
547 1869 712 1910 sacrorum
728 1869 812 1910 onus
831 1863 975 1909 maneret
988 1845 1074 1934 apud
1088 1847 1314 1936 imaginarium

246 1947 425 2031 haeredem,
451 1953 576 2016 familiae
598 1954 798 2041 mancipem,
824 1953 879 2040 qui
898 1951 1030 2040 quidem
1056 1951 1220 2016 adbibitus
1245 1969 1314 2016 erat

245 2077 343 2117 senex
360 2056 477 2137 orbus,
497 2057 670 2146 capularis,
692 2075 724 2122 et
744 2058 785 2122 de
804 2057 930 2122 haerede
948 2058 1008 2120 sibi
1023 2058 1180 2122 exstituro
1197 2081 1313 2147 parum

246 2161 420 2242 sollicitus,
441 2165 497 2250 qui
515 2181 599 2228 certa
617 2166 755 2252 pecunia
775 2163 816 2227 ad
837 2166 1016 2254 impensam
1040 2163 1205 2227 ferendam
1221 2187 1314 2228 acce-

243 2283 317 2356 pta,
336 2284 369 2331 et
384 2268 499 2333 lucello
518 2271 626 2358 aliquo
644 2270 832 2358 adspersus,
849 2291 937 2334 sacra
954 2269 1115 2332 testatoris
1131 2269 1314 2350 familiaria,

244 2395 355 2436 secum
377 2375 565 2456 interitura,
579 2375 848 2439 administraret».
871 2375 955 2438 Huic
973 2376 1091 2464 egregii
1107 2375 1166 2438 viri
1181 2392 1313 2440 senten-

244 2479 314 2558 tiae,
334 2501 432 2566 quam
449 2481 552 2568 plenis
571 2481 644 2544 ideo
661 2481 767 2544 verbis
781 2481 955 2569 appingere
973 2481 1087 2561 malui,
1103 2481 1220 2545 lubens
1234 2481 1313 2545 sub·

242 2583 368 2665 scribo,
387 2607 523 2672 eamque
539 2585 630 2649 omni
648 2609 687 2650 ex
703 2603 792 2674 parte
810 2583 1049 2649 defendendam
1063 2587 1215 2675 suscipio.

287 2689 450 2755 Puturunt
463 2713 567 2756 omnes
578 2691 736 2774 muheres,
755 2707 813 2756 etc.
831 2693 891 2754 Vix
906 2693 1077 2778 quisquam
1091 2709 1156 2774 est,
1170 2711 1206 2756 ut
1222 2716 1311 2769 reor,

245 2796 301 2882 qui
319 2796 352 2858 in
377 2797 558 2880 Ciceronis,
579 2800 728 2884 quaejam
746 2796 916 2885 adscripsi,
932 2797 1037 2860 verbis
1053 2819 1186 2862 ornnem
1199 2798 1311 2864 dolum

244 2901 256 2988 (
265 2903 408 2980 bonum,
429 2903 530 2992 siquis
553 2903 669 2992 velit),
695 2905 805 2967 abesse
822 2903 971 2967 affirmet.
991 2905 1022 2967 Si
1045 2921 1153 2967 tamen
1170 2906 1311 2968 invenia-

243 3024 316 3088 tur,
334 3009 419 3072 banc
435 3026 522 3073 certe
546 3009 586 3072 de
601 3009 773 3073 mulierum
791 3012 1030 3098 coemptionem
1046 3009 1232 3074 facientium
1254 3033 1314 3074 no·

244 3114 331 3177 mine
345 3115 484 3178 ironiam
499 3116 593 3203 culpa
612 3116 778 3178 absolvere
795 3116 931 3178 omnino
947 3137 1014 3177 non
1026 3116 1156 3203 poterit.
1172 3113 1312 3180 Noverat

243 3218 296 3281 ille
312 3219 427 3306 procul
443 3220 561 3299 dubio,
581 3243 729 3308 quaenam
750 3219 790 3282 de
807 3220 905 3299 hujus
923 3219 1170 3284 consuetudinis
1188 3223 1311 3286 rationo

243 3325 361 3412 (quam
381 3325 534 3413 temporis
549 3325 615 3405 jam
634 3324 816 3388 aboleverat
834 3325 1045 3412 antiquitas),
1065 3349 1123 3390 sua
1140 3343 1229 3391 aetate
1245 3327 1310 3391 dis·

243 3445 397 3518 putarent
420 3431 569 3493 homines
593 3431 721 3493 eruditi.
750 3431 884 3513 Quanto
906 3431 1042 3510 rectius,
1069 3447 1193 3517 quanto
1211 3432 1310 3520 magis

242 3537 385 3624 ingenue
401 3536 592 3600 Plutarchus
611 3536 697 3599 illius
715 3536 856 3601 nominis
872 3537 1009 3623 primam
1029 3537 1188 3626 originem
1204 3539 1312 3626 explo-

244 3659 294 3706 rat
306 3642 375 3730 (1)?
390 3643 520 3731 Optima
535 3642 603 3706 baec
614 3641 742 3706 videtur
756 3643 837 3706 ratio
853 3664 860 3706 ἰ
878 3656 935 3714 Τοῖς
948 3647 978 3705 di
990 3653 1091 3722 ὀνόμασι
1105 3655 1199 3714 τούτοις
1212 3645 1312 3722 (Γοὶἷος,

244 3747 342 3825 Pala),
365 3758 441 3818 ἄλλως
463 3759 593 3826 κέχρηνται
611 3761 696 3819 κοινοῖς
713 3753 792 3822 οὗοιν,
813 3759 895 3828 decep
911 3758 932 3810 tl
947 3752 1040 3828 νομικοὶ
1059 3761 1148 3821 Γάϊον,
1167 3759 1250 3825 Salios,
1269 3757 1312 3811 zai

246 3863 346 3916 Λούκιον
366 3865 467 3928 Τίτιον,
486 3863 527 3916 >tal
553 3865 574 3916 ol
591 3865 713 3934 φιλόσοφοι
733 3865 813 3917 Δίωνα
835 3861 877 3916 καὶ
898 3865 987 3917 Θίιινοι
1002 3855 1265 3943 παρολοιμίοίνουοιν(
1289 3855 1311 3942 l.

281 4013 321 4080 (ι)
339 4016 433 4076 Queat.
445 4015 520 4062 Rom.
534 4025 595 4062 tom.
604 4017 627 4064 ll
641 3991 709 4079 obp.
719 4029 775 4079 pag.
786 4031 849 4076 ην,
860 4017 888 4065 E.

281 4095 320 4165 (a)
339 4101 403 4150 Vide
417 4103 526 4151 Brisron.
540 4101 571 4151 de
582 4107 615 4153 lt.
628 4103 660 4153 N.
675 4119 731 4168 pag.
747 4105 780 4166 7³
794 4102 871 4168 (Opp.
884 4104 947 4153 Min.
961 4119 1017 4170 pag.
1032 4105 1107 4170 3ο6);
1124 4105 1183 4153 Ant.
1194 4105 1315 4156 llotnan.
