2934 4680
284 405 483 479 ORATIO
508 407 611 475 PRO
635 405 776 475 LEGE
800 405 1043 476 MANILIA.
1154 399 1196 475 51

126 531 276 634 publica
293 529 453 616 vidistis,
471 551 550 612 vos,
577 526 633 598 his
654 527 956 625 repugnantibus,
980 554 1045 628 per
1061 540 1204 600 vosmet

131 648 228 743 ipsos
244 641 457 739 dignitatem
471 637 557 707 huic
574 636 745 734 imperio,
762 637 913 708 salutem
928 638 1009 709 orbi
1025 654 1205 710 terrarum

134 754 327 828 attulistis:
348 747 544 846 aliquando
555 748 612 817 isti
625 748 808 844 principes
817 745 845 832 ⁶,
864 763 899 820 et
913 748 999 839 sibi,
1017 762 1054 821 et
1063 752 1206 838 ceteris,

135 863 266 965 populi
298 860 440 933 romani
477 859 633 929 universi
668 859 872 930 auctoritati
903 861 1104 958 parendum
1131 882 1209 932 esse
1296 947 1299 954 Ι

138 974 328 1047 fateantur.
349 977 468 1068 Atque
483 969 522 1039 in
546 966 617 1038 hoc
639 965 738 1039 bello
759 970 913 1041 Asiatico
938 983 974 1041 et
991 971 1112 1067 regio,
1132 993 1210 1042 non

140 1083 258 1156 solum
282 1079 444 1152 militaris
462 1076 524 1148 illa
552 1080 682 1164 virtus,
704 1101 786 1175 quoe
806 1093 860 1149 est
889 1079 928 1150 in
954 1083 1018 1151 Cu.
1037 1082 1212 1180 Pompeio

142 1193 348 1292 singularis,
366 1189 430 1263 sed
449 1190 525 1260 aliae
543 1211 693 1286 quoque
711 1189 884 1260 virtutes⁷
906 1191 1018 1261 animi
1035 1191 1156 1263 multae
1177 1203 1214 1263 et

143 1325 282 1400 magnae
311 1300 559 1397 requiruntur.
592 1295 747 1370 Difficile
777 1313 834 1370 est
869 1300 907 1369 in
947 1302 1052 1389 Asia,
1074 1301 1215 1408 Ciliciq,

144 1415 263 1511 Syria,
295 1411 489 1508 regnisque
517 1402 757 1480 interiorum⁰
785 1411 976 1482 nationum
1006 1415 1055 1483 ita
1083 1414 1216 1484 versari

146 1537 307 1596 vestrum
315 1522 590 1620 imperatorem,
602 1529 644 1589 ut
657 1517 748 1590 nihil
766 1515 881 1609 aliud,
901 1545 1012 1619 quam
1028 1518 1073 1594 de
1089 1522 1218 1594 hoste⁹

147 1658 188 1705 ac
204 1631 250 1704 de
266 1627 395 1717 laude,
413 1629 556 1728 cogitet.
573 1627 714 1700 Deinde
726 1629 834 1701 etiam
851 1632 961 1729 siqui
978 1645 1065 1704 sunt
1079 1632 1220 1732 pudore

148 1769 189 1816 ac
206 1743 447 1840 temperantia
471 1737 750 1829 moderatiores,
774 1755 897 1813 tamen
925 1767 988 1814 eos
1011 1769 1087 1816 esse
1114 1744 1221 1834 tales,

150 1868 301 1954 propter
324 1846 594 1922 multitudinem
622 1849 838 1948 cupidorum
868 1849 1083 1943 hominurn,
1114 1877 1224 1927 nemo

151 1965 398 2038 arbitratur¹⁰.
417 1957 572 2032 Difficile
599 1974 654 2031 est
680 1959 798 2049 dictu,
826 1966 1003 2053 Quirites,
1028 1977 1165 2062 quanto
1186 1966 1224 2035 iu

153 2075 238 2148 odio
263 2075 376 2146 simus
402 2068 501 2170 apnd
524 2084 663 2141 exteras
684 2073 869 2158 nationes,
897 2087 1049 2170 propter
1074 2097 1226 2160 eorum,

156 2208 250 2283 quos
264 2179 312 2256 ad
328 2205 387 2254 eas
401 2203 468 2278 per
481 2180 549 2252 hos
565 2204 680 2252 annos
693 2204 777 2252 curn
798 2185 952 2280 imperio
971 2185 1151 2272 misimus,
1170 2185 1228 2254 in·

153 2297 265 2391 jurias
275 2301 305 2336 ¹¹
325 2314 367 2362 ac
385 2289 563 2362 libidines.
579 2289 690 2381 Quod
707 2293 803 2363 enim
817 2291 942 2364 sanum
956 2295 1091 2394 putatis
1106 2295 1145 2366 in
1162 2293 1229 2366 illis

158 2407 261 2478 terris
283 2403 417 2474 nostris
441 2399 710 2498 magistratibus
731 2401 956 2501 religiosum,
979 2429 1089 2504 quam
1107 2405 1230 2478 civita·

158 2532 231 2588 tem
244 2525 425 2600 sanctam,
439 2513 550 2608 quam
562 2509 713 2583 domum
727 2515 811 2586 satis
825 2512 982 2587 clausam
997 2540 1038 2587 ac
1053 2517 1231 2588 munitam

160 2623 293 2698 luisse?
310 2620 426 2694 Urbes
442 2622 517 2717 jam
535 2621 735 2721 locupletes
752 2645 793 2695 ac
811 2627 967 2723 copiosae
985 2628 1233 2722 requiruntur,

162 2735 299 2834 quibus
328 2756 433 2804 causa
459 2730 546 2803 belli
568 2745 720 2831 propter
747 2733 940 2832 diripiendi
958 2735 1233 2832 cupiditatem¹²

164 2843 351 2916 inseratur.
380 2840 551 2914 Libenter
584 2841 660 2914 baec
700 2867 821 2915 coram
852 2868 937 2916 cum
962 2846 1006 2933 Q.
1033 2844 1162 2914 Catulo
1199 2856 1236 2914 et

165 2959 209 3047 Q.
221 2955 417 3025 Hortensio
433 2949 655 3051 disputarem
665 2953 843 3047 ,Isumrnis
859 2967 896 3026 'et
912 2953 1113 3025 clarissimis
1125 2953 1209 3047 viris
1226 2977 1234 3023 t

165 3077 350 3138 noverunt
367 3065 463 3135 enim
480 3064 662 3135 sociorum
678 3065 846 3153 vulnera3
871 3065 996 3138 vident
1026 3089 1165 3137 eorum.
1179 3089 1237 3138 ca-

167 3177 364 3263 lamitates,
383 3175 627 3271 querimonias
641 3172 803 3246 audiunt.
821 3179 891 3246 Pro
904 3179 1009 3248 sociis
1020 3171 1050 3220 ¹³
1068 3199 1133 3248 vos
1151 3197 1240 3248 con·

170 3302 225 3358 tra
252 3283 375 3356 hostes
404 3285 602 3355 exercitum
634 3286 776 3356 mittere
806 3287 959 3384 putatis,
985 3309 1049 3376 an,
1080 3285 1238 3358 bostium

173 3393 420 3483 simulatione,
441 3407 568 3465 contra
587 3395 704 3466 socios
720 3409 830 3494 atque
847 3397 1003 3470 amicos?
1015 3401 1106 3490 Quae
1120 3399 1242 3470 civitas

175 3521 228 3579 est
248 3507 287 3576 in
304 3503 400 3594 Asia,
421 3527 501 3602 quae
524 3529 601 3576 non
622 3504 732 3576 inodo
753 3507 996 3606 imperatoris,
1023 3523 1086 3580 aut
1114 3508 1244 3609 legati,
1266 3511 1271 3522 '

211 3686 235 3733 li.
247 3681 383 3748 Principes.
395 3683 532 3746 optimates
546 3681 651 3744 scilicet.
772 3691 811 3724 ιο.
827 3677 904 3726 Nemo
922 3677 1062 3726 arbitretur.
1077 3676 1187 3739 Quisque
1199 3674 1246 3720 im·

214 3780 240 3824 7.
250 3762 367 3811 Virtutes.
378 3763 413 3808 Ut
424 3761 596 3826 temperantia,
609 3759 690 3822 lidee,
735 3755 827 3821 pmbue
841 3758 960 3806 neminem
974 3773 1026 3806 eeee
1043 3755 1149 3824 pmbum
1159 3753 1245 3803 existi-

180 3839 327 3889 humanitas.
343 3840 404 3904 Cep.
421 3841 463 3888 rs.
735 3847 795 3886 unt.
857 3823 871 3846 '

216 3918 480 3983 8.1nteriorum.Qnte
491 3919 692 3968 intimemAeiam
775 3913 941 3980 erdesleia.
954 3919 1042 3975 Fam,
1055 3917 1158 3979 rapinas.

184 3999 306 4058 incolunt,
317 4015 332 4046 ι
344 3996 436 4046 finibus
452 4011 476 4048 et
489 4016 504 4047 e
516 3999 575 4046 meri
586 4011 692 4048 mmotae.
776 4010 817 4043 υ.
830 3993 1001 4058 Cupiditatem.
1016 3994 1079 4044 Cod.
1091 3993 1249 4060 Binum-sa-

220 4095 245 4141 9.
257 4081 294 4126 De
307 4077 385 4126 leste.
403 4077 501 4126 Scilicet
514 4077 650 4140 vincendo,
669 4088 694 4126 et
739 4073 864 4122 cultatem.
878 4077 902 4123 J.
908 4077 939 4123 t.
949 4075 976 4122 t.

187 4171 235 4206 non
246 4156 277 4205 de
293 4157 364 4206 lucro
377 4157 496 4206 lecieutlo.
516 4199 517 4204 ,
779 4155 820 4202 13.
835 4155 885 4201 Pru
896 4152 978 4202 sociis.
992 4152 1155 4204 tumentis.

1116 4245 1149 4325 4.
