3020 4666
490 303 560 372 DE
584 301 718 372 LEGE
741 303 1055 388 AGRARIA‚I.
1133 335 1136 342 ⁴
1224 325 1295 398 ²²9

224 449 292 524 ego
318 422 396 518 ejus
423 426 628 522 aequitatem
652 425 764 496 animi
788 423 904 522 probe
928 427 1037 514 novi,
1063 423 1196 498 vendet
1215 449 1291 498 non

166 564 169 579 ¹
222 535 392 610 invitus⁶.
422 541 566 610 Facient
597 538 693 610 idem
725 542 858 612 ceteris
889 539 1061 629 libenter,
1087 554 1128 611 nt
1149 563 1291 638 posses·

223 651 334 722 sionis
353 647 522 720 invidiam
545 651 700 747 pecunia
713 665 956 737 commutent3
973 653 1170 748 accipiant,
1192 649 1294 745 quod

221 752 421 856 cupiunt⁸3
452 757 562 845 dent,
596 757 696 856 quod
720 763 878 832 retinere
911 763 970 832 vis
1002 773 1164 858 possunt.
1186 759 1293 834 Nunc

197 870 417 967 prospicite
434 871 601 942 omnium
622 893 745 942 rerum
765 869 943 944 infinitam
964 884 1074 970 atque
1092 870 1290 942 intoleran-

221 977 305 1049 dam
318 976 498 1050 licentiam
507 990 533 1051 ⁹.
548 981 704 1052 Pecunia
718 995 842 1054 coacta
855 995 910 1054 est
924 978 970 1052 sd
984 1003 1088 1078 agros
1099 978 1292 1068 emendos;

219 1090 247 1160 ii
265 1113 377 1187 porro
393 1088 439 1162 ab
458 1092 581 1181 invitis
599 1115 676 1162 non
692 1108 870 1165 ementur.
892 1095 929 1164 Si
947 1092 1200 1164 consenserint
1211 1114 1294 1189 pos·

221 1223 379 1272 sessores
400 1219 477 1272 non
497 1198 677 1292 vendere,
702 1200 792 1299 quid
817 1200 983 1274 futurum
1005 1202 1080 1274 est?
1105 1198 1295 1272 Relerctur

185 1331 190 1338 ⁴
221 1311 400 1408 pecunia?
422 1335 498 1383 non
528 1311 624 1384 licet.
657 1311 854 1409 Exigctur?
885 1326 992 1384 vetat.
1023 1314 1162 1384 Verum
1192 1323 1293 1382 esto:
1324 1397 1327 1408 Ι

221 1421 316 1492 nibil
334 1436 404 1511 est,
424 1420 524 1518 quod
539 1447 616 1494 non
630 1425 702 1494 emi
719 1423 852 1521 possit,
868 1425 896 1494 si
917 1437 1061 1496 tantum
1079 1419 1161 1509 des,
1180 1443 1293 1518 qusn-

221 1546 302 1602 tum
331 1532 417 1603 velit
449 1530 626 1604 venditor.
654 1533 857 1633 spoliemus
885 1531 1058 1605 orbem¹⁰
1094 1546 1297 1618 terrarum,

221 1641 421 1716 vendamus
438 1642 642 1741 vectigalia,
662 1639 893 1715 effundamus
908 1645 1132 1731 aerarium11,
1154 1654 1214 1730 ut,
1235 1640 1292 1712 lo-

221 1753 411 1852 cupletatis
428 1768 490 1827 aut
507 1753 670 1845 invidiae,
690 1769 753 1830 aut
770 1755 982 1854 pestilentis
1002 1750 1292 1853 possessoribus,

222 1865 299 1963 agri
320 1879 443 1936 tamen
467 1880 643 1936 emantur.
719 1913 723 1928 .

270 1976 370 2066 Quid
397 1976 538 2048 tum¹²?
567 2001 649 2073 quae
679 1979 813 2050 crisin
841 1979 928 2050 istos
957 1999 1062 2074 agros
1096 1973 1293 2048 deductio?

221 2111 302 2184 quae
329 2087 442 2188 totius
469 2089 523 2158 rei
548 2091 641 2159 ratio
666 2101 777 2185 atque
801 2086 1020 2185 descriptio?
1043 2083 1290 2170 Deducentur‚

220 2197 363 2295 inquit,
380 2196 541 2271 coloniae.
562 2195 731 2289 Quot¹³l
749 2223 916 2296 quorum¹
929 2195 1145 2269 bominum?
1159 2197 1197 2266 in
1210 2218 1293 2291 quae

257 2367 282 2415 6.
291 2367 347 2414 Non
358 2365 615 2430 invisunQnunsenim
624 2368 732 2434 populus
776 2369 835 2428 rint,
851 2384 903 2418 non
917 2378 1044 2433 cogantur,
1056 2381 1154 2416 necesse
1167 2367 1213 2415 erit
1224 2376 1290 2414 uerte

221 2447 317 2494 inssnss
329 2444 469 2511 largitiones
490 2463 587 2507 sorum,
607 2449 650 2513 qui
667 2447 732 2497 bona
776 2462 818 2496 eos
834 2447 898 2496 bano
913 2449 1041 2512 pecumuu
1060 2461 1154 2495 unsre
1166 2457 1296 2510 umquam,

220 2526 415 2590 proscriptorum
426 2525 732 2592 possidebunt,segrsl'er·
775 2527 1022 2594 peculiarem‚quum
1036 2526 1089 2592 lege
1105 2535 1203 2574 osnturn
1213 2523 1245 2574 sit
1258 2540 1290 2574 ne
1360 2561 1365 2574 .

220 2616 269 2662 ret,
281 2617 444 2670 urgerentque
454 2604 552 2671 plures,
565 2607 630 2654 utin
642 2607 732 2673 pstriss
775 2605 842 2656 illius
854 2606 886 2655 sb
898 2606 932 2654 eis
944 2607 1007 2655 rstio
1020 2616 1174 2672 exposcatur.

220 2683 331 2732 fortunas
348 2685 541 2750 proscriptorum
558 2683 604 2733 lilii
622 2685 733 2752 regrede-
814 2701 853 2736 ro.
883 2685 1017 2750 spoliemus
1034 2685 1118 2732 orbem
1143 2695 1199 2732 terr.
1213 2683 1291 2746 Asis,

220 2772 318 2825 seritur,
330 2773 409 2813 metus
422 2775 472 2813 esst
483 2779 514 2814 ns
523 2780 584 2830 opes
595 2763 656 2830 illss,
665 2764 733 2814 silex
775 2765 909 2830 Bithynis,
921 2767 1079 2829 AEgyptoqne
1095 2761 1245 2811 sbslienstis.

220 2855 262 2888 ess
276 2841 493 2908 restituijuberst,
509 2843 591 2893 subito
603 2860 733 2893 evanesce-
815 2858 855 2894 rr.
882 2839 1048 2908 merdanus
1075 2839 1199 2888 oerariuns.
1225 2839 1289 2904 Quis

221 2930 293 2980 reut3
312 2922 395 2986 itaque
416 2939 463 2989 pro
485 2935 549 2972 certa
573 2923 676 2988 pecunia
695 2923 733 2970 in·
775 2925 950 2989 imperatorum
958 2919 1289 2985 msnnblsrquaetbessnrum

221 3010 298 3048 oertss
310 3003 476 3066 possessiones
491 3019 542 3054 uon
554 3018 618 3066 egre
637 3001 733 3051 usdsnt
776 3001 913 3068 augebant,
927 3015 992 3048 nunc
1002 2999 1145 3048 decemviris
1154 2997 1291 3048 tredentur.

222 3077 371 3129 decemviris.
777 3075 1289 3144 -Invtdiaeespessilemicspossessoribus.

155 3167 163 3176 “
259 3157 565 3224 7.Gsteri.8ullsniso.qui
572 3159 682 3224 quotidie
688 3176 734 3225 pu·
776 3161 822 3212 rtis
842 3159 923 3209 verbis
942 3157 1036 3207 indicat
1055 3158 1183 3218 Sullanos,
1201 3167 1226 3206 et
1244 3175 1289 3208 eos

221 3237 283 3286 blics
294 3237 591 3303 rnsglssemsglslnvidis
600 3236 720 3288 lnborsnt.
776 3239 819 3306 qni
839 3239 988 3304 pestiferos,
1014 3235 1138 3288 stinsolis
1161 3237 1287 3286 nocituros

258 3319 281 3366 8.
301 3319 359 3366 Hac
373 3316 423 3366 dno
441 3315 526 3376 verbs,
545 3315 661 3382 capiunt,
674 3334 732 3382 pos-
776 3335 852 3385 egros
859 3316 1027 3384 possidebant.

220 3409 290 3456 sunt,
311 3409 488 3446 mntsrersmus
511 3413 566 3446 cuns
589 3399 683 3450 Ernsst.
706 3397 733 3446 in
814 3414 855 3450 ss.
874 3397 940 3461 Quid
953 3402 1022 3446 mm?
1043 3395 1119 3446 Aliud
1134 3394 1194 3460 legis
1213 3407 1287 3460 osput

220 3477 321 3542 cupiant
329 3513 337 3540 ,
346 3476 454 3542 possim
467 3493 549 3539 nunc,
559 3476 661 3538 iubente
674 3479 732 3526 θα-
774 3479 897 3542 exsgitst,
913 3475 1005 3540 quode
1018 3475 1123 3524 coloniis
1136 3473 1285 3524 deducendis

221 3571 287 3603 rens.
297 3557 327 3604 sd
338 3557 388 3608 cte.
397 3557 513 3606 Acsdem.
526 3559 565 3619 11,
580 3557 626 3618 1⁵,
640 3557 732 3608 resins·
775 3556 898 3620 agebatur.
912 3557 1007 3605 Etenim
1016 3555 1067 3620 sgri
1081 3569 1166 3602 omnes
1176 3563 1287 3601 emautur

137 3625 141 3636 '
222 3649 286 3682 mus.
297 3635 321 3684 J.
331 3637 364 3683 V.
375 3639 404 3684 L.
775 3636 848 3698 volo;
864 3635 907 3698 sed
923 3651 986 3700 quos
996 3634 1123 3690 homines,
1135 3643 1228 3695 qnsnto
1242 3648 1289 3680 nu·

258 3727 285 3774 9.
306 3713 490 3762 Intolerandum
506 3714 637 3765 licentiam.
656 3715 731 3766 Aliud
775 3729 841 3762 mero
854 3715 880 3762 in
892 3729 934 3761 eos
954 3713 1047 3771 mittet,
1060 3709 1196 3775 quibusque
1209 3711 1288 3774 reglo-

222 3807 280 3839 ssne
292 3789 352 3855 legis
367 3802 440 3855 caput
452 3793 605 3856 aggreditur,
622 3812 671 3860 quo
685 3812 729 3862 ps-
774 3792 847 3841 nibus
860 3791 976 3849 eductos;
992 3805 1047 3856 ques
1064 3789 1141 3836 lornrs
1155 3789 1212 3846 erit,
1232 3789 1289 3852 quis

222 3869 319 3918 cunism
344 3886 358 3917 s
382 3868 524 3919 decemviris
547 3884 670 3938 scceptsrn
691 3884 734 3922 sut
775 3871 864 3921 bornsn
872 3881 953 3919 rector
961 3880 985 3918 et
997 3868 1287 3934 princepsiquaeotunis

220 3963 304 4012 engi,
316 3959 358 3998 sut
369 3947 396 3996 in
407 3947 517 3998 uterium
525 3951 625 4002 meandi
634 3952 733 4004 vetsbn
776 3951 830 4017 lege
838 3966 890 3999 non
897 3960 967 3998 cents
976 3949 1080 4004 luerunt.

222 4034 271 4080 tur.
287 4029 369 4092 Quum
385 4039 465 4078 sutem
478 4029 523 4094 qui
533 4029 636 4080 vendere
649 4031 733 4083 nolue-
817 4031 857 4080 13.
875 4031 1073 4094 quoevum
1081 4026 1143 4118 luno
1155 4027 1289 4080 lectionem
