3020 4666
448 608 524 711 Μ.
554 609 618 710 Τ.
647 607 1065 718 CICERONIS

344 843 1190 1028 ORATIONES.

371 1320 483 1425 'DE
523 1321 725 1429 LEGE
759 1321 1124 1450 AGRARIA,

669 1553 840 1604 CONTRA

220 1717 267 1802 P.
278 1715 608 1808 SERVILIUM
621 1718 875 1809 RULLUM
893 1719 975 1808 AD
989 1717 1290 1832 POPULUM‚

518 1922 710 1992 orario
741 1881 997 1994 SECUNDA.
1414 1891 1418 1899 ’

606 2088 896 2119 -οοο--

454 2273 649 2344 ORATIO
674 2273 1051 2384 SEXTADECIMA.

219 2505 248 2573 Ι.
269 2447 374 2571 Esr
395 2498 519 2571 hocin
538 2524 639 2572 more
658 2501 835 2598 positum,
852 2501 1030 2592 Quirites,
1048 2501 1290 2600 institutoque

218 2611 397 2707 majorum
409 2665 419 2700 ,
430 2624 471 2683 ut
482 2611 507 2680 ii
519 2664 529 2699 ,
540 2611 603 2708 qui
616 2609 796 2682 beneficio
810 2625 929 2684 vestro
939 2613 1133 2709 imagines¹
1149 2611 1291 2684 familiae

218 2746 291 2792 suae
312 2721 527 2818 consequuti
549 2734 659 2805 sunt,
682 2745 761 2792 eam
784 2723 939 2818 primam
957 2720 1115 2794 habeant
1142 2723 1291 2795 concio-

217 2857 322 2923 nem,
341 2856 415 2931 qua
432 2833 581 2930 gratiam
596 2830 767 2904 beneficii
785 2832 893 2903 vestri
912 2856 996 2903 cum
1015 2856 1166 2904 suorum
1184 2832 1291 2905 laude

217 2943 452 3041 conjungant.
472 2945 552 3033 Qua
568 2942 606 3013 in
620 2947 785 3013 oratione
798 2940 967 3013 nonnulli
981 2940 1176 3039 aliquando
1190 2940 1290 3039 digni

216 3053 397 3147 majorum
415 3053 497 3123 loco
512 3053 768 3149 reperiuntur;
789 3049 953 3148 plerique
974 3065 1094 3124 autem
1118 3049 1189 3124 hoc
1205 3075 1291 3151 per-

215 3159 357 3250 ficiunt,
374 3175 416 3233 ut
432 3175 575 3232 tantum
589 3159 787 3256 majoribus
803 3184 930 3231 eorum
940 3159 1127 3232 debitum²
1142 3185 1218 3234 esse
1236 3163 1291 3234 vi-

217 3269 361 3360 deatur,
382 3270 480 3343 unde
495 3271 621 3358 etiam,
636 3269 737 3368 quod
751 3270 905 3369 posteris
920 3269 1140 3362 solveretur,
1155 3269 1291 3344 redun-

216 3381 326 3455 daret.
349 3380 441 3454 Mihi
459 3380 609 3480 quidem
634 3379 731 3480 apud
749 3405 816 3454 vos
834 3379 881 3453 de
901 3384 991 3453 meis
1017 3380 1216 3478 majoribus
1234 3380 1290 3454 di·

252 3605 273 3652 1.
288 3619 311 3656 r.
326 3607 455 3673 Imqinee.
466 3607 607 3668 Dictum,
617 3623 727 3666 densare,
811 3606 1292 3674 =.t1aj0rttuseorumdatttum.nobt1oe

217 3683 729 3754 consuletue‚prueure,aedilitasipsajue
771 3687 810 3736 hia
829 3689 909 3738 verbis
929 3689 956 3736 in
976 3688 1062 3737 odium
1081 3686 1205 3736 adducere
1224 3685 1291 3735 velle

216 3761 349 3826 imaginum
358 3763 456 3815 debent.
469 3767 536 3816 Novi
546 3767 659 3816 homines
672 3768 730 3833 qui-
755 3767 884 3828 »videtum
895 3767 963 3833 quod
971 3768 1081 3832 plerique
1090 3776 1158 3815 tanto
1168 3776 1288 3830 apparatu

217 3839 264 3888 bne
277 3841 383 3906 populus
395 3843 487 3890 nullam
504 3844 647 3908 dignimtem
664 3863 729 3895 eoa·
773 3847 894 3908 meierum
913 3861 1013 3894 suorum
1035 3861 1073 3893 ree
1086 3855 1163 3910 gestae
1180 3860 1287 3892 comme·

216 3920 411 3968 cesseratnullae
424 3921 612 3984 imaginatam
621 3941 676 3974 sues
684 3942 730 3992 po·
773 3927 907 3984 morando,
930 3924 1052 3974 declarem
1072 3935 1166 3972 nutum
1190 3921 1291 3989 populo

215 4014 274 4048 nere
287 4009 408 4064 poteram.
421 3999 473 4063 Qui
485 4000 606 4065 ignobiles
615 4003 730 4054 diceban-
773 4005 870 4054 familiae
883 4019 933 4052 aue
945 4019 997 4052 esee
1008 4004 1134 4064 debitum,
1147 4014 1175 4052 rt
1194 4003 1292 4070 aliquid

216 4077 372 4141 tunnelrane
385 4077 485 4148 quidem
493 4082 590 4145 eopiem
599 4082 730 4134 habebant
775 4084 855 4133 adhue
869 4085 975 4149 supersit
985 4083 1033 4132 eibi
1049 4084 1201 4135 solvendum.
