<?xml version="1.0" encoding="UTF-8"?>
<!DOCTYPE html PUBLIC "-//W3C//DTD XHTML 1.0 Transitional//EN"
    "http://www.w3.org/TR/xhtml1/DTD/xhtml1-transitional.dtd">
<html xmlns="http://www.w3.org/1999/xhtml" xml:lang="en" lang="en">
 <head>
  <title>
</title>
<meta http-equiv="Content-Type" content="text/html;charset=utf-8" />
  <meta name='ocr-system' content='tesseract 3.04.00' />
  <meta name='ocr-capabilities' content='ocr_page ocr_carea ocr_par ocr_line ocrx_word'/>
</head>
<body>
  <div class='ocr_page' id='page_1' title='image "./mtciceronisquae00lemagoog_0302.png"; bbox 0 0 3018 4664; ppageno 0'>
   <div class='ocr_carea' id='block_1_1' title="bbox 443 381 1270 480">
    <p class='ocr_par' dir='ltr' id='par_1_1' title="bbox 443 381 1270 480">
     <span class='ocr_line' id='line_1_1' title="bbox 443 381 1270 480; baseline 0.005 -30"><span class='ocrx_word' id='word_1_1' title='bbox 443 381 511 450; x_wconf 81' lang='lat' dir='ltr'><strong>ne</strong></span> <span class='ocrx_word' id='word_1_2' title='bbox 535 382 670 450; x_wconf 77' lang='lat' dir='ltr'><strong>naon</strong></span> <span class='ocrx_word' id='word_1_3' title='bbox 695 382 953 469; x_wconf 74' lang='lat' dir='ltr'><strong>aculam,</strong></span> <span class='ocrx_word' id='word_1_4' title='bbox 979 385 1025 452; x_wconf 88' lang='lat'><strong>11.</strong></span> <span class='ocrx_word' id='word_1_5' title='bbox 1199 382 1270 480; x_wconf 67' lang='lat'><strong>293</strong></span> 
     </span>
    </p>
   </div>
   <div class='ocr_carea' id='block_1_2' title="bbox 199 499 1375 594">
    <p class='ocr_par' dir='ltr' id='par_1_2' title="bbox 199 499 1375 594">
     <span class='ocr_line' id='line_1_2' title="bbox 199 499 1375 594; baseline 0.003 -20"><span class='ocrx_word' id='word_1_6' title='bbox 199 500 373 591; x_wconf 85' lang='lat' dir='ltr'><strong>Faliscus,</strong></span> <span class='ocrx_word' id='word_1_7' title='bbox 395 499 570 589; x_wconf 90' lang='lat' dir='ltr'><strong>Sabinus,</strong></span> <span class='ocrx_word' id='word_1_8' title='bbox 593 505 786 594; x_wconf 83' lang='lat' dir='ltr'><strong>Reatinus,</strong></span> <span class='ocrx_word' id='word_1_9' title='bbox 812 503 1059 594; x_wconf 81' lang='lat' dir='ltr'><strong>venafranus,</strong></span> <span class='ocrx_word' id='word_1_10' title='bbox 1084 503 1271 592; x_wconf 83' lang='lat' dir='ltr'><strong>Aliianus,</strong></span> <span class='ocrx_word' id='word_1_11' title='bbox 1371 549 1375 560; x_wconf 93' lang='lat'>·</span> 
     </span>
    </p>
   </div>
   <div class='ocr_carea' id='block_1_3' title="bbox 198 609 1284 2365">
    <p class='ocr_par' dir='ltr' id='par_1_3' title="bbox 198 609 1284 2365">
     <span class='ocr_line' id='line_1_3' title="bbox 199 609 1272 712; baseline 0.005 -30"><span class='ocrx_word' id='word_1_12' title='bbox 199 609 437 684; x_wconf 90' lang='lat' dir='ltr'><strong>Trebulanus.</strong></span> <span class='ocrx_word' id='word_1_13' title='bbox 457 611 576 684; x_wconf 88' lang='lat' dir='ltr'><strong>Habes</strong></span> <span class='ocrx_word' id='word_1_14' title='bbox 592 627 728 685; x_wconf 88' lang='lat' dir='ltr'><strong>tantam</strong></span> <span class='ocrx_word' id='word_1_15' title='bbox 748 617 959 712; x_wconf 90' lang='lat' dir='ltr'><strong>pecuniam,</strong></span> <span class='ocrx_word' id='word_1_16' title='bbox 977 639 1051 712; x_wconf 89' lang='lat' dir='ltr'><strong>qua</strong></span> <span class='ocrx_word' id='word_1_17' title='bbox 1068 613 1179 686; x_wconf 90' lang='lat' dir='ltr'><strong>hosce</strong></span> <span class='ocrx_word' id='word_1_18' title='bbox 1196 641 1272 686; x_wconf 89' lang='lat' dir='ltr'><strong>om·</strong></span> 
     </span>
     <span class='ocr_line' id='line_1_4' title="bbox 199 724 1273 820; baseline 0.003 -27"><span class='ocrx_word' id='word_1_19' title='bbox 199 747 266 794; x_wconf 91' lang='lat' dir='ltr'><strong>nes</strong></span> <span class='ocrx_word' id='word_1_20' title='bbox 279 746 402 820; x_wconf 82' lang='lat' dir='ltr'><strong>agros,</strong></span> <span class='ocrx_word' id='word_1_21' title='bbox 422 737 459 795; x_wconf 87' lang='lat' dir='ltr'><strong>et</strong></span> <span class='ocrx_word' id='word_1_22' title='bbox 470 737 609 795; x_wconf 89' lang='lat' dir='ltr'><strong>ceteros</strong></span> <span class='ocrx_word' id='word_1_23' title='bbox 621 725 755 795; x_wconf 92' lang='lat' dir='ltr'><strong>horum</strong></span> <span class='ocrx_word' id='word_1_24' title='bbox 770 725 903 797; x_wconf 87' lang='lat' dir='ltr'><strong>similes</strong></span> <span class='ocrx_word' id='word_1_25' title='bbox 917 751 993 796; x_wconf 91' lang='lat' dir='ltr'><strong>non</strong></span> <span class='ocrx_word' id='word_1_26' title='bbox 1008 724 1118 796; x_wconf 92' lang='lat' dir='ltr'><strong>modo</strong></span> <span class='ocrx_word' id='word_1_27' title='bbox 1133 749 1273 814; x_wconf 88' lang='lat' dir='ltr'><strong>emere,</strong></span> 
     </span>
     <span class='ocr_line' id='line_1_5' title="bbox 198 823 1273 932; baseline 0.005 -30"><span class='ocrx_word' id='word_1_28' title='bbox 198 833 452 903; x_wconf 84' lang='lat' dir='ltr'><strong>verumetiam</strong></span> <span class='ocrx_word' id='word_1_29' title='bbox 474 845 713 906; x_wconf 82' lang='lat' dir='ltr'><strong>coacervare⁹</strong></span> <span class='ocrx_word' id='word_1_30' title='bbox 735 836 850 932; x_wconf 91' lang='lat' dir='ltr'><strong>possis</strong></span> <span class='ocrx_word' id='word_1_31' title='bbox 877 863 885 906; x_wconf 92' lang='lat'><strong>:</strong></span> <span class='ocrx_word' id='word_1_32' title='bbox 910 859 976 907; x_wconf 93' lang='lat' dir='ltr'><strong>cur</strong></span> <span class='ocrx_word' id='word_1_33' title='bbox 1000 823 1063 907; x_wconf 77' lang='lat' dir='ltr'><strong>eos</strong></span> <span class='ocrx_word' id='word_1_34' title='bbox 1083 860 1160 906; x_wconf 93' lang='lat' dir='ltr'><strong>non</strong></span> <span class='ocrx_word' id='word_1_35' title='bbox 1181 833 1273 907; x_wconf 91' lang='lat' dir='ltr'><strong>defi-</strong></span> 
     </span>
     <span class='ocr_line' id='line_1_6' title="bbox 198 942 1272 1045; baseline 0.005 -33"><span class='ocrx_word' id='word_1_36' title='bbox 198 942 277 1030; x_wconf 90' lang='lat' dir='ltr'><strong>nis,</strong></span> <span class='ocrx_word' id='word_1_37' title='bbox 308 968 430 1041; x_wconf 91' lang='lat' dir='ltr'><strong>neque</strong></span> <span class='ocrx_word' id='word_1_38' title='bbox 466 948 653 1034; x_wconf 90' lang='lat' dir='ltr'><strong>nominas,</strong></span> <span class='ocrx_word' id='word_1_39' title='bbox 685 959 728 1016; x_wconf 94' lang='lat' dir='ltr'><strong>ut</strong></span> <span class='ocrx_word' id='word_1_40' title='bbox 765 946 890 1017; x_wconf 88' lang='lat' dir='ltr'><strong>saltem</strong></span> <span class='ocrx_word' id='word_1_41' title='bbox 925 944 1126 1017; x_wconf 90' lang='lat' dir='ltr'><strong>deliberare</strong></span> <span class='ocrx_word' id='word_1_42' title='bbox 1167 944 1272 1045; x_wconf 85' lang='lat' dir='ltr'><strong>plebs</strong></span> 
     </span>
     <span class='ocr_line' id='line_1_7' title="bbox 198 1053 1272 1153; baseline 0.004 -31"><span class='ocrx_word' id='word_1_43' title='bbox 198 1076 350 1123; x_wconf 89' lang='lat' dir='ltr'><strong>romana</strong></span> <span class='ocrx_word' id='word_1_44' title='bbox 379 1055 512 1152; x_wconf 89' lang='lat' dir='ltr'><strong>possit,</strong></span> <span class='ocrx_word' id='word_1_45' title='bbox 549 1056 639 1153; x_wconf 91' lang='lat' dir='ltr'><strong>quid</strong></span> <span class='ocrx_word' id='word_1_46' title='bbox 668 1056 808 1128; x_wconf 90' lang='lat' dir='ltr'><strong>intersit</strong></span> <span class='ocrx_word' id='word_1_47' title='bbox 837 1081 924 1142; x_wconf 89' lang='lat' dir='ltr'><strong>sua,</strong></span> <span class='ocrx_word' id='word_1_48' title='bbox 958 1053 1048 1153; x_wconf 91' lang='lat' dir='ltr'><strong>quid</strong></span> <span class='ocrx_word' id='word_1_49' title='bbox 1079 1054 1272 1153; x_wconf 83' lang='lat' dir='ltr'><strong>expediat,</strong></span> 
     </span>
     <span class='ocr_line' id='line_1_8' title="bbox 199 1159 1272 1260; baseline 0.001 -26"><span class='ocrx_word' id='word_1_50' title='bbox 199 1177 380 1260; x_wconf 88' lang='lat' dir='ltr'><strong>quantum</strong></span> <span class='ocrx_word' id='word_1_51' title='bbox 396 1159 462 1236; x_wconf 90' lang='lat' dir='ltr'><strong>tibi</strong></span> <span class='ocrx_word' id='word_1_52' title='bbox 481 1168 518 1237; x_wconf 92' lang='lat' dir='ltr'><strong>in</strong></span> <span class='ocrx_word' id='word_1_53' title='bbox 538 1166 702 1238; x_wconf 87' lang='lat' dir='ltr'><strong>emendis</strong></span> <span class='ocrx_word' id='word_1_54' title='bbox 716 1181 753 1238; x_wconf 91' lang='lat' dir='ltr'><strong>et</strong></span> <span class='ocrx_word' id='word_1_55' title='bbox 769 1170 807 1238; x_wconf 92' lang='lat' dir='ltr'><strong>in</strong></span> <span class='ocrx_word' id='word_1_56' title='bbox 825 1164 1024 1238; x_wconf 87' lang='lat' dir='ltr'><strong>vendendis</strong></span> <span class='ocrx_word' id='word_1_57' title='bbox 1046 1163 1156 1236; x_wconf 89' lang='lat' dir='ltr'><strong>rebus</strong></span> <span class='ocrx_word' id='word_1_58' title='bbox 1172 1190 1272 1236; x_wconf 91' lang='lat' dir='ltr'><strong>com-</strong></span> 
     </span>
     <span class='ocr_line' id='line_1_9' title="bbox 198 1274 1275 1375; baseline 0.002 -32"><span class='ocrx_word' id='word_1_59' title='bbox 198 1274 418 1346; x_wconf 90' lang='lat' dir='ltr'><strong>mittendum</strong></span> <span class='ocrx_word' id='word_1_60' title='bbox 432 1277 559 1374; x_wconf 82' lang='lat' dir='ltr'><strong>putet?</strong></span> <span class='ocrx_word' id='word_1_61' title='bbox 574 1274 736 1366; x_wconf 90' lang='lat' dir='ltr'><strong>Definio,</strong></span> <span class='ocrx_word' id='word_1_62' title='bbox 754 1279 891 1375; x_wconf 88' lang='lat' dir='ltr'><strong>inquit,</strong></span> <span class='ocrx_word' id='word_1_63' title='bbox 907 1275 1057 1347; x_wconf 90' lang='lat' dir='ltr'><strong>ltaliam.</strong></span> <span class='ocrx_word' id='word_1_64' title='bbox 1072 1276 1162 1348; x_wconf 88' lang='lat' dir='ltr'><strong>Satis</strong></span> <span class='ocrx_word' id='word_1_65' title='bbox 1177 1289 1275 1346; x_wconf 86' lang='lat' dir='ltr'><strong>certa</strong></span> 
     </span>
     <span class='ocr_line' id='line_1_10' title="bbox 198 1386 1272 1486; baseline 0 -30"><span class='ocrx_word' id='word_1_66' title='bbox 198 1386 299 1482; x_wconf 83' lang='lat' dir='ltr'><strong>regio</strong></span> <span class='ocrx_word' id='word_1_67' title='bbox 312 1393 354 1457; x_wconf 87' lang='lat'><strong>¹⁰.</strong></span> <span class='ocrx_word' id='word_1_68' title='bbox 376 1390 519 1458; x_wconf 85' lang='lat' dir='ltr'><strong>Etenim</strong></span> <span class='ocrx_word' id='word_1_69' title='bbox 541 1387 760 1486; x_wconf 87' lang='lat' dir='ltr'><strong>quantulum</strong></span> <span class='ocrx_word' id='word_1_70' title='bbox 783 1389 953 1474; x_wconf 88' lang='lat' dir='ltr'><strong>interest,</strong></span> <span class='ocrx_word' id='word_1_71' title='bbox 974 1401 1099 1457; x_wconf 90' lang='lat' dir='ltr'><strong>utrum</strong></span> <span class='ocrx_word' id='word_1_72' title='bbox 1120 1387 1156 1456; x_wconf 91' lang='lat' dir='ltr'><strong>in</strong></span> <span class='ocrx_word' id='word_1_73' title='bbox 1176 1388 1272 1456; x_wconf 89' lang='lat' dir='ltr'><strong>Mas·</strong></span> 
     </span>
     <span class='ocr_line' id='line_1_11' title="bbox 198 1493 1273 1596; baseline 0.001 -30"><span class='ocrx_word' id='word_1_74' title='bbox 198 1493 263 1566; x_wconf 93' lang='lat' dir='ltr'><strong>sici</strong></span> <span class='ocrx_word' id='word_1_75' title='bbox 289 1493 447 1585; x_wconf 83' lang='lat' dir='ltr'><strong>radices,</strong></span> <span class='ocrx_word' id='word_1_76' title='bbox 476 1520 523 1568; x_wconf 90' lang='lat' dir='ltr'><strong>an</strong></span> <span class='ocrx_word' id='word_1_77' title='bbox 551 1500 589 1567; x_wconf 93' lang='lat' dir='ltr'><strong>in</strong></span> <span class='ocrx_word' id='word_1_78' title='bbox 618 1496 841 1596; x_wconf 88' lang='lat' dir='ltr'><strong>Apuliam¹¹,</strong></span> <span class='ocrx_word' id='word_1_79' title='bbox 871 1497 986 1568; x_wconf 82' lang='lat' dir='ltr'><strong>aliove</strong></span> <span class='ocrx_word' id='word_1_80' title='bbox 1017 1494 1273 1568; x_wconf 83' lang='lat' dir='ltr'><strong>deducamini?</strong></span> 
     </span>
     <span class='ocr_line' id='line_1_12' title="bbox 198 1605 1272 1705; baseline -0.001 -29"><span class='ocrx_word' id='word_1_81' title='bbox 198 1609 275 1702; x_wconf 81' lang='lat' dir='ltr'><strong>Age</strong></span> <span class='ocrx_word' id='word_1_82' title='bbox 291 1615 337 1693; x_wconf 81' lang='lat'><strong>¹²,</strong></span> <span class='ocrx_word' id='word_1_83' title='bbox 357 1631 433 1678; x_wconf 90' lang='lat' dir='ltr'><strong>non</strong></span> <span class='ocrx_word' id='word_1_84' title='bbox 456 1605 585 1680; x_wconf 87' lang='lat' dir='ltr'><strong>definis</strong></span> <span class='ocrx_word' id='word_1_85' title='bbox 606 1607 744 1679; x_wconf 89' lang='lat' dir='ltr'><strong>locum:</strong></span> <span class='ocrx_word' id='word_1_86' title='bbox 764 1607 874 1705; x_wconf 82' lang='lat' dir='ltr'><strong>quid?</strong></span> <span class='ocrx_word' id='word_1_87' title='bbox 892 1621 1058 1678; x_wconf 88' lang='lat' dir='ltr'><strong>naturam</strong></span> <span class='ocrx_word' id='word_1_88' title='bbox 1080 1607 1176 1704; x_wconf 84' lang='lat' dir='ltr'><strong>agri?</strong></span> <span class='ocrx_word' id='word_1_89' title='bbox 1199 1609 1272 1676; x_wconf 85' lang='lat' dir='ltr'><strong>Ve-</strong></span> 
     </span>
     <span class='ocr_line' id='line_1_13' title="bbox 198 1713 1271 1814; baseline -0.001 -28"><span class='ocrx_word' id='word_1_90' title='bbox 198 1713 296 1804; x_wconf 79' lang='lat' dir='ltr'><strong>ro¹³,</strong></span> <span class='ocrx_word' id='word_1_91' title='bbox 317 1717 455 1814; x_wconf 90' lang='lat' dir='ltr'><strong>inquit,</strong></span> <span class='ocrx_word' id='word_1_92' title='bbox 479 1719 552 1808; x_wconf 88' lang='lat' dir='ltr'><strong>Qnr</strong></span> <span class='ocrx_word' id='word_1_93' title='bbox 570 1743 698 1806; x_wconf 80' lang='lat' dir='ltr'><strong>anam,</strong></span> <span class='ocrx_word' id='word_1_94' title='bbox 720 1744 793 1790; x_wconf 76' lang='lat' dir='ltr'><strong>sur</strong></span> <span class='ocrx_word' id='word_1_95' title='bbox 810 1742 890 1790; x_wconf 80' lang='lat' dir='ltr'><strong>cour</strong></span> <span class='ocrx_word' id='word_1_96' title='bbox 912 1742 1042 1788; x_wconf 79' lang='lat' dir='ltr'><strong>rossrr.</strong></span> <span class='ocrx_word' id='word_1_97' title='bbox 1064 1717 1136 1807; x_wconf 91' lang='lat' dir='ltr'><strong>Qui</strong></span> <span class='ocrx_word' id='word_1_98' title='bbox 1158 1717 1271 1813; x_wconf 88' lang='lat' dir='ltr'><strong>possit</strong></span> 
     </span>
     <span class='ocr_line' id='line_1_14' title="bbox 198 1826 1284 1926; baseline 0 -31"><span class='ocrx_word' id='word_1_99' title='bbox 198 1827 311 1916; x_wconf 90' lang='lat' dir='ltr'><strong>arari,</strong></span> <span class='ocrx_word' id='word_1_100' title='bbox 329 1829 466 1924; x_wconf 91' lang='lat' dir='ltr'><strong>inquit,</strong></span> <span class='ocrx_word' id='word_1_101' title='bbox 483 1845 546 1900; x_wconf 89' lang='lat' dir='ltr'><strong>aut</strong></span> <span class='ocrx_word' id='word_1_102' title='bbox 560 1829 648 1918; x_wconf 89' lang='lat' dir='ltr'><strong>coii;</strong></span> <span class='ocrx_word' id='word_1_103' title='bbox 670 1854 747 1900; x_wconf 94' lang='lat' dir='ltr'><strong>non</strong></span> <span class='ocrx_word' id='word_1_104' title='bbox 759 1829 824 1926; x_wconf 92' lang='lat' dir='ltr'><strong>qui</strong></span> <span class='ocrx_word' id='word_1_105' title='bbox 839 1842 975 1917; x_wconf 89' lang='lat' dir='ltr'><strong>aratus,</strong></span> <span class='ocrx_word' id='word_1_106' title='bbox 993 1843 1057 1899; x_wconf 89' lang='lat' dir='ltr'><strong>aut</strong></span> <span class='ocrx_word' id='word_1_107' title='bbox 1074 1826 1195 1898; x_wconf 92' lang='lat' dir='ltr'><strong>cultus</strong></span> <span class='ocrx_word' id='word_1_108' title='bbox 1212 1829 1284 1918; x_wconf 83' lang='lat' dir='ltr'><strong>sit.¹</strong></span> 
     </span>
     <span class='ocr_line' id='line_1_15' title="bbox 198 1935 1270 2028; baseline -0.001 -22"><span class='ocrx_word' id='word_1_109' title='bbox 198 1939 331 2008; x_wconf 81' lang='lat' dir='ltr'><strong>Utrum</strong></span> <span class='ocrx_word' id='word_1_110' title='bbox 349 1937 427 2010; x_wconf 80' lang='lat' dir='ltr'><strong>hoec</strong></span> <span class='ocrx_word' id='word_1_111' title='bbox 447 1938 505 2010; x_wconf 84' lang='lat' dir='ltr'><strong>lex</strong></span> <span class='ocrx_word' id='word_1_112' title='bbox 526 1955 596 2028; x_wconf 91' lang='lat' dir='ltr'><strong>est,</strong></span> <span class='ocrx_word' id='word_1_113' title='bbox 613 1963 658 2011; x_wconf 89' lang='lat' dir='ltr'><strong>an</strong></span> <span class='ocrx_word' id='word_1_114' title='bbox 675 1938 798 2012; x_wconf 91' lang='lat' dir='ltr'><strong>tabula</strong></span> <span class='ocrx_word' id='word_1_115' title='bbox 816 1941 1058 2011; x_wconf 72' lang='lat' dir='ltr'><strong>Neratianae¹⁴</strong></span> <span class='ocrx_word' id='word_1_116' title='bbox 1072 1935 1270 2009; x_wconf 83' lang='lat' dir='ltr'><strong>auctionis?</strong></span> 
     </span>
     <span class='ocr_line' id='line_1_16' title="bbox 198 2047 1271 2148; baseline -0.002 -31"><span class='ocrx_word' id='word_1_117' title='bbox 198 2047 329 2145; x_wconf 88' lang='lat' dir='ltr'><strong>inqua</strong></span> <span class='ocrx_word' id='word_1_118' title='bbox 349 2050 523 2148; x_wconf 89' lang='lat' dir='ltr'><strong>scriptum</strong></span> <span class='ocrx_word' id='word_1_119' title='bbox 550 2047 658 2122; x_wconf 84' lang='lat' dir='ltr'><strong>luisse</strong></span> <span class='ocrx_word' id='word_1_120' title='bbox 680 2053 807 2122; x_wconf 88' lang='lat' dir='ltr'><strong>aiunt:</strong></span> <span class='ocrx_word' id='word_1_121' title='bbox 832 2054 973 2121; x_wconf 75' lang='lat' dir='ltr'><strong>lucana</strong></span> <span class='ocrx_word' id='word_1_122' title='bbox 994 2072 1055 2132; x_wconf 89' lang='lat' dir='ltr'><strong>cc,</strong></span> <span class='ocrx_word' id='word_1_123' title='bbox 1078 2072 1117 2118; x_wconf 81' lang='lat' dir='ltr'><strong>nr</strong></span> <span class='ocrx_word' id='word_1_124' title='bbox 1134 2069 1271 2142; x_wconf 79' lang='lat' dir='ltr'><strong>¹Qunsus</strong></span> 
     </span>
     <span class='ocr_line' id='line_1_17' title="bbox 198 2180 1270 2249; baseline -0.002 -21"><span class='ocrx_word' id='word_1_125' title='bbox 198 2180 382 2228; x_wconf 81' lang='lat' dir='ltr'><strong>onrvsruu</strong></span> <span class='ocrx_word' id='word_1_126' title='bbox 401 2183 497 2230; x_wconf 81' lang='lat' dir='ltr'><strong>rrenr</strong></span> <span class='ocrx_word' id='word_1_127' title='bbox 520 2183 830 2249; x_wconf 79' lang='lat' dir='ltr'><strong>rorssr31ucrns</strong></span> <span class='ocrx_word' id='word_1_128' title='bbox 856 2183 940 2246; x_wconf 91' lang='lat' dir='ltr'><strong>ccc,</strong></span> <span class='ocrx_word' id='word_1_129' title='bbox 964 2183 1024 2230; x_wconf 84' lang='lat' dir='ltr'><strong>um</strong></span> <span class='ocrx_word' id='word_1_130' title='bbox 1047 2181 1199 2228; x_wconf 78' lang='lat' dir='ltr'><strong>rusrrrur</strong></span> <span class='ocrx_word' id='word_1_131' title='bbox 1218 2182 1270 2226; x_wconf 86' lang='lat' dir='ltr'><strong>vr·</strong></span> 
     </span>
     <span class='ocr_line' id='line_1_18' title="bbox 198 2265 1271 2365; baseline 0 -30"><span class='ocrx_word' id='word_1_132' title='bbox 198 2287 276 2336; x_wconf 73' lang='lat' dir='ltr'><strong>nris</strong></span> <span class='ocrx_word' id='word_1_133' title='bbox 294 2289 457 2338; x_wconf 76' lang='lat' dir='ltr'><strong>rossun&#39;r.</strong></span> <span class='ocrx_word' id='word_1_134' title='bbox 476 2273 554 2340; x_wconf 90' lang='lat' dir='ltr'><strong>Hoc</strong></span> <span class='ocrx_word' id='word_1_135' title='bbox 570 2283 609 2342; x_wconf 85' lang='lat' dir='ltr'><strong>tu</strong></span> <span class='ocrx_word' id='word_1_136' title='bbox 627 2293 724 2341; x_wconf 85' lang='lat' dir='ltr'><strong>ames</strong></span> <span class='ocrx_word' id='word_1_137' title='bbox 741 2271 808 2340; x_wconf 85' lang='lat' dir='ltr'><strong>ista</strong></span> <span class='ocrx_word' id='word_1_138' title='bbox 825 2265 1082 2345; x_wconf 83' lang='lat' dir='ltr'><strong>innumerabili</strong></span> <span class='ocrx_word' id='word_1_139' title='bbox 1097 2266 1271 2365; x_wconf 86' lang='lat' dir='ltr'><strong>pecunia,</strong></span> 
     </span>
    </p>
   </div>
   <div class='ocr_carea' id='block_1_4' title="bbox 197 2375 1270 2697">
    <p class='ocr_par' dir='ltr' id='par_1_4' title="bbox 197 2375 1270 2697">
     <span class='ocr_line' id='line_1_19' title="bbox 198 2375 1270 2478; baseline 0 -33"><span class='ocrx_word' id='word_1_140' title='bbox 198 2376 301 2472; x_wconf 89' lang='lat' dir='ltr'><strong>quod</strong></span> <span class='ocrx_word' id='word_1_141' title='bbox 320 2381 430 2466; x_wconf 88' lang='lat' dir='ltr'><strong>arari,</strong></span> <span class='ocrx_word' id='word_1_142' title='bbox 449 2393 510 2448; x_wconf 90' lang='lat' dir='ltr'><strong>aut</strong></span> <span class='ocrx_word' id='word_1_143' title='bbox 525 2380 595 2450; x_wconf 90' lang='lat' dir='ltr'><strong>coli</strong></span> <span class='ocrx_word' id='word_1_144' title='bbox 614 2381 749 2478; x_wconf 82' lang='lat' dir='ltr'><strong>possit?</strong></span> <span class='ocrx_word' id='word_1_145' title='bbox 769 2378 879 2470; x_wconf 90' lang='lat' dir='ltr'><strong>Quod</strong></span> <span class='ocrx_word' id='word_1_146' title='bbox 898 2378 1015 2449; x_wconf 91' lang='lat' dir='ltr'><strong>solum</strong></span> <span class='ocrx_word' id='word_1_147' title='bbox 1032 2391 1106 2448; x_wconf 88' lang='lat' dir='ltr'><strong>tam</strong></span> <span class='ocrx_word' id='word_1_148' title='bbox 1125 2375 1218 2447; x_wconf 85' lang='lat' dir='ltr'><strong>exile</strong></span> <span class='ocrx_word' id='word_1_149' title='bbox 1233 2389 1270 2446; x_wconf 91' lang='lat' dir='ltr'><strong>et</strong></span> 
     </span>
     <span class='ocr_line' id='line_1_20' title="bbox 197 2483 1270 2596; baseline 0 -40"><span class='ocrx_word' id='word_1_150' title='bbox 197 2509 362 2558; x_wconf 90' lang='lat' dir='ltr'><strong>macrum</strong></span> <span class='ocrx_word' id='word_1_151' title='bbox 381 2502 451 2578; x_wconf 89' lang='lat' dir='ltr'><strong>est,</strong></span> <span class='ocrx_word' id='word_1_152' title='bbox 468 2488 569 2587; x_wconf 93' lang='lat' dir='ltr'><strong>quod</strong></span> <span class='ocrx_word' id='word_1_153' title='bbox 583 2504 704 2570; x_wconf 75' lang='lat' dir='ltr'><strong>aratro</strong></span> <span class='ocrx_word' id='word_1_154' title='bbox 715 2489 909 2596; x_wconf 84' lang='lat' dir='ltr'><strong>perstringi</strong></span> <span class='ocrx_word' id='word_1_155' title='bbox 920 2483 953 2530; x_wconf 87' lang='lat'><strong>¹⁵</strong></span> <span class='ocrx_word' id='word_1_156' title='bbox 966 2512 1044 2559; x_wconf 92' lang='lat' dir='ltr'><strong>non</strong></span> <span class='ocrx_word' id='word_1_157' title='bbox 1057 2485 1193 2584; x_wconf 82' lang='lat' dir='ltr'><strong>possit?</strong></span> <span class='ocrx_word' id='word_1_158' title='bbox 1206 2497 1270 2556; x_wconf 90' lang='lat' dir='ltr'><strong>aut</strong></span> 
     </span>
     <span class='ocr_line' id='line_1_21' title="bbox 198 2593 1268 2697; baseline -0.005 -30"><span class='ocrx_word' id='word_1_159' title='bbox 198 2596 300 2694; x_wconf 91' lang='lat' dir='ltr'><strong>quod</strong></span> <span class='ocrx_word' id='word_1_160' title='bbox 318 2612 373 2669; x_wconf 87' lang='lat' dir='ltr'><strong>est</strong></span> <span class='ocrx_word' id='word_1_161' title='bbox 394 2613 468 2669; x_wconf 90' lang='lat' dir='ltr'><strong>tam</strong></span> <span class='ocrx_word' id='word_1_162' title='bbox 488 2622 656 2697; x_wconf 89' lang='lat' dir='ltr'><strong>asperum</strong></span> <span class='ocrx_word' id='word_1_163' title='bbox 674 2612 858 2686; x_wconf 83' lang='lat' dir='ltr'><strong>saxetum,</strong></span> <span class='ocrx_word' id='word_1_164' title='bbox 877 2598 915 2668; x_wconf 90' lang='lat' dir='ltr'><strong>in</strong></span> <span class='ocrx_word' id='word_1_165' title='bbox 934 2620 1010 2696; x_wconf 88' lang='lat' dir='ltr'><strong>quo</strong></span> <span class='ocrx_word' id='word_1_166' title='bbox 1030 2593 1268 2694; x_wconf 84' lang='lat' dir='ltr'><strong>agricolarum</strong></span> 
     </span>
    </p>
   </div>
   <div class='ocr_carea' id='block_1_5' title="bbox 196 2780 1268 3251">
    <p class='ocr_par' dir='ltr' id='par_1_5' title="bbox 196 2780 1268 3251">
     <span class='ocr_line' id='line_1_22' title="bbox 234 2780 1267 2858; baseline -0.006 -17"><span class='ocrx_word' id='word_1_167' title='bbox 234 2805 262 2854; x_wconf 79' lang='lat'><strong>9.</strong></span> <span class='ocrx_word' id='word_1_168' title='bbox 273 2791 428 2840; x_wconf 66' lang='lat' dir='ltr'><strong>comm.</strong></span> <span class='ocrx_word' id='word_1_169' title='bbox 438 2793 559 2842; x_wconf 80' lang='lat' dir='ltr'><strong>Plurimos</strong></span> <span class='ocrx_word' id='word_1_170' title='bbox 568 2809 640 2858; x_wconf 81' lang='lat' dir='ltr'><strong>agros</strong></span> <span class='ocrx_word' id='word_1_171' title='bbox 647 2807 711 2841; x_wconf 72' lang='lat' dir='ltr'><strong>acen</strong></span> <span class='ocrx_word' id='word_1_172' title='bbox 793 2794 835 2840; x_wconf 80' lang='lat'><strong>13.</strong></span> <span class='ocrx_word' id='word_1_173' title='bbox 863 2794 935 2839; x_wconf 78' lang='lat' dir='ltr'><strong>Vero.</strong></span> <span class='ocrx_word' id='word_1_174' title='bbox 955 2787 1108 2838; x_wconf 76' lang='lat' dir='ltr'><strong>Affirmautis</strong></span> <span class='ocrx_word' id='word_1_175' title='bbox 1124 2780 1267 2836; x_wconf 80' lang='lat' dir='ltr'><strong>adverbium</strong></span> 
     </span>
     <span class='ocr_line' id='line_1_23' title="bbox 198 2865 1268 2936; baseline -0.003 -18"><span class='ocrx_word' id='word_1_176' title='bbox 198 2870 274 2919; x_wconf 81' lang='lat' dir='ltr'><strong>vatim</strong></span> <span class='ocrx_word' id='word_1_177' title='bbox 282 2887 370 2932; x_wconf 82' lang='lat' dir='ltr'><strong>emere,</strong></span> <span class='ocrx_word' id='word_1_178' title='bbox 376 2887 439 2936; x_wconf 86' lang='lat' dir='ltr'><strong>quoe</strong></span> <span class='ocrx_word' id='word_1_179' title='bbox 446 2872 490 2920; x_wconf 80' lang='lat' dir='ltr'><strong>tibi</strong></span> <span class='ocrx_word' id='word_1_180' title='bbox 499 2888 583 2921; x_wconf 85' lang='lat' dir='ltr'><strong>omnes</strong></span> <span class='ocrx_word' id='word_1_181' title='bbox 594 2871 710 2920; x_wconf 80' lang='lat' dir='ltr'><strong>vindices.</strong></span> <span class='ocrx_word' id='word_1_182' title='bbox 754 2870 875 2920; x_wconf 86' lang='lat' dir='ltr'><strong>veteribus</strong></span> <span class='ocrx_word' id='word_1_183' title='bbox 888 2871 1016 2918; x_wconf 82' lang='lat' dir='ltr'><strong>usitatum.</strong></span> <span class='ocrx_word' id='word_1_184' title='bbox 1031 2871 1085 2915; x_wconf 86' lang='lat' dir='ltr'><strong>lmo</strong></span> <span class='ocrx_word' id='word_1_185' title='bbox 1097 2882 1156 2914; x_wconf 86' lang='lat' dir='ltr'><strong>vero</strong></span> <span class='ocrx_word' id='word_1_186' title='bbox 1167 2865 1268 2926; x_wconf 84' lang='lat' dir='ltr'><strong>definio,</strong></span> 
     </span>
     <span class='ocr_line' id='line_1_24' title="bbox 236 2945 1268 3016; baseline -0.005 -18"><span class='ocrx_word' id='word_1_187' title='bbox 236 2965 278 2998; x_wconf 85' lang='grc' dir='ltr'><strong>ιο.</strong></span> <span class='ocrx_word' id='word_1_188' title='bbox 285 2950 351 2998; x_wconf 79' lang='lat' dir='ltr'><strong>Satis</strong></span> <span class='ocrx_word' id='word_1_189' title='bbox 360 2962 428 2999; x_wconf 77' lang='lat' dir='ltr'><strong>cerm</strong></span> <span class='ocrx_word' id='word_1_190' title='bbox 437 2951 511 3016; x_wconf 75' lang='lat' dir='ltr'><strong>regia.</strong></span> <span class='ocrx_word' id='word_1_191' title='bbox 523 2953 622 3000; x_wconf 84' lang='lat' dir='ltr'><strong>Irouie:</strong></span> <span class='ocrx_word' id='word_1_192' title='bbox 633 2950 709 2998; x_wconf 77' lang='lat' dir='ltr'><strong>ltaliae</strong></span> <span class='ocrx_word' id='word_1_193' title='bbox 752 2950 834 3013; x_wconf 88' lang='lat' dir='ltr'><strong>inquit</strong></span> <span class='ocrx_word' id='word_1_194' title='bbox 844 2949 946 3008; x_wconf 75' lang='lat' dir='ltr'><strong>Rullus,</strong></span> <span class='ocrx_word' id='word_1_195' title='bbox 956 2963 1031 3012; x_wconf 84' lang='lat' dir='ltr'><strong>quum</strong></span> <span class='ocrx_word' id='word_1_196' title='bbox 1043 2947 1068 2994; x_wconf 90' lang='lat' dir='ltr'><strong>in</strong></span> <span class='ocrx_word' id='word_1_197' title='bbox 1077 2945 1130 3010; x_wconf 72' lang='lat' dir='ltr'><strong>lege</strong></span> <span class='ocrx_word' id='word_1_198' title='bbox 1139 2945 1196 2994; x_wconf 90' lang='lat' dir='ltr'><strong>dico</strong></span> <span class='ocrx_word' id='word_1_199' title='bbox 1206 2960 1213 2994; x_wconf 96' lang='lat'><strong>:</strong></span> <span class='ocrx_word' id='word_1_200' title='bbox 1223 2946 1268 3010; x_wconf 83' lang='lat' dir='ltr'><strong>qui</strong></span> 
     </span>
     <span class='ocr_line' id='line_1_25' title="bbox 196 3025 1046 3095; baseline -0.007 -17"><span class='ocrx_word' id='word_1_201' title='bbox 196 3045 288 3078; x_wconf 84' lang='lat' dir='ltr'><strong>nomen</strong></span> <span class='ocrx_word' id='word_1_202' title='bbox 310 3045 387 3094; x_wconf 86' lang='lat' dir='ltr'><strong>quum</strong></span> <span class='ocrx_word' id='word_1_203' title='bbox 405 3035 454 3077; x_wconf 86' lang='lat' dir='ltr'><strong>tsm</strong></span> <span class='ocrx_word' id='word_1_204' title='bbox 473 3031 522 3078; x_wconf 82' lang='lat' dir='ltr'><strong>late</strong></span> <span class='ocrx_word' id='word_1_205' title='bbox 540 3040 634 3095; x_wconf 79' lang='lat' dir='ltr'><strong>petest,</strong></span> <span class='ocrx_word' id='word_1_206' title='bbox 647 3029 709 3076; x_wconf 88' lang='lat' dir='ltr'><strong>nihil</strong></span> <span class='ocrx_word' id='word_1_207' title='bbox 752 3029 886 3089; x_wconf 77' lang='lat' dir='ltr'><strong>erari,sut</strong></span> <span class='ocrx_word' id='word_1_208' title='bbox 899 3025 949 3074; x_wconf 88' lang='lat' dir='ltr'><strong>coli</strong></span> <span class='ocrx_word' id='word_1_209' title='bbox 961 3025 1046 3090; x_wconf 69' lang='lat' dir='ltr'><strong>pouit.</strong></span> 
     </span>
     <span class='ocr_line' id='line_1_26' title="bbox 196 3101 1264 3174; baseline -0.004 -17"><span class='ocrx_word' id='word_1_210' title='bbox 196 3108 270 3174; x_wconf 72' lang='lat' dir='ltr'><strong>plene</strong></span> <span class='ocrx_word' id='word_1_211' title='bbox 284 3108 420 3157; x_wconf 83' lang='lat' dir='ltr'><strong>istomodo</strong></span> <span class='ocrx_word' id='word_1_212' title='bbox 439 3106 708 3157; x_wconf 68' lang='lat' dir='ltr'><strong>definitaecontinua-</strong></span> <span class='ocrx_word' id='word_1_213' title='bbox 791 3113 832 3162; x_wconf 68' lang='lat' dir='ltr'><strong>rs.</strong></span> <span class='ocrx_word' id='word_1_214' title='bbox 856 3105 1000 3154; x_wconf 79' lang='lat' dir='ltr'><strong>Neratiarroe</strong></span> <span class='ocrx_word' id='word_1_215' title='bbox 1025 3101 1153 3152; x_wconf 79' lang='lat' dir='ltr'><strong>auctionis.</strong></span> <span class='ocrx_word' id='word_1_216' title='bbox 1180 3105 1264 3168; x_wconf 80' lang='lat' dir='ltr'><strong>Quum</strong></span> 
     </span>
     <span class='ocr_line' id='line_1_27' title="bbox 196 3182 1266 3251; baseline -0.003 -16"><span class='ocrx_word' id='word_1_217' title='bbox 196 3198 239 3236; x_wconf 86' lang='lat' dir='ltr'><strong>tur</strong></span> <span class='ocrx_word' id='word_1_218' title='bbox 257 3188 352 3249; x_wconf 85' lang='lat' dir='ltr'><strong>ironis;</strong></span> <span class='ocrx_word' id='word_1_219' title='bbox 372 3187 503 3251; x_wconf 87' lang='lat' dir='ltr'><strong>plurimum</strong></span> <span class='ocrx_word' id='word_1_220' title='bbox 525 3187 591 3234; x_wconf 85' lang='lat' dir='ltr'><strong>enim</strong></span> <span class='ocrx_word' id='word_1_221' title='bbox 609 3187 709 3235; x_wconf 87' lang='lat' dir='ltr'><strong>interest</strong></span> <span class='ocrx_word' id='word_1_222' title='bbox 753 3183 823 3232; x_wconf 88' lang='lat' dir='ltr'><strong>nullo</strong></span> <span class='ocrx_word' id='word_1_223' title='bbox 835 3183 911 3232; x_wconf 87' lang='lat' dir='ltr'><strong>modo</strong></span> <span class='ocrx_word' id='word_1_224' title='bbox 920 3182 1034 3232; x_wconf 83' lang='lat' dir='ltr'><strong>Neratius</strong></span> <span class='ocrx_word' id='word_1_225' title='bbox 1044 3182 1085 3230; x_wconf 87' lang='lat' dir='ltr'><strong>ille</strong></span> <span class='ocrx_word' id='word_1_226' title='bbox 1095 3195 1266 3246; x_wconf 71' lang='lat' dir='ltr'><strong>cognoscatur,</strong></span> 
     </span>
    </p>
   </div>
   <div class='ocr_carea' id='block_1_6' title="bbox 196 3264 1264 3330">
    <p class='ocr_par' dir='ltr' id='par_1_6' title="bbox 196 3264 1264 3330">
     <span class='ocr_line' id='line_1_28' title="bbox 196 3264 1264 3330; baseline -0.004 -14"><span class='ocrx_word' id='word_1_227' title='bbox 196 3277 279 3316; x_wconf 87' lang='lat' dir='ltr'><strong>utrum</strong></span> <span class='ocrx_word' id='word_1_228' title='bbox 288 3268 313 3315; x_wconf 91' lang='lat' dir='ltr'><strong>in</strong></span> <span class='ocrx_word' id='word_1_229' title='bbox 324 3267 423 3314; x_wconf 81' lang='lat' dir='ltr'><strong>Massici</strong></span> <span class='ocrx_word' id='word_1_230' title='bbox 433 3266 601 3328; x_wconf 83' lang='lat' dir='ltr'><strong>radices,lroc</strong></span> <span class='ocrx_word' id='word_1_231' title='bbox 620 3277 671 3327; x_wconf 87' lang='lat' dir='ltr'><strong>est,</strong></span> <span class='ocrx_word' id='word_1_232' title='bbox 683 3266 709 3314; x_wconf 88' lang='lat' dir='ltr'><strong>irs</strong></span> <span class='ocrx_word' id='word_1_233' title='bbox 752 3281 785 3314; x_wconf 82' lang='lat' dir='ltr'><strong>ex</strong></span> <span class='ocrx_word' id='word_1_234' title='bbox 798 3266 857 3330; x_wconf 88' lang='lat' dir='ltr'><strong>ipsis</strong></span> <span class='ocrx_word' id='word_1_235' title='bbox 871 3266 996 3315; x_wconf 85' lang='lat' dir='ltr'><strong>Ciceronis</strong></span> <span class='ocrx_word' id='word_1_236' title='bbox 1009 3265 1091 3314; x_wconf 83' lang='lat' dir='ltr'><strong>verbis</strong></span> <span class='ocrx_word' id='word_1_237' title='bbox 1103 3264 1221 3329; x_wconf 83' lang='lat' dir='ltr'><strong>suspicari</strong></span> <span class='ocrx_word' id='word_1_238' title='bbox 1232 3265 1264 3312; x_wconf 92' lang='lat' dir='ltr'><strong>li·</strong></span> 
     </span>
    </p>
   </div>
   <div class='ocr_carea' id='block_1_7' title="bbox 195 3343 1374 3410">
    <p class='ocr_par' dir='ltr' id='par_1_7' title="bbox 195 3343 1374 3410">
     <span class='ocr_line' id='line_1_29' title="bbox 195 3343 1374 3410; baseline -0.003 -15"><span class='ocrx_word' id='word_1_239' title='bbox 195 3345 413 3395; x_wconf 78' lang='lat' dir='ltr'><strong>fertilissimum-sc</strong></span> <span class='ocrx_word' id='word_1_240' title='bbox 427 3345 592 3393; x_wconf 79' lang='lat' dir='ltr'><strong>felicissimum</strong></span> <span class='ocrx_word' id='word_1_241' title='bbox 606 3343 709 3394; x_wconf 80' lang='lat' dir='ltr'><strong>coloniae</strong></span> <span class='ocrx_word' id='word_1_242' title='bbox 754 3357 792 3394; x_wconf 86' lang='lat' dir='ltr'><strong>cet</strong></span> <span class='ocrx_word' id='word_1_243' title='bbox 802 3361 942 3410; x_wconf 79' lang='lat' dir='ltr'><strong>praeconem</strong></span> <span class='ocrx_word' id='word_1_244' title='bbox 954 3345 1026 3394; x_wconf 81' lang='lat' dir='ltr'><strong>fuisse</strong></span> <span class='ocrx_word' id='word_1_245' title='bbox 1033 3381 1042 3404; x_wconf 89' lang='lat'><strong>,</strong></span> <span class='ocrx_word' id='word_1_246' title='bbox 1055 3345 1112 3410; x_wconf 89' lang='lat' dir='ltr'><strong>qui,</strong></span> <span class='ocrx_word' id='word_1_247' title='bbox 1124 3361 1200 3409; x_wconf 87' lang='lat' dir='ltr'><strong>quum</strong></span> <span class='ocrx_word' id='word_1_248' title='bbox 1208 3361 1267 3392; x_wconf 82' lang='lat' dir='ltr'><strong>veu-</strong></span> <span class='ocrx_word' id='word_1_249' title='bbox 1371 3343 1374 3358; x_wconf 78' lang='lat'><strong>¹</strong></span> 
     </span>
    </p>
   </div>
   <div class='ocr_carea' id='block_1_8' title="bbox 195 3424 1271 4202">
    <p class='ocr_par' dir='ltr' id='par_1_8' title="bbox 195 3424 1271 4202">
     <span class='ocr_line' id='line_1_30' title="bbox 195 3424 1266 3490; baseline -0.002 -16"><span class='ocrx_word' id='word_1_250' title='bbox 195 3425 337 3486; x_wconf 81' lang='lat' dir='ltr'><strong>locum,sn</strong></span> <span class='ocrx_word' id='word_1_251' title='bbox 350 3427 376 3473; x_wconf 90' lang='lat' dir='ltr'><strong>in</strong></span> <span class='ocrx_word' id='word_1_252' title='bbox 389 3425 613 3489; x_wconf 78' lang='lat' dir='ltr'><strong>Apuliam,nempe</strong></span> <span class='ocrx_word' id='word_1_253' title='bbox 631 3425 710 3488; x_wconf 76' lang='lat' dir='ltr'><strong>regio·</strong></span> <span class='ocrx_word' id='word_1_254' title='bbox 754 3424 848 3473; x_wconf 79' lang='lat' dir='ltr'><strong>dandos</strong></span> <span class='ocrx_word' id='word_1_255' title='bbox 867 3441 940 3490; x_wconf 76' lang='lat' dir='ltr'><strong>agros</strong></span> <span class='ocrx_word' id='word_1_256' title='bbox 959 3424 1137 3490; x_wconf 79' lang='lat' dir='ltr'><strong>proscriberet,</strong></span> <span class='ocrx_word' id='word_1_257' title='bbox 1152 3424 1266 3472; x_wconf 81' lang='lat' dir='ltr'><strong>ridiculas</strong></span> 
     </span>
     <span class='ocr_line' id='line_1_31' title="bbox 195 3503 1265 3572; baseline -0.001 -20"><span class='ocrx_word' id='word_1_258' title='bbox 195 3521 252 3552; x_wconf 85' lang='lat' dir='ltr'><strong>nem</strong></span> <span class='ocrx_word' id='word_1_259' title='bbox 266 3515 325 3553; x_wconf 88' lang='lat' dir='ltr'><strong>tuuc</strong></span> <span class='ocrx_word' id='word_1_260' title='bbox 339 3505 444 3552; x_wconf 88' lang='lat' dir='ltr'><strong>sterilem</strong></span> <span class='ocrx_word' id='word_1_261' title='bbox 457 3520 486 3552; x_wconf 87' lang='lat' dir='ltr'><strong>sc</strong></span> <span class='ocrx_word' id='word_1_262' title='bbox 494 3503 652 3568; x_wconf 79' lang='lat' dir='ltr'><strong>pestilentem</strong></span> <span class='ocrx_word' id='word_1_263' title='bbox 667 3503 709 3552; x_wconf 91' lang='lat' dir='ltr'><strong>de·</strong></span> <span class='ocrx_word' id='word_1_264' title='bbox 753 3504 874 3552; x_wconf 81' lang='lat' dir='ltr'><strong>auctionis</strong></span> <span class='ocrx_word' id='word_1_265' title='bbox 896 3504 990 3554; x_wconf 79' lang='lat' dir='ltr'><strong>tabulas</strong></span> <span class='ocrx_word' id='word_1_266' title='bbox 1003 3505 1153 3572; x_wconf 80' lang='lat' dir='ltr'><strong>proposuit,</strong></span> <span class='ocrx_word' id='word_1_267' title='bbox 1176 3504 1265 3567; x_wconf 87' lang='lat' dir='ltr'><strong>quihus</strong></span> 
     </span>
     <span class='ocr_line' id='line_1_32' title="bbox 197 3581 1266 3648; baseline 0.001 -17"><span class='ocrx_word' id='word_1_268' title='bbox 197 3583 375 3642; x_wconf 77' lang='lat' dir='ltr'><strong>durantur3ite</strong></span> <span class='ocrx_word' id='word_1_269' title='bbox 389 3594 417 3631; x_wconf 91' lang='lat' dir='ltr'><strong>ut</strong></span> <span class='ocrx_word' id='word_1_270' title='bbox 428 3593 570 3648; x_wconf 81' lang='lat' dir='ltr'><strong>opponetur</strong></span> <span class='ocrx_word' id='word_1_271' title='bbox 583 3583 639 3630; x_wconf 89' lang='lat' dir='ltr'><strong>loco</strong></span> <span class='ocrx_word' id='word_1_272' title='bbox 653 3583 709 3630; x_wconf 85' lang='lat' dir='ltr'><strong>urbi</strong></span> <span class='ocrx_word' id='word_1_273' title='bbox 753 3583 791 3630; x_wconf 88' lang='lat' dir='ltr'><strong>uti</strong></span> <span class='ocrx_word' id='word_1_274' title='bbox 808 3583 902 3632; x_wconf 87' lang='lat' dir='ltr'><strong>steriles</strong></span> <span class='ocrx_word' id='word_1_275' title='bbox 917 3600 946 3631; x_wconf 81' lang='lat' dir='ltr'><strong>sc</strong></span> <span class='ocrx_word' id='word_1_276' title='bbox 965 3585 1069 3632; x_wconf 87' lang='lat' dir='ltr'><strong>incultas</strong></span> <span class='ocrx_word' id='word_1_277' title='bbox 1087 3593 1161 3631; x_wconf 80' lang='lat' dir='ltr'><strong>terras</strong></span> <span class='ocrx_word' id='word_1_278' title='bbox 1179 3581 1266 3632; x_wconf 86' lang='lat' dir='ltr'><strong>melius</strong></span> 
     </span>
     <span class='ocr_line' id='line_1_33' title="bbox 197 3661 1265 3727; baseline -0.003 -17"><span class='ocrx_word' id='word_1_279' title='bbox 197 3661 256 3710; x_wconf 84' lang='lat' dir='ltr'><strong>setis</strong></span> <span class='ocrx_word' id='word_1_280' title='bbox 269 3663 410 3726; x_wconf 85' lang='lat' dir='ltr'><strong>propinquo</strong></span> <span class='ocrx_word' id='word_1_281' title='bbox 424 3673 447 3714; x_wconf 87' lang='lat' dir='ltr'><strong>et</strong></span> <span class='ocrx_word' id='word_1_282' title='bbox 461 3663 529 3712; x_wconf 88' lang='lat' dir='ltr'><strong>omni</strong></span> <span class='ocrx_word' id='word_1_283' title='bbox 547 3663 643 3727; x_wconf 83' lang='lat' dir='ltr'><strong>frugum</strong></span> <span class='ocrx_word' id='word_1_284' title='bbox 665 3677 710 3710; x_wconf 90' lang='lat' dir='ltr'><strong>co·</strong></span> <span class='ocrx_word' id='word_1_285' title='bbox 755 3661 884 3723; x_wconf 84' lang='lat' dir='ltr'><strong>venderet,</strong></span> <span class='ocrx_word' id='word_1_286' title='bbox 897 3663 994 3727; x_wconf 87' lang='lat' dir='ltr'><strong>scripsit</strong></span> <span class='ocrx_word' id='word_1_287' title='bbox 1007 3662 1112 3727; x_wconf 85' lang='lat' dir='ltr'><strong>exempli</strong></span> <span class='ocrx_word' id='word_1_288' title='bbox 1126 3663 1201 3725; x_wconf 76' lang='lat' dir='ltr'><strong>grstia</strong></span> <span class='ocrx_word' id='word_1_289' title='bbox 1210 3677 1216 3707; x_wconf 91' lang='lat'><strong>:</strong></span> <span class='ocrx_word' id='word_1_290' title='bbox 1225 3661 1265 3721; x_wconf 82' lang='lat' dir='ltr'><strong>ju·</strong></span> 
     </span>
     <span class='ocr_line' id='line_1_34' title="bbox 197 3739 1267 3806; baseline 0.004 -20"><span class='ocrx_word' id='word_1_291' title='bbox 197 3741 240 3804; x_wconf 78' lang='lat' dir='ltr'><strong>pis</strong></span> <span class='ocrx_word' id='word_1_292' title='bbox 254 3755 283 3787; x_wconf 83' lang='lat' dir='ltr'><strong>cc</strong></span> <span class='ocrx_word' id='word_1_293' title='bbox 296 3741 432 3803; x_wconf 73' lang='lat' dir='ltr'><strong>praestantis</strong></span> <span class='ocrx_word' id='word_1_294' title='bbox 446 3742 549 3798; x_wconf 81' lang='lat' dir='ltr'><strong>celebri,</strong></span> <span class='ocrx_word' id='word_1_295' title='bbox 562 3743 632 3790; x_wconf 88' lang='lat' dir='ltr'><strong>locus</strong></span> <span class='ocrx_word' id='word_1_296' title='bbox 651 3741 711 3790; x_wconf 80' lang='lat' dir='ltr'><strong>alter</strong></span> <span class='ocrx_word' id='word_1_297' title='bbox 755 3757 810 3806; x_wconf 76' lang='lat' dir='ltr'><strong>gera</strong></span> <span class='ocrx_word' id='word_1_298' title='bbox 819 3757 859 3800; x_wconf 85' lang='lat' dir='ltr'><strong>cc,</strong></span> <span class='ocrx_word' id='word_1_299' title='bbox 867 3741 911 3790; x_wconf 89' lang='lat' dir='ltr'><strong>nbi</strong></span> <span class='ocrx_word' id='word_1_300' title='bbox 922 3744 1040 3791; x_wconf 87' lang='lat' dir='ltr'><strong>olivetum</strong></span> <span class='ocrx_word' id='word_1_301' title='bbox 1051 3739 1105 3790; x_wconf 86' lang='lat' dir='ltr'><strong>fieri</strong></span> <span class='ocrx_word' id='word_1_302' title='bbox 1115 3740 1208 3805; x_wconf 84' lang='lat' dir='ltr'><strong>possit,</strong></span> <span class='ocrx_word' id='word_1_303' title='bbox 1218 3749 1267 3790; x_wconf 84' lang='lat' dir='ltr'><strong>etc.</strong></span> 
     </span>
     <span class='ocr_line' id='line_1_35' title="bbox 196 3819 1267 3885; baseline -0.002 -17"><span class='ocrx_word' id='word_1_304' title='bbox 196 3819 453 3885; x_wconf 72' lang='lat' dir='ltr'><strong>longinquus‚situsc</strong></span> <span class='ocrx_word' id='word_1_305' title='bbox 461 3821 598 3884; x_wconf 84' lang='lat' dir='ltr'><strong>pestilentia</strong></span> <span class='ocrx_word' id='word_1_306' title='bbox 608 3821 711 3870; x_wconf 87' lang='lat' dir='ltr'><strong>obsitus.</strong></span> <span class='ocrx_word' id='word_1_307' title='bbox 756 3823 818 3884; x_wconf 83' lang='lat' dir='ltr'><strong>Quae</strong></span> <span class='ocrx_word' id='word_1_308' title='bbox 832 3821 931 3870; x_wconf 76' lang='lat' dir='ltr'><strong>fallendi</strong></span> <span class='ocrx_word' id='word_1_309' title='bbox 945 3821 1062 3885; x_wconf 82' lang='lat' dir='ltr'><strong>emptoris</strong></span> <span class='ocrx_word' id='word_1_310' title='bbox 1082 3821 1144 3868; x_wconf 87' lang='lat' dir='ltr'><strong>rsrio</strong></span> <span class='ocrx_word' id='word_1_311' title='bbox 1161 3821 1187 3867; x_wconf 87' lang='lat' dir='ltr'><strong>in</strong></span> <span class='ocrx_word' id='word_1_312' title='bbox 1206 3835 1267 3884; x_wconf 86' lang='lat' dir='ltr'><strong>pro-</strong></span> 
     </span>
     <span class='ocr_line' id='line_1_36' title="bbox 236 3897 1206 3965; baseline 0 -18"><span class='ocrx_word' id='word_1_313' title='bbox 236 3913 277 3947; x_wconf 86' lang='lat'><strong>11.</strong></span> <span class='ocrx_word' id='word_1_314' title='bbox 288 3897 413 3962; x_wconf 80' lang='lat' dir='ltr'><strong>Apuliam.</strong></span> <span class='ocrx_word' id='word_1_315' title='bbox 423 3897 498 3963; x_wconf 78' lang='lat' dir='ltr'><strong>Vulg.</strong></span> <span class='ocrx_word' id='word_1_316' title='bbox 508 3900 615 3950; x_wconf 81' lang='lat' dir='ltr'><strong>ltaliam.</strong></span> <span class='ocrx_word' id='word_1_317' title='bbox 627 3901 714 3965; x_wconf 88' lang='lat' dir='ltr'><strong>Sequi·</strong></span> <span class='ocrx_word' id='word_1_318' title='bbox 757 3901 867 3950; x_wconf 86' lang='lat' dir='ltr'><strong>verbium</strong></span> <span class='ocrx_word' id='word_1_319' title='bbox 879 3900 946 3949; x_wconf 84' lang='lat' dir='ltr'><strong>abiit.</strong></span> <span class='ocrx_word' id='word_1_320' title='bbox 960 3901 1040 3958; x_wconf 90' lang='lat' dir='ltr'><strong>Olim,</strong></span> <span class='ocrx_word' id='word_1_321' title='bbox 1058 3899 1206 3947; x_wconf 67' lang='lat' dir='ltr'><strong>Veratianae.</strong></span> 
     </span>
     <span class='ocr_line' id='line_1_37' title="bbox 196 3977 1266 4044; baseline -0.001 -17"><span class='ocrx_word' id='word_1_322' title='bbox 196 3995 254 4032; x_wconf 84' lang='lat' dir='ltr'><strong>mur</strong></span> <span class='ocrx_word' id='word_1_323' title='bbox 267 3979 424 4026; x_wconf 80' lang='lat' dir='ltr'><strong>necessariam</strong></span> <span class='ocrx_word' id='word_1_324' title='bbox 430 3979 623 4027; x_wconf 80' lang='lat' dir='ltr'><strong>emendationem</strong></span> <span class='ocrx_word' id='word_1_325' title='bbox 631 3982 715 4028; x_wconf 70' lang='lat' dir='ltr'><strong>Rus.</strong></span> <span class='ocrx_word' id='word_1_326' title='bbox 796 3977 836 4029; x_wconf 87' lang='lat'><strong>15.</strong></span> <span class='ocrx_word' id='word_1_327' title='bbox 850 3977 992 4044; x_wconf 70' lang='lat' dir='ltr'><strong>Persai-iugi.</strong></span> <span class='ocrx_word' id='word_1_328' title='bbox 1003 3979 1100 4027; x_wconf 83' lang='lat' dir='ltr'><strong>Leviter</strong></span> <span class='ocrx_word' id='word_1_329' title='bbox 1112 3990 1193 4026; x_wconf 80' lang='lat' dir='ltr'><strong>aratro</strong></span> <span class='ocrx_word' id='word_1_330' title='bbox 1204 3990 1266 4028; x_wconf 81' lang='lat' dir='ltr'><strong>tem·</strong></span> 
     </span>
     <span class='ocr_line' id='line_1_38' title="bbox 198 4055 1271 4123; baseline -0.003 -14"><span class='ocrx_word' id='word_1_331' title='bbox 198 4069 253 4110; x_wconf 82' lang='lat' dir='ltr'><strong>nut.</strong></span> <span class='ocrx_word' id='word_1_332' title='bbox 268 4055 349 4106; x_wconf 88' lang='lat' dir='ltr'><strong>Codd.</strong></span> <span class='ocrx_word' id='word_1_333' title='bbox 359 4055 421 4106; x_wconf 88' lang='lat' dir='ltr'><strong>nibil</strong></span> <span class='ocrx_word' id='word_1_334' title='bbox 431 4057 535 4105; x_wconf 74' lang='lat' dir='ltr'><strong>ruunt.</strong></span> <span class='ocrx_word' id='word_1_335' title='bbox 545 4059 570 4106; x_wconf 85' lang='lat' dir='ltr'><strong>J.</strong></span> <span class='ocrx_word' id='word_1_336' title='bbox 579 4060 612 4106; x_wconf 88' lang='lat' dir='ltr'><strong>V.</strong></span> <span class='ocrx_word' id='word_1_337' title='bbox 621 4061 648 4106; x_wconf 75' lang='lat'><strong>1..</strong></span> <span class='ocrx_word' id='word_1_338' title='bbox 759 4075 832 4123; x_wconf 81' lang='lat' dir='ltr'><strong>quern</strong></span> <span class='ocrx_word' id='word_1_339' title='bbox 850 4057 919 4120; x_wconf 86' lang='lat' dir='ltr'><strong>redi;</strong></span> <span class='ocrx_word' id='word_1_340' title='bbox 933 4060 967 4106; x_wconf 87' lang='lat' dir='ltr'><strong>ita</strong></span> <span class='ocrx_word' id='word_1_341' title='bbox 980 4057 1056 4116; x_wconf 81' lang='lat' dir='ltr'><strong>erari,</strong></span> <span class='ocrx_word' id='word_1_342' title='bbox 1074 4068 1102 4105; x_wconf 83' lang='lat' dir='ltr'><strong>nt</strong></span> <span class='ocrx_word' id='word_1_343' title='bbox 1122 4073 1206 4106; x_wconf 86' lang='lat' dir='ltr'><strong>vomer</strong></span> <span class='ocrx_word' id='word_1_344' title='bbox 1218 4075 1271 4112; x_wconf 78' lang='lat' dir='ltr'><strong>non</strong></span> 
     </span>
     <span class='ocr_line' id='line_1_39' title="bbox 240 4132 1237 4202; baseline 0.003 -17"><span class='ocrx_word' id='word_1_345' title='bbox 240 4150 281 4186; x_wconf 80' lang='lat' dir='ltr'><strong>ss.</strong></span> <span class='ocrx_word' id='word_1_346' title='bbox 292 4132 333 4184; x_wconf 81' lang='lat' dir='ltr'><strong>al.</strong></span> <span class='ocrx_word' id='word_1_347' title='bbox 343 4149 390 4201; x_wconf 75' lang='lat' dir='ltr'><strong>age</strong></span> <span class='ocrx_word' id='word_1_348' title='bbox 398 4151 471 4198; x_wconf 79' lang='lat' dir='ltr'><strong>vero,</strong></span> <span class='ocrx_word' id='word_1_349' title='bbox 485 4133 537 4202; x_wconf 80' lang='lat' dir='ltr'><strong>des.</strong></span> <span class='ocrx_word' id='word_1_350' title='bbox 548 4137 567 4186; x_wconf 90' lang='lat' dir='ltr'><strong>l.</strong></span> <span class='ocrx_word' id='word_1_351' title='bbox 578 4137 603 4190; x_wconf 75' lang='grc' dir='ltr'><strong>Ι.</strong></span> <span class='ocrx_word' id='word_1_352' title='bbox 614 4137 646 4190; x_wconf 80' lang='lat' dir='ltr'><strong>V.</strong></span> <span class='ocrx_word' id='word_1_353' title='bbox 656 4139 684 4188; x_wconf 78' lang='lat' dir='ltr'><strong>L.</strong></span> <span class='ocrx_word' id='word_1_354' title='bbox 759 4137 909 4202; x_wconf 75' lang='lat' dir='ltr'><strong>deprimatur</strong></span> <span class='ocrx_word' id='word_1_355' title='bbox 922 4136 953 4184; x_wconf 80' lang='lat' dir='ltr'><strong>sd</strong></span> <span class='ocrx_word' id='word_1_356' title='bbox 971 4139 1062 4200; x_wconf 80' lang='lat' dir='ltr'><strong>justam</strong></span> <span class='ocrx_word' id='word_1_357' title='bbox 1076 4135 1237 4196; x_wconf 83' lang='lat' dir='ltr'><strong>altitudinem,</strong></span> 
     </span>
    </p>
   </div>
   <div class='ocr_carea' id='block_1_9' title="bbox 0 0 1514 4664">
    <p class='ocr_par' dir='ltr' id='par_1_9' title="bbox 0 0 1514 4664">
     <span class='ocr_line' id='line_1_40' title="bbox 0 0 1514 4664; baseline 0 1"><span class='ocrx_word' id='word_1_358' title='bbox 0 0 1514 4664; x_wconf 95' lang='lat' dir='ltr'><strong> </strong></span> 
     </span>
    </p>
   </div>
  </div>
 </body>
</html>
