2934 4680
200 362 245 460 76
511 364 559 432 Μ.
584 365 621 440 Τ.
646 363 939 435 CICERONIS

242 481 569 584 Larinas·quaedam
584 482 652 556 fuit
663 489 797 574 Dinea,
814 507 940 556 socrus
952 487 1161 583 Oppianici3
1181 511 1273 584 quae

193 594 289 668 filios
306 594 434 667 habuit
447 599 497 667 Μ.
513 609 550 667 et
562 597 774 669 Numerium
784 596 933 683 Aurios,
946 609 983 667 et
991 599 1057 666 Cn.
1068 597 1227 694 Magium
1235 594 1271 685 Β,

195 721 232 778 et
247 704 357 777 filiam
373 707 545 802 Magnam,
568 719 721 804 nuptam
736 705 948 804 Oppianico.
965 709 1016 776 M.
1036 707 1167 778 durius
1179 705 1270 778 ado-

193 813 434 904 lescentulus,
458 812 555 887 bello
578 816 728 886 Italico⁹
750 830 877 914 ceptus
897 814 994 912 apud
1016 817 1205 905 Asculum,
1225 821 1269 888 in

196 927 241 1018 Q.
257 926 369 1024 Sergii
389 927 580 1014 senatoris,
599 925 696 1022 ejus,
716 925 780 1023 qui
797 927 892 996 inter
912 928 1056 1002 sicarios
1073 925 1268 997 damnatus

195 1050 266 1124 est,
282 1061 411 1108 manus
425 1035 570 1124 incidit,
588 1049 623 1107 et
638 1035 832 1135 apudeum
847 1033 916 1106 fuit
930 1037 968 1105 in
983 1035 1170 1133 ergastulo.
1189 1039 1267 1110 Nu·

195 1147 331 1218 menius
344 1161 465 1218 autem
479 1149 610 1218 Aurius
627 1143 737 1217 frater
749 1159 915 1218 mortuus
927 1161 999 1234 est,
1020 1145 1267 1243 heredemque

197 1259 263 1328 Cn.
283 1258 463 1354 Magium,
486 1254 631 1328 fratrem
654 1279 780 1345 sunm,
798 1256 956 1354 reliquit.
972 1261 1105 1328 -Postea
1123 1257 1265 1352 Magia,

192 1389 289 1438 uxor
306 1369 517 1465 Oppianici,
535 1379 749 1438 mortuaest
767 1394 776 1437 ε
799 1381 982 1464 postremo
998 1391 1111 1454 unus,
1129 1368 1194 1463 qui
1208 1389 1265 1438 re·

192 1476 318 1573 liquus
336 1491 411 1547 erat
426 1477 550 1547 Dineae
567 1473 679 1564 filius,
700 1481 766 1548 Cn.
790 1477 945 1574 Megins,
962 1490 1017 1548 est
1033 1491 1210 1547 mortuus.
1230 1482 1266 1548 Is

193 1585 280 1657 lecit
296 1585 467 1664 heredem
482 1585 585 1657 illum
605 1584 871 1659 adolescentem
885 1587 1144 1685 Oppianicum,
1166 1609 1267 1658 soro·

194 1696 243 1767 ris
252 1719 324 1767 suae
338 1694 473 1784 filium,
487 1721 645 1794 eumque
652 1683 783 1795 ‘partiri
800 1721 885 1769 cum
895 1701 1011 1770 Dinea
1024 1713 1139 1770 matre
1147 1697 1267 1793 jussit.

192 1806 342 1882 Interim
356 1809 453 1880 venit
470 1805 580 1880 index
593 1806 638 1878 nd
651 1809 824 1896 Dineam,
847 1831 967 1906 neque
988 1807 1179 1898 obscurus,
1199 1833 1266 1880 ne·

194 1938 268 2014 que
280 1915 456 2006 incertus,
467 1917 531 2013 qui
543 1921 726 1990 nuntiaret
735 1919 786 2004 ei,
805 1915 920 1990 fili‘um
930 1919 1022 2015 ejus,
1033 1923 1083 1990 M.
1095 1921 1267 2006 Aurium,

193 2025 332 2113 rivere,
348 2027 436 2097 etin
457 2049 543 2124 agro
556 2025 695 2098 Gallico
711 2051 807 2113 esse,
823 2029 861 2097 in
879 2031 1050 2100 servitute
1060 2039 1102 2097 ¹0.
1122 2028 1266 2112 Mulier,

194 2136 332 2207 emissis
344 2135 483 2224 liberis,
500 2161 615 2234 quum
629 2139 739 2210 unius
751 2135 817 2208 filii
830 2137 1065 2235 recuperandi
1078 2161 1158 2236 spes
1172 2153 1266 2208 esset

194 2256 392 2332 ostentata,
405 2271 532 2319 omnes
549 2271 632 2319 snos
645 2251 888 2346 propinquos,
907 2246 1045 2345 filiique
1064 2249 1119 2319 sui
1138 2271 1264 2319 neces·

194 2355 307 2427 serios
321 2357 546 2446 conlocavit,
569 2371 605 2428 et
622 2355 668 2427 ab
687 2357 731 2428 iis
747 2355 840 2428 flens
853 2357 994 2454 petivit,
1013 2371 1054 2428 ut
1076 2361 1265 2454 negotium

192 2468 434 2563 susciperent,
450 2464 714 2538 adolescentem
730 2467 1002 2564 investigarent,
1017 2465 1088 2539 sibi
1097 2468 1265 2540 restitue·

193 2589 277 2645 rent
303 2598 388 2646 eum
411 2573 542 2663 lilium,
574 2600 685 2674 quem
714 2589 855 2647 tantum
865 2585 892 2620 ¹¹
920 2601 1036 2648 unum
1066 2601 1111 2648 ex
1141 2575 1266 2650 multis

195 2681 341 2762 lormna
372 2684 554 2783 reliquum
584 2709 661 2758 esse
689 2684 869 2756 voluisset.
901 2689 984 2758 Haec
1015 2711 1129 2784 quum
1158 2709 1266 2785 agere

194 2795 426 2883 instituisset,
444 2819 616 2894 oppressa
633 2794 764 2867 morbo
782 2808 845 2867 est.
865 2799 990 2892 Itaque
1009 2810 1266 2868 testamentum

195 2901 278 2978 lecit
297 2905 490 3002 ejusmodi,
507 2921 550 2978 ut
566 2906 616 2977 illi
630 2905 706 2977 filio
721 2909 792 2977 H-S
806 2903 1138 3004 coccrnooo[millia
1149 2905 1198 3006 ¹²]
1212 2908 1265 2979 le·

193 3139 227 3190 sd
243 3151 337 3190 eeteros
355 3139 547 3206 corrumpendos
558 3140 652 3203 judiees
667 3157 705 3188 ss·
749 3139 1267 3204 sosinlongiuqnsstsmusvebersnnunds
1296 3173 1302 3184 .

194 3231 317 3283 qusstrsm
342 3217 468 3270 bsbusrst.
496 3221 620 3284 Scriptum
646 3219 706 3268 olins
749 3221 832 3270 nullus
841 3220 877 3268 sis
885 3218 1185 3270 serviliweersinclusis
1194 3229 1267 3284 pste-

194 3297 489 3363 lusrstSmisnum,quod
498 3298 705 3347 detenditdoctie·
749 3292 793 3341 bst
810 3291 897 3340 exitus.
918 3287 972 3338 lmo
989 3299 1070 3338 usust
1087 3291 1219 3338 Suetonius
1237 3290 1265 3340 in

195 3375 270 3426 simus
289 3374 408 3424 Niebuhr.
430 3376 456 3424 in
472 3393 556 3425 ηοω.
569 3377 640 3426 odini.
657 3378 706 3426 sn.
749 3372 875 3434 Augnsto‚
888 3366 1266 3435 osp.32,psrvisssnouunllis

194 3453 306 3518 gmentis.
319 3453 440 3502 Nonnulli
457 3454 563 3504 editores
578 3455 614 3503 sio
624 3457 707 3505 etism
749 3449 843 3499 colonis
857 3449 908 3514 rupi
920 3448 1029 3506 viatores,
1040 3448 1082 3512 qni
1096 3446 1185 3496 deinde
1194 3447 1265 3496 nullo

194 3533 344 3583 exscribunt.
749 3527 888 3576 dissuimus
901 3527 927 3576 iu
945 3526 1064 3590 ergsstuls
1077 3527 1188 3574 servituri
1201 3541 1265 3576 oon·

231 3614 255 3663 8.
277 3613 320 3663 Cn.
333 3611 451 3678 Magium.
471 3613 509 3660 Ex
522 3613 572 3662 slio
586 3613 640 3662 viro
650 3630 658 3670 ;
670 3613 705 3663 its
747 3607 886 3668 dicerentur·

193 3701 222 3742 nt
238 3694 309 3741 Aurii
324 3708 355 3746 ex
370 3691 464 3756 Aurio,
484 3691 560 3756 tngtt
577 3707 607 3739 ex
622 3692 705 3756 Megio
788 3702 826 3734 ιι.
840 3685 904 3744 Atii,
918 3697 979 3734 tum.
994 3683 1067 3740 beck·
1083 3682 1227 3735 seoduno
1240 3696 1266 3734 st

195 3770 246 3820 usti
260 3783 347 3822 essent.
750 3765 806 3816 edd.
820 3775 879 3814 vett.
890 3775 982 3813 tamen.
996 3767 1020 3814 J.
1030 3766 1061 3812 V.
1071 3766 1100 3812 L.
1184 3819 1194 3835 .

229 3865 254 3912 9·
266 3849 335 3898 Bello
345 3849 440 3898 Italico.
453 3847 605 3898 Inrinstibns
618 3861 704 3898 eontrn
787 3861 828 3892 ¹²·
841 3843 929 3892 Millia·
939 3842 1046 3891 Verbum
1061 3841 1110 3890 hoc
1123 3843 1206 3905 inepte
1217 3842 1265 3891 sd·

175 3929 318 3976 ‘Romanos
333 3927 507 3992 pugnentibns.
749 3924 826 3973 ditum
840 3922 949 3980 ridetur,
965 3938 1040 3985 quum
1058 3921 1137 3985 signis
1150 3937 1263 3970 numera·

232 4019 272 4054 ro.
291 4009 322 4053 Iu
338 4008 457 4056 servitute.
478 4005 595 4070 Quamvis
613 4007 703 4056 soedere
748 4004 811 4057 tibus
820 4019 931 4068 expresse
942 4003 1090 4062 summulam
1103 4003 1161 4052 sstis
1175 4017 1266 4066 usgue

195 4082 263 4132 reddi
274 4085 363 4148 captivi
380 4085 534 4149 debuissent,
547 4085 662 4136 oursbsnt
676 4097 703 4133 ut
748 4100 798 4132 esse
808 4081 917 4130 ridentur
926 4082 936 4146 (
946 4081 1004 4132 ciro.
1016 4097 1128 4142 domoon
1140 4081 1190 4146 lt.)
