2958 4670
398 385 452 452 lu
476 385 517 454 t.
544 383 852 466 oarmmau,
879 377 944 450 iv.
1129 385 1195 478 49¹

191 507 280 596 Quae
292 527 407 600 quum
423 506 473 576 ita
486 490 579 592 siut,¹
595 516 714 599 patres
727 500 942 599 conscripti,
962 499 1064 572 vobis
1076 497 1202 599 populi

139 617 281 696 romani
299 611 464 712 presidia
482 637 558 684 nou
576 610 729 684 desunt:
748 634 813 682 voe
831 635 878 682 ue
896 609 1035 713 populo
1053 635 1203 686 rumano

140 725 265 799 deesse
283 723 496 811 videamini,
517 721 712 820 providete.
991 715 993 718 ’

187 837 249 905 ΙΧ.
276 832 423 905 Habetis
443 832 630 904 consulem
648 857 693 904 ex
717 829 882 929 plurimis
903 830 1072 928 periculis
1091 844 1129 902 et
1145 831 1201 900 iu·

107 1026 112 1042 ¹
142 942 258 1030 sidiis,
282 957 393 1040 atque
415 966 461 1014 ex
487 941 606 1014 media
632 956 768 1027 morte,
791 965 866 1012 non
891 940 936 1012 ad
959 940 1068 1012 vitam
1086 965 1208 1028 suam,

143 1051 206 1128 sed
228 1049 444 1136 adsalutem
466 1066 622 1126 vestram
646 1064 880 1128 reservatum.
903 1055 1038 1124 Omnes
1062 1050 1208 1123 ordines

143 1159 188 1232 ad
222 1159 508 1234 conservandam
540 1159 802 1258 rempublicam
834 1175 975 1248 mente,
1002 1161 1208 1249 voluutate,

144 1269 286 1354 studio,
309 1270 466 1354 virtute,
491 1294 600 1357 voce,
627 1271 867 1341 consentiunt.
896 1269 1049 1342 Obsessa
1071 1269 1209 1356 facibus

145 1395 181 1452 et
210 1379 290 1450 telis
318 1382 437 1476 impiae
469 1380 750 1475 conjurationis,
776 1378 879 1451 robis
907 1379 1059 1478 supplex
1082 1403 1209 1458 mantas

145 1489 264 1562 tendit
284 1489 399 1586 patria
419 1490 667 1574 eommunis13
688 1487 792 1560 vobis
810 1511 868 1576 se,
889 1486 994 1560 uobis
1011 1489 1118 1558 vitam
1133 1511 1210 1577 om-

131 1583 247 1670 'nium
272 1600 423 1682 civium,
443 1597 544 1672 vobis
561 1623 680 1670 arcem
703 1613 739 1670 et
757 1593 995 1696 Capitolium,
1013 1597 1116 1668 vobis
1134 1619 1211 1680 aras

147 1711 358 1797 Penatium,
386 1709 490 1780 vobis
516 1708 618 1780 illum
643 1711 764 1806 ignem
792 1713 907 1782 Vesta
931 1723 1149 1806 perpetuum
1169 1731 1212 1782 ac

147 1819 427 1916 sempiternum,
447 1813 691 1892 vobis'omnia
707 1820 840 1918 templa
854 1817 1008 1891 deorum
1023 1833 1132 1915 atque
1147 1817 1212 1904 de-

147 1925 273 2014 lubra,
299 1927 401 2000 vobis
428 1953 553 2002 muros
577 1944 686 2027 atque
716 1929 818 2002 urbis
849 1943 943 2000 tecta
967 1927 1209 2003 commendat.

147 2042 322 2118 Praeterea
340 2037 386 2112 de
401 2055 519 2114 vestra
537 2041 630 2128 vita,
659 2039 705 2112 de
730 2041 925 2138 conjugum
948 2054 1146 2110 vestrarum
1172 2063 1214 2110 ac

149 2147 345 2220 liberorum
368 2151 505 2239 anima,
531 2149 578 2222 de
600 2149 758 2222 fortunis
776 2154 960 2238 omnium,
985 2150 1031 2222 de
1051 2147 1215 2236 sedibus,

150 2256 197 2330 de
216 2256 305 2330 focis
321 2262 466 2348 vestris,
488 2259 666 2335 hodierno
688 2261 876 2334 diervobis
894 2260 1129 2358 judicandum
1150 2273 1215 2332 est.

150 2369 298 2446 Habetis
318 2371 470 2462 ducem,
492 2399 691 2448 memorem
712 2377 838 2465 vestri,
862 2375 1017 2448 oblitum
1038 2375 1113 2464 sui;
1135 2397 1216 2472 quae

151 2504 226 2552 uou
246 2505 389 2580 semper
408 2481 557 2580 faerrltas
576 2485 705 2558 datur²
721 2515 729 2557 :
746 2485 887 2558 habetis
907 2509 1035 2558 omnes
1052 2484 1218 2568 ordines,

152 2613 281 2665 omnes
303 2589 489 2682 homines,
512 2596 729 2682 universum,
746 2597 923 2695 populum
946 2619 1157 2682 romanum,
1179 2592 1218 2664 id

151 2701 252 2799 quud
274 2703 426 2776 incivili
448 2729 556 2776 causa
577 2705 756 2780 hodierno
780 2705 839 2778 die
856 2708 1014 2804 primum
1034 2705 1218 2789 videmus,

124 2849 125 2852 ¹
152 2836 266 2884 unum
285 2827 393 2911 atque
414 2814 509 2900 idem
529 2817 759 2888 sentientem
808 2817 987 2912 Cogitate,
1006 2817 1151 2912 quantis
1165 2814 1216 2883 la·

151 2920 305 2993 boribus
325 2923 515 2994 fundatum
537 2927 753 3023 imperium,
771 2941 908 3023 quan-ta
925 2926 1058 2995 virtute
1081 2919 1216 2996 stabili-

153 3045 226 3103 tam
254 3028 481 3124 libertatem,
508 3047 642 3130 quauta
674 3023 830 3104 deorum‘
852 3031 1075 3130 benignitate
1096 3045 1219 3103 auctas

153 3153 455 3238 exaggeratasque
487 3140 652 3214 fortunas
675 3167 749 3213 uua
776 3145 872 3214 noul
898 3166 1000 3241 paene
1020 3141 1155 3214 delerit.
1176 3139 1217 3212 ld

153 3273 201 3318 ue
221 3273 394 3346 umquam
414 3249 564 3352 posthac
580 3247 655 3322 n'on
674 3252 786 3324 modo
808 3251 956 3340 confici,
978 3249 1040 3324 sed
1059 3278 1106 3322 ue
1124 3253 1217 3348 eogi-

153 3359 221 3433 tari
238 3356 385 3456 quidem
406 3363 556 3458 possita
573 3361 729 3449 civibus,
748 3361 926 3439 hodierno
944 3363 1002 3434 die
1024 3361 1217 3460 providen-
1296 3453 1298 3457 Ι

187 3545 233 3602 11.
249 3561 271 3595 t.
285 3545 374 3598 Patria
391 3547 535 3597 comm.
550 3550 665 3596 Persona
708 3549 838 3598 sentientes
849 3565 906 3598 eura
919 3549 1058 3614 sprauto,
1067 3563 1140 3613 quem
1151 3551 1218 3596 oeri-

153 3620 221 3672 fletio
232 3623 264 3674 ad
273 3624 368 3674 animos
379 3626 573 3676 oomnorndor
581 3625 665 3676 αὖοι·
708 3627 746 3676 dit
754 3628 870 3678 Servilia
881 3627 1011 3686 Abalaset
1023 3643 1079 3676 enm
1092 3627 1226 3698 enachin,

154 3701 258 3749 elasima.
707 3723 812 3770 quorun
831 3707 933 3755 abarum
947 3711 977 3756 P.
999 3707 1082 3770 Scipio
1106 3706 1228 3772 pontifiex·

191 3795 216 3828 a.
228 3781 340 3830 Facultar
354 3781 434 3834 daur.
444 3783 475 3830 ld
487 3795 536 3842 ert,
549 3785 664 3852 eujnage·
709 3787 840 3848 nexium,
853 3787 955 3836 alterum
968 3789 997 3835 L.
1010 3787 1122 3851 Opimius
1131 3787 1218 3834 consul

154 3858 219 3908 uaria
230 3859 317 3914 docem
329 3876 381 3910 nou
398 3877 493 3926 temper
505 3863 595 3913 babere
603 3881 665 3914 oon·
708 3865 843 3931 interlevit,
855 3876 880 3913 et
890 3881 946 3913 enm
957 3867 1088 3914 Saturnino
1103 3877 1128 3912 et
1140 3865 1217 3915 Glau-

157 3938 238 4001 tingit
713 3945 749 3992 eia
761 3959 837 4008 ,quoa
847 3945 874 3994 (ἱ
884 3944 977 3992 Marius
986 3943 1071 3990 oonsul
1080 3943 1129 3991 leto
1140 3943 1218 3994 dedit.

191 4017 217 4067 3.
238 4016 346 4066 Primum
357 4017 468 4068 videmus
480 4051 489 4078 ,
502 4035 576 4070 unam
594 4033 671 4086 atqua
714 4040 716 4044 ·
748 4031 774 4079 t.
793 4023 850 4071 Una
866 4037 927 4071 aaa.
949 4021 1029 4070 Prima
1048 4021 1217 4072 Saturnalium.

156 4093 220 4146 idem
228 4096 379 4145 sentientem,
390 4097 453 4146 Nam
466 4097 536 4146 multi
547 4112 615 4148 erant
624 4101 670 4149 dia·
714 4101 824 4150 Gravius
836 4100 906 4150 addit
917 4115 992 4166 qm
1001 4117 1016 4149 a
1026 4101 1096 4151 Mes.
