3018 4664
248 339 320 439 tar
569 350 618 420 M.
643 335 681 418 r.
707 337 994 420 'ciceronis

246 487 407 562 exeunt,¹
426 471 495 543 nisi
514 485 687 570 pereunt,
713 471 852 542 etiamsi
877 470 1028 540 Catilina
1054 472 1221 568 perierit,
1245 478 1318 548 aei·

247 601 324 659 tote
341 582 469 655 hocin
487 580 674 680 republica
692 581 924 652 seminarium
950 579 1195 652 Catilinarium
1210 579 1241 627 ¹³
1258 582 1316 654 fu·

245 711 383 770 turum.
415 697 674 764 Verumtamen
706 689 795 788 quid
824 688 892 762 sibi
919 691 979 762 isti
1011 692 1131 762 miseri
1159 693 1317 766 volunt?

245 832 336 879 num
355 827 437 878 suas
459 825 582 875 secum
600 801 834 874 mulierculas
855 801 996 873 suntin
1014 817 1128 874 castra
1148 801 1316 876 ducmri?

245 915 555 1016 quemadmodum
575 927 696 985 autem
714 911 784 984 illis
802 935 924 984 carere
941 926 1132 1010 poterunt,
1152 912 1209 984 his
1228 938 1315 1013 prae-

245 1028 369 1098 sertim
386 1024 460 1120 jam
480 1021 649 1096 noctibus
661 1023 716 1094 ¹⁴?
740 1025 825 1114 Quo
849 1037 972 1094 antem
993 1037 1100 1121 pacto
1118 1022 1173 1094 illi
1191 1027 1315 1122 Apen-

245 1138 393 1222 ninum,
416 1149 526 1231 ntque
552 1132 629 1206 illas
655 1134 804 1232 pruinas
830 1151 871 1206 ac
891 1133 994 1204 nives
1021 1131 1229 1232 perferent?
1246 1136 1314 1206 nisi

242 1247 377 1317 idcirco
395 1269 433 1317 se
458 1243 599 1316 facilius
624 1242 781 1334 hiemem
804 1243 1020 1316 toleraturos
1042 1259 1194 1343 putant,
1213 1246 1313 1344 quod

242 1356 334 1428 nudi
351 1357 390 1428 in
409 1356 581 1427 conviviis
599 1351 727 1427 saltare
740 1351 771 1399 ¹⁵
793 1353 1008 1427 didicerunt.
1029 1359 1061 1426 Ο
1080 1352 1218 1428 bellum
1237 1381 1312 1428 ma·

241 1480 402 1566 gnope're
423 1462 771 1564 pertimescendum,
800 1489 914 1562 quum
936 1464 1031 1536 banc
1053 1467 1100 1536 sit
1122 1465 1314 1538 habiturus
1379 1531 1382 1538 .

238 1577 393 1651 Catilina
411 1591 616 1654 scortorum
630 1572 661 1618 ¹⁶
684 1574 874 1647 cohortem
896 1573 1159 1674 praetoriam¹⁷l

199 1769 204 1786 p
288 1694 349 1760 XI.
369 1690 540 1760 Instruite
558 1684 677 1774 nuno,
696 1689 877 1777 Quirites,
894 1701 1023 1758 eontra
1042 1687 1198 1760 hastam
1224 1711 1313 1786 prae-

240 1799 378 1871 claras¹
410 1797 568 1870 Catilinae
603 1799 724 1896 copias
757 1813 873 1869 vestra
905 1797 1070 1895 praesidia
1101 1812 1313 1896 vestrosque

241 1911 445 1982 exereitus:
469 1922 507 1980 et
525 1909 684 2005 primum
707 1907 894 2006 gladiatori
917 1907 968 1980 illi
993 1907 1161 1981 confecto
1179 1924 1216 1981 et
1233 1934 1313 1980 sau·

238 2022 295 2092 cio
313 2030 342 2110 ²,
379 2017 562 2118 consules-¹
587 2019 898 2117 imperatoresque
936 2032 1073 2090 vestros
1112 2021 1312 2116 opponite;

241 2129 375 2203 deiude
396 2117 525 2201 contra
550 2127 648 2200 illam
674 2124 956 2227 naufragorum³
979 2129 1130 2222 ejectam
1151 2152 1192 2199 ac
1209 2127 1312 2200 debi-

241 2241 377 2312 litatam
395 2247 565 2325 manum,
579 2237 709 2309 florem
724 2239 834 2310 totius
847 2237 955 2310 Italiae
970 2261 1010 2309 ac
1025 2236 1142 2310 robur
1159 2238 1311 2312 educite.

145 2335 147 2348 ¹
204 2443 208 2448 Ι
241 2355 318 2420 lam
343 2351 459 2420 vero⁴
489 2346 599 2419 urbes
629 2347 854 2420 coloniarum
881 2357 923 2420 a'c
950 2345 1233 2447 municipiorum
1256 2374 1313 2422 re-

242 2455 480 2559 spondebunt
514 2458 674 2530 Catilium
708 2454 884 2530 tumulis⁵
916 2457 1148 2530 silvestribus.
1183 2463 1313 2557 Neque

241 2595 330 2642 vero
357 2584 495 2641 ceteras
524 2571 669 2667 copias,
700 2582 937 2658 omamenta‚
973 2567 1138 2666 praesidia
1172 2585 1312 2656 vestra,

243 2705 328 2753 cum
355 2679 450 2752 illius
475 2680 626 2751 latronis
659 2681 783 2776 inopia
816 2691 926 2775 atque
956 2693 1113 2775 egestate
1148 2676 1314 2751 conferre

243 2789 372 2862 debeo.
396 2789 487 2878 Sed,
508 2791 559 2874 si,
582 2791 723 2861 omissis
746 2787 802 2860 bis
829 2787 940 2860 rebus
961 2787 1152 2876 omnibus,
1177 2787 1313 2886 quibus

244 2928 311 2977 nos
333 2885 645 3002 suppeditam'usl,
672 2916 754 2999 eget
775 2899 857 2988 ille,
879 2909 1027 3012 senatu,
1051 2899 1235 2997 equitibus
1252 2925 1313 2972 ro·

282 3137 323 3185 aa.
348 3133 529 3186 Catilirrar's'nm.
552 3135 653 3186 Rectius
675 3135 756 3193 lorte,
800 3136 853 3199 ipss
863 3134 1005 3200 praetor,id
1016 3135 1314 3204 est51mperatoqperpe-

246 3213 424 3264 «Catilinarum
434 3236 454 3263 ι.
467 3215 532 3264 Π.
543 3217 571 3262 L.
803 3216 847 3263 'tuo
860 3213 924 3262 circa
937 3212 1070 3264 schabest.

283 3292 571 3359 rt.llispraesertimjam
580 3294 757 3346 noctibus.‘1'arn
836 3296 882 3342 xl.
904 3295 962 3342 Tam
972 3296 1117 3359 praelarus.
1133 3297 1192 3344 Tam
1207 3297 1313 3361 egregias

245 3371 326 3436 longis
334 3382 432 3435 tamque
445 3371 550 3435 frigidis.
800 3382 825 3421 et
837 3371 1010 3423 formidandas.
1022 3375 1112 3424 lronia.

284 3451 326 3501 15.
343 3447 417 3513 Quod
423 3451 484 3498 nudi
493 3449 518 3498 in
532 3451 644 3500 conviviis
654 3453 754 3502 saltare.
836 3467 863 3501 a.
885 3450 1001 3517 ΟοηῙιοτο
1018 3464 1043 3501 st
1064 3453 1157 3503 saucio.
1176 3456 1255 3504 Roma
1267 3471 1311 3504 ex-

244 3531 335 3579 saltars
346 3531 426 3595 ipsum
439 3529 532 3594 probro
541 3531 680 3580 vertebatur
689 3531 756 3597 apud
800 3530 886 3597 pulsus
894 3531 1000 3580 Catilina
1008 3544 1059 3581 erat
1070 3535 1176 3582 conlecti
1183 3535 1258 3582 instar
1265 3535 1315 3599 gla-

243 3613 383 3670 Romanos,
395 3609 480 3658 saltare
493 3609 519 3657 in
529 3610 649 3660 conviviis
662 3609 756 3660 nudum
801 3613 916 3670 diatorls,
930 3613 969 3661 eui
983 3613 1034 3662 sola
1044 3629 1110 3662 mors
1122 3614 1209 3679 reliqui
1219 3625 1265 3664 est.

243 3705 343 3741 somma
360 3689 474 3738 infamiae.
838 3694 862 3742 3.
876 3691 1069 3758 Nausmgornm.
1083 3696 1133 3757 Qui
1143 3695 1247 3743 fortunis
1260 3710 1314 3743 orn-

283 3770 322 3820 16.
337 3769 415 3832 Olim,
432 3779 610 3827 scortatorum
624 3769 756 3819 Lambinus
800 3772 873 3820 nibus
886 3774 978 3834 eversi,
989 3773 1020 3821 ab
1037 3775 1105 3823 omni
1118 3791 1145 3824 ra
1155 3788 1180 3824 et
1189 3793 1233 3843 spe
1244 3777 1314 3826 dere·

243 3859 374 3912 utrumque
393 3847 494 3897 verbum
508 3847 663 3896 retinendum
677 3860 756 3913 putat.
800 3851 852 3900 licti
862 3853 955 3913 jacent.
974 3861 977 3868 “

243 3927 365 3977 Ridicule.
374 3929 399 3976 J.
406 3929 438 3976 V.
448 3930 475 3977 L.
492 3953 526 3964 -
537 3927 651 3976 Scortum
666 3928 756 3979 dicitur
837 3939 860 3988 4.
873 3932 962 3980 Muret.
974 3933 1040 3993 conj.
1049 3931 1130 3990 virm
1142 3933 1223 3982 Garat.
1237 3950 1314 3983 mes.

241 4006 314 4053 etism
325 4005 355 4054 de
365 4007 423 4055 viris
431 4006 557 4056 muliebria
567 4007 724 4072 patientibus.
837 4010 862 4059 ⁵.
873 4009 988 4060 Tumulis.
1000 4010 1103 4078 Aliquot
1116 4015 1178 4061 MSS
1191 4015 1301 4062 cumulis.

281 4101 322 4146 ¹7·
346 4085 472 4134 Cohortem
498 4086 651 4152 praetoriam.
676 4089 756 4150 Quam
836 4091 862 4141 6.
874 4091 915 4140 at.
929 4105 1078 4158 superamus.
1091 4092 1117 4142 J.
1129 4095 1161 4142 V.
1175 4095 1203 4142 L.
