2988 4668
297 412 365 510 592
465 409 837 486 OBSERVATIONES
862 409 1193 479 APOLOGETICAE

294 535 409 624 Neque
425 549 533 598 umen
547 555 652 622 nego,
667 539 702 596 in
715 532 844 612 luenti,
862 549 900 596 ut
914 532 960 595 ait
974 531 1176 620 Pomponius
1187 533 1253 621 (r),
1265 535 1356 598 scos

295 663 387 708 suam
405 639 572 704 scientiam
595 637 781 718 retinuisse,
804 635 861 702 sed
882 659 942 700 cur
959 633 992 699 id
1014 637 1138 702 nomm
1152 639 1252 704 facerit
1268 661 1357 704 caus·

295 771 363 812 sam
378 744 478 810 fuisse
496 742 562 807 dixi
577 759 610 807 et
628 758 742 830 postea
760 741 1010 824 demonstrabo,
1025 742 1118 831 quod
1136 774 1150 799 ι
1158 743 1238 823 juris
1258 747 1358 810 scien·

294 853 338 920 tie
362 867 485 940 partam
511 871 677 914 sacrorum
702 865 735 913 et
763 847 955 937 pontificalis
982 850 1182 914 auctoritatis
1210 851 1357 931 faciebat,

295 981 383 1024 saera
396 973 506 1022 autem
524 955 648 1044 vulgari
664 977 732 1020 non
749 955 933 1043 patiebatur
949 954 1062 1044 religio
1074 985 1096 1020 ι.

343 1131 486 1212 Fundus,
508 1135 564 1220 qui
579 1143 626 1194 est
642 1133 675 1194 in
692 1154 794 1218 agro,
813 1137 868 1218 qui
890 1129 1025 1195 Sabinus
1047 1117 1206 1216 vocatur,
1222 1146 1281 1196 etc.
1304 1133 1360 1196 So·

297 1241 436 1304 lemnam
453 1260 521 1301 esse
539 1235 763 1301 vindicationis
781 1237 974 1321 formulam,
993 1255 1108 1326 praeter
1124 1239 1219 1321 alios,
1242 1239 1360 1303 docue-

294 1361 373 1424 runt
388 1342 568 1408 Brissonius
592 1343 655 1430 (a),
674 1340 848 1408 Raevardus
864 1339 929 1439 (3),
948 1343 1100 1436 Sigonius
1118 1343 1187 1432 (4),
1203 1345 1308 1434 etqui
1322 1343 1359 1408 ab

295 1449 344 1513 bis
359 1448 477 1536 scripta
492 1447 652 1511 contraxit
669 1445 863 1511 Heinecoius
882 1444 941 1534 (5)

359 1618 489 1680 Transit
532 1615 613 1678 idem
652 1615 894 1703 jurisconsultus
934 1616 1070 1682 tibicinis
1113 1619 1223 1683 Latini
1259 1619 1358 1684 modo.

297 1725 394 1789 Vario
415 1721 517 1786 inodo
535 1721 576 1786 de
599 1723 650 1786 his
667 1723 766 1787 Tullii
791 1723 897 1787 verbis
922 1739 1094 1789 senserunt
1110 1725 1180 1790 VV.
1205 1727 1275 1790 DD.
1294 1725 1359 1814 syl-

295 1831 368 1894 vius
396 1828 441 1918 (6)
467 1850 485 1892 a
509 1827 674 1892 comoediis
699 1829 850 1893 translata
872 1846 980 1917 putat,
1004 1861 1017 1885 ι
1030 1830 1063 1893 in
1091 1831 1211 1918 quibus
1233 1830 1359 1920 agendis

297 1937 400 2000 Latini
425 1935 572 1999 tibicines
591 1957 609 1997 a
632 1934 719 1999 tibiis
736 1932 856 2000 dextris
880 1935 920 1998 ad
941 1935 1084 2000 sinistras
1100 1935 1298 2020 transibant,
1321 1937 1359 1999 ita

298 2059 336 2106 ut
358 2041 497 2105 tibicinis
516 2041 619 2103 latini
643 2039 742 2105 modo
761 2041 896 2105 transire
921 2042 948 2105 is
976 2041 1119 2124 dicauit,
1145 2044 1201 2132 qui
1219 2043 1360 2134 petitoris

299 2163 332 2213 et
341 2147 518 2212 defensoris
528 2167 672 2210 caussam
684 2147 767 2236 agit,
777 2163 834 2210 aut
844 2145 1050 2235 probationes
1060 2149 1212 2214 invenit..
1223 2149 1272 2215 cl.
1281 2149 1360 2214 Gra·

297 2255 370 2318 vius
385 2268 480 2341 putat
495 2249 558 2340 (7),
581 2252 680 2315 JCtos
699 2251 823 2315 tibicini
847 2275 914 2316 non
940 2254 974 2316 in
993 2275 1033 2317 eo
1056 2257 1255 2344 comparari,
1276 2252 1359 2343 quod

299 2383 388 2424 nunc
410 2359 512 2438 hanc,
539 2379 628 2421 nunc
647 2355 735 2421 illam
754 2373 877 2446 partem
898 2357 939 2422 ad
961 2376 1124 2425 certamen
1149 2361 1359 2443 instruerent,

298 2465 355 2530 sed
371 2466 402 2527 in
419 2486 475 2545 eo,
493 2462 583 2550 quod
600 2477 632 2526 et
645 2463 791 2550 partibus
810 2479 844 2530 et
857 2453 987 2554 praetori
1003 2467 1159 2531 solemnia
1174 2467 1274 2532 verba
1288 2489 1359 2557 pne·

299 2557 500 2658 scripserant.
526 2571 643 2632 Censet
670 2587 786 2656 praeter
808 2569 860 2635 illa
885 2572 936 2636 vir
959 2595 1126 2656 summus,
1149 2596 1240 2637 «non
1267 2575 1357 2638 alium

298 2699 368 2742 csse
389 2675 560 2740 tibicinum
587 2672 716 2739 illorum
743 2676 897 2759 modum,
924 2700 1145 2766 quamquem
1170 2680 1359 2768 praestabant

299 2781 526 2862 histrionibus,
546 2803 651 2869 quum
668 2778 784 2845 modos
804 2783 961 2861 facerent,
979 2801 1012 2847 et
1031 2784 1133 2850 modo
1155 2785 1358 2864 submissius,

298 3008 393 3056 Etenim
401 2991 528 3070 pleraeque
537 3006 563 3052 in
574 3005 660 3070 vulgus
673 3017 738 3054 notae
752 3017 837 3065 erant,
847 3018 920 3071 atque
929 3009 992 3058 adeo
1005 3025 1037 3058 ne
1050 3011 1131 3059 verbis
1144 3011 1245 3074 quidem
1257 3013 1358 3076 tungris,

300 3095 342 3144 sed
357 3095 423 3143 notis
434 3105 458 3142 et
473 3095 548 3158 signis
558 3093 775 3159 concipiebantur,
789 3097 815 3143 in
827 3095 917 3160 quIbus
931 3113 1009 3146 errare
1023 3115 1110 3158 nemo,
1125 3101 1209 3150 saltem
1221 3118 1307 3150 eorum
1321 3097 1357 3164 qoi

297 3183 395 3245 judiciis
408 3183 558 3243 intererant,
570 3181 662 3247 potnit.
682 3183 799 3231 Actiones
816 3200 891 3242 vero,
904 3202 959 3250 qua·
969 3203 999 3236 cx
1010 3187 1180 3236 contractibus
1193 3187 1357 3244 innomimtis,

300 3272 401 3334 aliisque
419 3271 538 3333 negotiis,
560 3271 659 3334 publica
672 3282 697 3320 et
711 3282 827 3336 perpetua
840 3273 944 3322 formula
960 3289 1011 3322 non
1025 3275 1141 3334 munitis,
1160 3277 1294 3336 dabantur,
1310 3292 1357 3342 per·

300 3358 409 3422 scriptis,
421 3358 437 3405 i.
450 3374 471 3406 a.
482 3357 561 3421 planis
574 3368 599 3404 ct
608 3356 686 3406 literis
694 3357 809 3406 omnIbus
819 3361 965 3425 comeriptis
976 3361 1057 3410 verbis
1068 3363 1277 3428 proponebantur,
1285 3379 1357 3426 nque
1445 3401 1446 3408 ,

302 3459 352 3495 torn
366 3455 431 3494 certa
440 3455 491 3492 erat
504 3453 529 3491 et
538 3445 711 3508 compendiosa
722 3445 825 3494 formula
835 3481 843 3506 ,
852 3458 881 3496 nt
891 3448 917 3495 in
930 3448 1065 3512 antiquis».

335 3543 373 3611 (1)
391 3541 778 3608 D.1.2‚d00rtg.sur.§st.

336 3642 374 3710 (a)
387 3641 423 3687 De
436 3637 569 3699 Formolis,
587 3637 631 3688 lib.
641 3639 673 3697 V,
692 3655 745 3704 pag.
759 3640 819 3702 357.

338 3739 376 3804 (3)
395 3735 435 3786 Ad
446 3733 474 3784 ll.
488 3737 538 3783 xlt
552 3735 632 3785 Tabb.
643 3752 696 3800 cap.
708 3737 732 3784 6.

336 3835 374 3902 (4)
389 3837 425 3882 De
438 3832 555 3892 indiciis,
566 3833 612 3883 lib.
625 3835 650 3892 1,
664 3850 719 3898 cap.
729 3850 772 3893 at,
784 3850 837 3898 pag.
847 3837 905 3891 460.

335 3931 375 3999 (5)
390 3931 473 3993 Antiq.
484 3931 556 3978 Rom.
566 3929 609 3978 lib.
619 3931 665 3988 tv,
677 3929 714 3979 tit.
726 3931 756 3988 6,
770 3929 785 3994 S
800 3939 843 3986 aa.
923 3935 926 3942 '

338 4031 376 4093 (6)
394 4031 422 4075 In
436 4025 502 4074 notis
516 4025 583 4074 ad'h.
598 4027 649 4075 Cic.
661 4027 676 4074 Ι.
828 4007 831 4014 ’

338 4121 373 4190 (7)
392 4127 419 4172 ln
433 4124 498 4170 notis
512 4122 541 4169 ad
556 4123 583 4182 b.
600 4121 616 4168 Ι.
642 4157 644 4162 .
