2958 4670
419 385 473 456 IN
498 387 538 454 L.
563 383 876 470 CATILINAM,
901 385 973 453 ΙΙΙ.
1158 385 1230 470 465

165 522 256 598 tate,
271 506 403 605 partim
412 507 606 578 interemit.
624 510 689 578 Cn.
703 508 893 593 Octavius,
908 505 1051 594 consul,
1064 509 1171 580 armis
1185 531 1235 582 ex

164 615 257 689 urbe
274 617 449 714 collegam
462 641 569 689 suum
581 627 612 660 ¹⁰
634 615 795 716 expulit:
810 619 928 689 omnis
946 617 1006 689 hic
1023 616 1231 694 locus-acer·

164 727 217 798 vis
233 751 446 826 corporum,
469 741 505 798 et
523 728 652 798 civium
677 729 853 824 sanguine
873 724 1097 798 redundavit.
1115 733 1232 826 Supe-

165 837 255 907 ravit
271 852 397 934 postea
415 837 533 908 Cinna
550 861 634 908 cum
653 839 768 908 Mario
781 847 809 880 ¹¹
827 863 835 907 :
863 850 940 908 tum
958 861 1065 924 vero,
1082 837 1232 911 clarissi-

165 951 233 1020 mis
250 947 374 1018 viris¹²
394 945 610 1034 interfectis,
627 944 762 1017 lumina
785 947 935 1018 civitatis
947 948 1120 1019 exstincta
1134 964 1230 1021 sunt.

164 1057 272 1129 Ultus
297 1073 352 1129 est
376 1055 485 1154 hujus
506 1059 666 1128 victoriae
694 1054 942 1128 crudelitatem
965 1071 1092 1153 postea
1111 1057 1230 1146 Sulla;

164 1191 234 1240 nec
256 1166 327 1239 dici
356 1167 505 1266 quidem
523 1191 616 1266 opus
637 1181 714 1251 est,
743 1180 879 1264 quanta
903 1167 1152 1241 deminutione
1179 1173 1231 1242 ci·

165 1277 264 1349 vium
277 1274 308 1320 ¹³
327 1331 337 1365 ,
358 1293 396 1350 et
420 1291 557 1375 quanta
583 1277 782 1349 calamitate
809 1276 1026 1377 reipublicae.
1058 1279 1234 1352 Dissensit

165 1391 215 1457 M.
237 1385 433 1485 Lepidus¹⁴
451 1411 472 1458 a
491 1387 686 1460 clarissimo
716 1401 752 1459 et
772 1384 967 1460 fortissimo
988 1392 1066 1460 viro
1089 1393 1133 1482 Q.
1164 1393 1233 1462 Ca·

165 1497 246 1568 tulo
271 1523 279 1566 :
308 1497 428 1568 attulit
447 1521 524 1568 non
541 1511 616 1568 tam
634 1499 748 1596 ipsius
765 1498 933 1569 interitus
951 1495 1158 1596 reipublice
1176 1499 1233 1570 lu-

166 1620 287 1692 ctum,
305 1629 415 1702 quam
432 1621 636 1680 ceterorum
649 1603 688 1675 ¹⁵.

215 1720 335 1813 Atque
346 1715 414 1787 illae
425 1716 666 1788 dissensiones
677 1712 824 1787 ¹⁶erant
831 1713 1052 1810 hujusmodi,
1062 1718 1233 1808 Quirites,

166 1850 248 1924 qnae
264 1849 340 1897 non
354 1825 399 1898 ad
419 1825 610 1898 delendam
623 1879 633 1913 ,
646 1823 709 1898 sed
719 1823 764 1896 ad
778 1824 1073 1898 commutandam
1084 1851 1234 1925 rempu-

166 1935 338 2008 blicam¹⁷
356 1937 591 2035 pertinerent.
615 1939 696 2007 Non
712 1933 764 2004 illi
782 1934 919 2006 nullam
937 1959 1013 2006 esse
1029 1934 1234 2034 rempubli-

167 2072 265 2132 cam,
278 2047 339 2118 sed
357 2048 471 2132 inea,
489 2070 569 2144 quae
587 2059 704 2134 esset,
730 2071 769 2118 se
794 2069 872 2118 osse
893 2045 1092 2144 principes3
1114 2071 1236 2144 neque

166 2157 261 2228 hanc
287 2156 417 2229 urbem
443 2154 685 2254 conflagrare,
702 2153 766 2228 sed
784 2180 822 2228 se
838 2157 877 2226 in
895 2155 964 2226 hac
984 2153 1077 2228 urbe
1104 2155 1235 2228 florere

168 2267 374 2339 voluerunt.
391 2271 511 2366 Atque
521 2265 591 2337 illae
604 2281 727 2338 tamen
739 2289 866 2338 omnes
880 2264 1136 2355 dissensiones,
1149 2289 1236 2364 quu-

184 2445 187 2450 ’
207 2467 246 2500 ro.
278 2451 400 2519 collegam
425 2467 505 2504 suum.
539 2452 679 2503 Cornelium
723 2452 778 2513 liri,
795 2453 839 2518 qui
853 2453 934 2500 bonoe
952 2451 1050 2516 regibus
1067 2461 1162 2500 umam
1178 2463 1236 2502 aute

169 2531 386 2582 Cinnam-—Hie
395 2533 469 2584 locos.
480 2535 581 2580 Forum.
722 2531 813 2581 sullam
842 2531 947 2580 tributus
972 2539 1043 2590 erat,
1070 2539 1096 2578 et
1114 2541 1166 2579 acts
1183 2532 1236 2593 eius

206 2609 573 2675 11.Superosit...0innocom
586 2608 678 2658 uario.
722 2595 859 2660 rescindere
878 2619 980 2658 conatus
998 2619 1052 2668 est;
1066 2610 1107 2658 eui
1125 2625 1184 2659 vero
1204 2609 1237 2660 de

169 2690 263 2738 Marius
280 2691 345 2739 euim
362 2691 459 2740 rediens
475 2705 506 2738 ex
523 2689 606 2738 Αἰτίαι
623 2705 680 2738 cum
723 2688 890 2737 rescindendis
902 2689 962 2737 sotis
981 2687 1059 2752 legem
1071 2689 1238 2755 promulganti

168 2769 246 2817 Cissus
259 2785 285 2818 ee
301 2761 472 2832 cunjunxit'et
486 2769 589 2818 Romam
603 2783 680 2816 oocu-
723 2765 825 2816 Catulus
833 2767 926 2830 collega
935 2767 1044 2815 obstitit:
1057 2779 1192 2832 pugnatum
1201 2780 1239 2819 est

171 2848 247 2912 pavit.
724 2845 751 2892 in
764 2861 852 2910 campo
864 2846 956 2896 lllsrtio
966 2859 975 2906 ;
987 2843 1030 2892 sed
1043 2845 1122 2894 dotus
1131 2847 1238 2912 lepidus

208 2942 248 2975 ss.
267 2925 411 2976 cedetne
423 2923 492 2974 viris.
505 2925 570 2974 Vide
583 2925 682 2974 Cicero·
725 2937 811 2986 magns
823 2937 924 2970 suorum
935 2919 1016 2980 eade,
1029 2938 1105 2986 quum
1115 2925 1142 2972 in
1153 2925 1237 2976 audi.

169 3021 225 3053 uem
238 2983 363 3069 principio
377 3003 435 3052 libri
445 3003 511 3052 tertii
524 3003 554 3051 de
567 3004 681 3054 Oratore.
725 3001 790 3048 mam
803 3001 949 3064 navigasset,
960 3001 1048 3050 morbo
1056 3003 1139 3068 periit.

170 3109 205 3120 -
223 3083 325 3130 Iumina
343 3080 447 3130 civitatis
461 3083 495 3145 Q.
512 3081 625 3144 Catulus,
643 3083 681 3132 tt.
764 3081 804 3128 15.
815 3082 1047 3144 Quomeeterorom.
1058 3080 1237 3148 Quiinpugns

170 3160 308 3220 Antonius,
320 3160 351 3209 C.
366 3170 392 3208 et
405 3162 432 3208 1..
444 3160 521 3220 Julii,
533 3160 631 3220 iratres,
646 3162 679 3223 Q.
726 3160 781 3208 ond
794 3167 859 3208 sunt.

171 3238 280 3288 Scaevola
293 3248 366 3304 pont.
377 3255 442 3289 max.
763 3240 803 3287 ιδ.
813 3241 895 3302 Atque
904 3235 954 3286 illae
963 3237 1130 3290 dissensiones.
1139 3241 1239 3306 Duplex

209 3320 249 3368 es.
275 3320 376 3382 Quanto
397 3315 562 3366 deminutione
585 3317 680 3368 civium.
725 3317 766 3366 bic
786 3315 935 3382 comparatio
957 3329 1011 3366 eet:
1030 3320 1168 3384 superiores
1187 3321 1237 3370 illae

171 3396 681 3460 Finitobellointerblsrisnoeetsullsuos,
725 3395 1239 3461 dissensionesadcommutsndsmtautum,

171 3477 322 3542 septuaginta
337 3476 412 3524 millis
423 3477 450 3524 in
465 3493 525 3540 pace
538 3492 598 3525 omes
612 3474 681 3538 e'uut3
724 3475 920 3538 bucconjuratio
926 3475 957 3523 ad
965 3477 1165 3540 exstinguendam
1173 3496 1237 3527 rem-

171 3553 395 3618 Fuffidiustaudem
409 3554 553 3614 admonuit,
570 3555 681 3604 «Vivere
726 3553 848 3617 publicem
861 3555 1005 3620 pertinebat.
1020 3555 1072 3604 Illae
1097 3557 1237 3620 dijudicatae

171 3633 265 3697 aliquot
275 3633 375 3694 debere,
387 3645 415 3682 nt
429 3644 519 3692 essem,
532 3633 620 3698 quibus
634 3633 681 3682 itu·
725 3645 782 3682 eunt
798 3650 847 3682 uon
869 3635 1066 3684 reconciliatione
1079 3637 1236 3699 concordia,

172 3721 266 3777 peraret
280 3734 302 3762 ι.
318 3715 389 3776 Tune
412 3714 554 3779 compositas
574 3713 681 3778 proseri-
725 3713 768 3762 eed
776 3714 941 3763 internecione
949 3713 1112 3774 civium3luec
1121 3731 1236 3782 oppresse

172 3789 265 3856 ptionis
279 3791 378 3841 tabulae.
392 3793 430 3839 De
448 3791 521 3840 Sullas
539 3792 681 3842 crudelitate
725 3804 778 3852 est,
799 3794 864 3842 salvs
885 3791 960 3852 urbe,
981 3793 1102 3858 salvisque
1123 3795 1237 3843 omnibus
1311 3832 1313 3836 .

173 3869 559 3930 videettamVat.1tsn.tx,2.
724 3871 806 3922 bonis.

211 3958 251 4006 se.
273 3951 309 3997 M.
322 3948 432 4014 lepidus.
456 3949 565 4012 Lepidus
582 3951 682 4010 consul,
764 3967 805 4012 17·
820 3950 863 3998 Ad
871 3947 1068 4018 'committendam
1079 3967 1154 4016 remp.
1164 3951 1237 4016 Quod

173 4029 245 4078 Sullae
272 4028 385 4076 lactiouis
415 4027 581 4086 sdversarius,
603 4029 684 4078 noluit
727 4029 767 4078 alii
778 4022 1030 4102 penessenatuui,slii
1039 4047 1113 4094 penes
1119 4032 1240 4098 populum

175 4108 247 4157 Sullae
261 4107 364 4156 cadaver
375 4106 402 4154 iu
414 4122 501 4172 eampo
512 4107 604 4156 Martio
616 4124 681 4173 sepe·
728 4123 778 4156 esse
790 4121 869 4155 rerum
881 4093 999 4154 summam
1009 4107 1132 4159 volebant.

247 4197 311 4264 Ill.
339 4209 564 4272 &periucunde
1079 4193 1126 4264 30
