3020 4668
492 345 543 418 IN
571 347 612 415 L.
638 345 953 433 CATILINAM,
978 348 1006 416 Ι.
1209 343 1284 432 405.

152 451 158 458 ’
211 481 340 542 rentur
365 466 697 538 arnmtitscitm1²
718 481 858 565 pactam
885 481 923 538 et
951 457 1182 538 constitutam
1206 491 1284 543 esse

211 604 298 652 cum
316 577 440 650 Mattio
458 576 581 648 diem?
600 602 622 649 a
643 602 719 675 quo
741 580 850 651 etiam
872 577 1030 675 aquilam
1047 575 1145 648 iilam
1160 602 1285 677 argeu

203 660 362 780 team¹³‚
383 713 493 788 quam
513 688 579 768 tibi
601 714 647 761 ac
663 691 738 762 tuis
752 687 930 762 omnibus.
944 691 1188 788 perniciosam
1205 714 1283 762 esse

212 801 361 876 confido
375 817 412 876 et
425 799 613 880 funestam
620 798 799 889 fututam,
816 826 875 872 cut
865 800 990 872 domi
1003 814 1073 872 tuae
1086 802 1283 872 sacrarium

212 911 388 985 scelerum
412 926 560 986 tuorum
584 913 824 982 constitutum
852 908 941 998 tuit,
967 913 1076 980 sciam
1096 933 1173 982 esse
1192 935 1283 1009 prae·

213 1023 382 1094 missam?
400 1026 456 1096 Tu
475 1036 517 1094 ut
533 1021 591 1091 itta
602 1019 927 1096 ¹⁴diutiuscarete
942 1021 1076 1118 possis,
1096 1044 1206 1116 quam
1223 1045 1284 1092 ve-

213 1133 354 1222 nerari,
370 1131 415 1203 ad
433 1130 567 1204 cedem
584 1127 838 1228 proficiscens,
860 1126 1028 1204 solebas?
1047 1155 1067 1200 a
1083 1131 1188 1227 cujus
1204 1131 1286 1202 alta-

211 1243 316 1316 ribus
334 1266 427 1342 saepc
443 1244 547 1318 istam
565 1241 711 1339 impiam
733 1238 918 1324 dexteram
938 1237 985 1311 ad
1002 1255 1138 1317 necem.
1152 1241 1284 1312 ciuium

211 1353 451 1430 transtulisti?

262 1467 308 1534 X.
330 1463 404 1536 Ibis
426 1461 573 1538 tandem
599 1460 814 1561 aliquando,
835 1487 913 1562 quo
935 1478 971 1536 te
988 1460 1206 1561 jampridem
1222 1447 1285 1533 tua

213 1575 282 1646 ista
309 1572 485 1671 cupiditas
515 1571 690 1648 effrenata
722 1599 764 1646 ao
792 1573 927 1646 furiosa
954 1573 1128 1672 rapiebat.
1157 1576 1286 1670 Neque

215 1683 313 1754 euim
332 1682 399 1758 tibi
416 1682 492 1758 haec
513 1693 591 1756 res¹
614 1681 720 1755 affert
737 1683 922 1770 dolorem,
942 1682 1006 1755 aed
1021 1682 1215 1780 quamdam
1233 1683 1288 1752 in·

215 1791 426 1866 credibilem
445 1794 693 1892 voluptatem:
718 1793 764 1866 ad
782 1794 876 1876 banc
895 1808 931 1866 te
945 1794 1139 1866 amentiam
1156 1809 1286 1868 natura

214 1907 374 2003 peperit,
397 1905 565 1976 voluutas
594 1908 776 1994 exercuit,
803 1904 950 1977 fortuna
978 1906 1141 1976 servavit.
1169 1899 1286 1981 Num·

213 2039 325 2112 quam
347 2029 388 2088 tu
411 2041 488 2094 nou
510 2016 622 2088 modo
640 2019 776 2104 otium,
797 2014 862 2088 sed
885 2040 933 2087 ue
955 2014 1092 2086 bellum
1115 2012 1266 2111 quidem
1276 2069 1292 2097 ,,

214 2125 284 2197 nisi
299 2122 478 2197 nefarium
495 2126 708 2224 concupisti.
727 2130 862 2207 Nactus
876 2150 914 2198 es
931 2151 974 2197 ex
990 2123 1159 2223 perditis,
1178 2139 1287 2221 atque

214 2231 262 2304 ab
284 2237 384 2305 omui
408 2260 485 2314 non
508 2235 621 2314 modo
638 2234 807 2329 for-tuna,
824 2261 951 2314 uerum
974 2237 1083 2308 etiam
1101 2259 1165 2332 spe
1182 2233 1287 2309 dete-

215 2343 331 2434 lictis,
359 2345 552 2417 conflatam
575 2345 828 2444 improborum
860 2371 1022 2424 manum.
1052 2347 1119 2418 Hic
1144 2359 1186 2415 tu
1214 2367 1289 2442 qua

215 2453 337 2527 latitia
359 2453 571 2553 petfcuere?
589 2457 730 2552 quibus
745 2458 886 2554 gaudiis
907 2455 1130 2532 exsultabis?
1151 2469 1289 2553 quanta

215 2563 255 2636 in
271 2565 458 2664 voluptate
472 2564 715 2654 bacchabere,
736 2590 851 2663 quum
867 2570 905 2636 in
921 2581 1027 2637 tanto·
1039 2591 1192 2637 numero
1209 2577 1290 2637 tuo-

214 2699 298 2747 rum
315 2701 436 2774 neque
451 2673 575 2748 audies
592 2677 714 2761 virum,
727 2674 868 2750 bouum
883 2701 1104 2774 quemquam
1116 2689 1144 2766 ²,
1165 2701 1287 2774 neque

215 2784 381 2858 videbis?
402 2783 458 2856 Ad
482 2785 592 2880 hujus
620 2787 708 2856 vitae„
727 2785 887 2860 studium
918 2784 1081 2858 meditati
1110 2784 1162 2859 illi
1184 2799 1288 2874 sunt,
1319 2795 1323 2814 '

214 2897 281 2994 qui
297 2895 477 2985 feruntur,
500 2895 642 2967 labores
659 2892 737 2966 tui³
752 2923 761 2966 ε
776 2895 897 2990 jacere
925 2893 1047 2982 humi,
1073 2919 1151 2965 uon
1173 2893 1285 2965 modo

217 3131 248 3180 ab
260 3147 291 3180 eo
304 3131 348 3196 qui
358 3131 452 3197 primm
460 3131 567 3180 tribunal
576 3130 729 3193 instituam,
772 3131 840 3180 bello
853 3129 979 3181 Cimbrico
992 3129 1085 3178 Mettus
1097 3127 1210 3177 habuitne
1221 3127 1289 3176 dice·

218 3227 307 3261 nomen
327 3209 500 3260 metiebantur.
522 3212 565 3260 Eat
586 3221 667 3260 autem
689 3211 730 3260 hic
772 3211 854 3260 batur.
866 3209 963 3258 Sallust.
973 3224 1027 3272 cap.
1039 3207 1081 3270 59.

216 3291 287 3340 loeus
296 3306 374 3355 prope
387 3289 472 3338 laevam
486 3291 603 3338 Arminius
614 3290 665 3338 aive
674 3290 730 3338 Flo·
812 3297 853 3346 ¹4·
876 3291 912 3336 Tu
931 3299 958 3336 ut
973 3287 1026 3336 itta.
1045 3288 1131 3334 Posses
1147 3284 1239 3334 diutim
1256 3284 1288 3333 ab

217 3371 347 3429 fisemis,
358 3369 452 3434 vulgat-i
457 3369 557 3418 nomine
567 3371 653 3418 Manu
659 3368 728 3430 Alto,
773 3369 816 3419 ttto
825 3379 870 3418 tuo
878 3367 979 3417 numine
988 3366 1076 3432 procul
1085 3365 1186 3414 vivere?

216 3449 336 3514 oppidum
349 3450 408 3498 tatis
418 3449 520 3498 celebro.
535 3449 632 3497 Nomen
643 3458 668 3497 ct
681 3449 730 3498 ori-
809 3451 843 3498 Χ.
856 3463 881 3498 1.
895 3450 957 3496 Hac
969 3463 1018 3494 res.
1029 3445 1075 3494 tlh
1088 3455 1129 3493 tua
1138 3443 1269 3510 profectio.

217 3528 731 3592 ginembabuit‚abAnt-elioqnodam,qui
809 3525 1290 3592 a.Virambonumqucmquam.Amaee

218 3607 341 3656 Aureliam
354 3610 420 3656 viam
433 3624 448 3655 ι
461 3605 541 3656 Iton·
558 3607 625 3658 Pina
639 3623 731 3672 utque,
775 3607 867 3656 dictum
876 3642 885 3669 ,
895 3618 1018 3672 tamquam
1031 3605 1078 3654 vit-i
1089 3604 1149 3654 boui
1159 3602 1289 3668 adspectus

218 3683 265 3732 sub
274 3685 370 3733 initium
377 3685 445 3733 baud
455 3684 528 3733 dubie
539 3684 645 3734 subnotat
654 3700 667 3733 a
677 3689 731 3734 tto-
775 3687 862 3736 ocuioe
874 3686 940 3734 illitu
950 3695 1092 3750 praegravet.
1106 3710 1141 3720 -
1153 3680 1207 3730 [ἕο.
1221 3683 1289 3728 luter

218 3763 296 3812 mania
301 3765 413 3822 Etruriae,
421 3765 515 3814 enavit.
525 3766 563 3814 Cf.
572 3765 669 3816 ctuvu.
677 3765 731 3814 tut
775 3767 913 3817 istiusmodi
925 3768 1053 3816 bominum
1064 3779 1170 3828 gregem.
1180 3785 1216 3798 -·
1227 3763 1289 3808 Bae·

218 3843 304 3904 Ami‘l-
313 3843 356 3900 Π
369 3857 394 3888 ²·
775 3845 887 3895 citabere.
900 3847 1020 3894 Amendae
1039 3841 1145 3908 quadam
1162 3840 1289 3903 voluptate

257 3919 433 3970 anticlides.
454 3923 601 3983 couj.·eui
622 3925 728 3975 sciam.
776 3926 885 3989 capieris.

219 3999 354 4076 Rescripsit
363 3999 459 4056 Sabota
472 4005 703 4066 praemuteBctkio.
812 4004 837 4051 3.
850 4003 955 4050 Labores
963 4013 1008 4050 tut
1023 4001 1075 4049 Iliae
1086 4011 1134 4050 tun
1142 3997 1293 4046 exercitatio·

253 4081 294 4130 13.
300 4078 646 4146 Aquiiautidamargeuteam.
652 4084 731 4146 Quem
777 4093 835 4142 nes,
854 4096 908 4146 qut
924 4079 987 4130 adeo
1007 4096 1021 4128 ι
1039 4079 1088 4129 tuis
1105 4076 1241 4128 fautoribus
1259 4075 1292 4142 ⁸5¹
