2934 4680
322 369 519 438 ORATIO
542 367 645 437 PRO
667 367 801 438 LEGE
828 369 1066 440 Maurum.
1177 371 1224 466 35)

152 485 329 560 diuturna
342 511 415 588 pax
432 487 574 562 effluere
587 489 772 589 potuisset.
784 495 861 562 Jarn
871 545 881 578 ,
892 505 1037 590 accepta
1052 496 1091 565 in
1106 499 1223 568 Ponto

152 597 356 670 calamitate
367 609 411 685 ¹⁰,
436 623 480 670 ex
505 623 549 671 eo
572 601 715 698 proelio,
738 599 782 672 de
807 625 883 699 quo
910 625 974 674 vos
999 603 1122 700 paullo
1139 620 1223 678 ante

151 708 289 780 invitus
308 707 502 798 admonui,
524 733 639 807 quum
655 711 743 782 socii
761 714 1049 810 pertimuissent,
1064 715 1221 788 hostium

151 840 242 913 opes
273 819 458 917 animique
490 821 703 909 crevissent,
733 822 818 892 satis
844 820 989 894 firmum
1019 825 1222 922 praesidium

152 931 343 1025 provinus
366 953 443 1000 uon
467 928 641 1002 haberet:
660 931 865 1001 amisissetis
888 934 1026 1019 Asiam,
1044 936 1223 1023 Quirites,

152 1039 220 1110 uisi
232 1049 266 1083 ¹¹
287 1039 334 1111 ad
353 1039 391 1112 id
412 1043 531 1139 ipsum
551 1039 630 1137 ejus
648 1044 822 1139 temporis
843 1039 1015 1114 divinitus
1034 1047 1100 1114 Cn.
1120 1049 1223 1116 Pom·

152 1151 277 1246 prium
297 1151 341 1222 ad
354 1173 414 1223 eas
426 1153 593 1248 regiones
607 1162 637 1196 ¹²
658 1149 805 1224 fortuma
824 1154 951 1251 populi
969 1156 1110 1225 romani
1127 1169 1221 1227 attu-

152 1259 264 1332 lisset.
290 1262 410 1358 Hujus
432 1260 607 1334 adventus
630 1277 667 1333 et
688 1262 932 1335 Mithridatem
959 1261 1139 1334 insolita¹³
1165 1267 1221 1336 in·

152 1369 379 1443 flammatum
405 1373 787 1464 victoriaconunuit,
814 1387 851 1444 et
878 1375 1065 1470 Tigranem
1086 1377 1224 1470 magnis
1297 1427 1302 1442 .

152 1483 268 1578 copiis
287 1483 513 1556 minitantem
537 1484 629 1554 nsioe
651 1481 855 1554 retardavit.
880 1485 924 1553 Et
943 1483 1136 1580 quisquam
1154 1483 1223 1555 du·

152 1587 304 1680 bitabit,
323 1591 415 1688 quid
430 1595 564 1664 virtute
580 1591 810 1691 prolecturus
828 1595 891 1678 sit,
916 1593 979 1689 qui
1001 1605 1141 1663 tanturn
1158 1607 1223 1665 au·

153 1705 321 1774 ctoritate
349 1701 567 1801 profecerit?
590 1717 654 1774 aut
677 1723 787 1800 quam
812 1699 916 1774 facile
937 1703 1090 1800 imperio
1113 1717 1223 1802 atque

152 1811 316 1882 exercitu
337 1815 457 1884 socios
482 1827 519 1884 et
547 1813 732 1910 vectigalia
760 1829 1037 1885 conservaturus
1062 1815 1129 1899 sit,
1158 1818 1222 1910 qui

151 1920 238 2018 ipso'
251 1925 401 1994 numine
418 1947 460 1995 ao
478 1947 627 1995 rumore
644 1921 869 1995 defenderit?

199 2035 296 2103 xvt.
318 2038 392 2130 Age
410 2057 515 2120 vero,
535 2033 595 2104 illa
613 2057 671 2104 res
691 2048 864 2130 quantam
884 2031 1039 2104 declarat
1058 2033 1220 2126 ejusdem

152 2137 315 2212 hominis
342 2141 438 2240 apud
465 2143 588 2214 hostes
621 2143 749 2242 populi
779 2144 920 2213 romani
951 2143 1220 2230 auctoritatem,

153 2251 253 2349 quod
271 2255 317 2323 ex
338 2252 425 2324 loeis
444 2267 519 2324 tam
538 2252 769 2352 longinquis,
789 2269 936 2350 tamque
958 2253 1128 2338 diversis,
1149 2269 1221 2324 tarn

152 2359 256 2436 brevi
277 2377 443 2461 tempore
467 2387 595 2436 omnes
612 2366 678 2435 uni
699 2363 785 2435 huic
803 2387 840 2435 se
861 2360 1105 2434 dediderunt?
1121 2363 1220 2459 quod

152 2476 378 2547 Cretensium
407 2475 535 2573 legati,
566 2498 682 2571 quum
721 2477 760 2544 in
794 2497 919 2546 eorum
954 2471 1072 2544 insula
1098 2487 1221 2543 noster

153 2584 369 2682 imperator¹
397 2586 649 2680 exercitusque
667 2599 779 2673 esset,
797 2583 842 2656 ad
866 2589 930 2656 Cn.
950 2583 1162 2682 Pompeium
1182 2585 1220 2652 in

152 2694 297 2766 ultimus
314 2719 429 2794 prope
447 2706 575 2768 terras’
596 2710 797 2782 venerunt,
816 2696 924 2793 eique
942 2719 980 2766 se
995 2717 1122 2766 omnes
1135 2699 1221 2766 Cre·

154 2807 310 2876 renium
328 2807 487 2878 civitates
504 2805 636 2877 dedere
653 2805 744 2877 velle
758 2802 976 2877 dixerunt³i
991 2805 1112 2894 Quid?
1124 2802 1219 2874 idem

152 2914 217 2986 iste
239 2911 488 3002 Mithridates,
508 2933 635 2986 nonne
651 2913 696 2988 ad
711 2915 880 2987 eumdem
899 2917 965 2985 Cn.
985 2915 1222 3010 Pompeium,

154 3023 311 3122 legatum
328 3026 499 3123 usquein
518 3023 753 3122 Hispaniaml
773 3019 913 3113 misit⁵;
936 3045 1096 3120 eumque
1117 3026 1222 3093 Pom·

187 3165 230 3201 ιο.
250 3154 359 3216 empse
377 3151 403 3200 r'sr
419 3153 499 3200 Paulo
513 3151 664 3201 calumlea'te.
745 3155 770 3200 ι’.
782 3151 813 3199 Iu
823 3149 921 3199 ultimas
927 3163 1004 3216 prope
1013 3155 1099 3198 terras.
1111 3151 1140 3196 ln
1151 3151 1223 3196 Pam-

152 3231 233 3296 Quum
244 3233 273 3281 G.
285 3232 393 3282 Tristius
410 3247 425 3280 s
444 3231 587 3282 Mithridate
608 3247 664 3280 eum
708 3230 894 3298 phylisrn.lloo
901 3241 983 3279 sutem
990 3230 1089 3278 nouriue
1096 3229 1223 3288 vousbant,

153 3311 246 3378 sliquos
254 3312 363 3360 millibus
374 3321 505 3360 west.
709 3311 737 3358 in
754 3309 846 3358 finibus
863 3309 958 3358 romani
978 3308 1073 3374 imperii
1092 3307 1223 3356 remotissi-

189 3387 667 3453 sr.Grser.hllem.·sdipsumdlsos-l-
710 3390 834 3440 missitss.

152 3485 236 3522 ussus.
245 3478 264 3520 t
273 3487 287 3515 s
299 3473 365 3521 LV.
376 3469 404 3518 t.
747 3469 772 3516 3.
793 3467 889 3516 Dedere
906 3467 974 3515 velle
985 3465 1109 3513 dieentes.
1127 3461 1222 3510 viden-

189 3566 229 3600 ιι.
240 3551 283 3600 Ad
290 3567 332 3598 eas
341 3549 458 3614 regiones
466 3543 668 3595 Marltitliobello'
711 3548 769 3597 dum
778 3546 844 3612 spud
855 3545 1011 3594 Plutarchum
1021 3546 1046 3593 iu
1056 3547 1142 3606 Pomp.
1151 3552 1223 3603 qurm

154 3627 364 3695 sdhusphylism
378 3624 666 3686 eculeumhujusret
711 3627 830 3676 dedititiis
861 3624 1017 3674 Cretensibus
1047 3621 1122 3669 durus
1153 3619 1226 3665 luerit

155 3707 373 3758 nuhsiuhistortis
383 3705 486 3754 mentio.
712 3707 850 3770 rumperes,

190 3789 229 3839 13.
243 3785 359 3837 Insolito.
368 3787 451 3850 Quum
461 3795 530 3832 autes
540 3785 621 3832 v'elus
629 3799 665 3831 es-
747 3794 771 3842 4.
802 3785 885 3849 Usque
910 3781 936 3830 ιἰι
959 3777 1112 3842 trapam.
1142 3779 1227 3838 Quum

155 3861 597 3928 masusss,sttlurens‚s1=ueullo
714 3875 820 3929 questos
842 3863 890 3911 ιιι
891 3871 959 3910 ersus
983 3856 1118 3907 Sertortum
1140 3857 1227 3906 missus

186 3947 284 3996 xvir
289 3945 403 3994 Noster
413 3943 554 4007 imperator
570 3941 669 4005 (Μία.
715 3953 758 3992 0³2

155 4025 240 4086 tellus,
251 4026 293 4075 eui
307 4023 454 4090 proconsuli
466 4018 579 4071 hellsuu
572 4037 597 4068 ιιι
612 4019 670 4070 Cre·
753 4025 777 4071 5
792 4019 905 4069 θῃιὶιιῃ
917 4012 1046 4064 haiom
1055 4016 1227 4080 usspffib„

155 4117 228 4156 tenses
238 4107 383 4156 mandatum
396 4117 457 4156 erst.
715 4115 769 4149 «nu
762 4100 802 4149 sit
813 4101 868 4147 eur'u
877 4108 970 4162 ,quent
985 4097 1095 4160 Pomp.-
1083 4096 1150 4145 nsld
1152 4097 1213 4143 ιιιῑιι
