3020 4666
226 297 296 370 216
483 351 486 358 ι
562 299 937 372 ARGUMENTUM.

264 422 317 498 sit,
333 420 385 499 qui
398 419 508 499 publici
520 421 598 500 agri,
617 422 668 500 qui
685 424 804 501 privati;
829 425 862 494 7⁰
874 435 906 481 ut
919 420 998 501 quod
1012 421 1049 480 ad
1064 440 1207 501 quemque
1221 443 1287 502 per-

264 517 358 589 venit,
373 518 537 596 pervenerit
560 537 595 576 ex
620 518 735 596 praeda,
756 540 791 578 ex
815 519 975 591 manubiis,
999 539 1035 576 ox
1051 521 1287 579 aurocoronario

264 614 356 696 (quod
371 613 595 693 imperatoribus
616 615 679 674 dari
699 615 808 674 solebat
831 615 868 674 ad
889 635 1025 674 coronam
1045 635 1161 674 auream
1173 617 1287 675 ¹trium·

264 710 394 788 phalem,
415 711 439 768 si
451 709 614 789 triumphus
630 712 664 769 iis
682 725 756 770 esset
773 709 917 790 decretus)
929 711 1027 790 ,quod
1039 731 1134 790 neque
1147 732 1286 771 consum-

265 821 349 886 ptum
370 809 400 870 in
415 822 619 882 monumento,
639 829 734 887 neque
751 812 782 867 in
801 811 934 868 aerarium
958 812 1082 869 relatum
1108 811 1159 883 sit,
1180 810 1210 869 id
1224 813 1288 890 qui-

265 926 390 985 cumque
404 927 440 967 ex
458 907 609 986 provincia
626 905 795 980 decesserit,
813 927 871 966 uuo
889 907 1028 986 Pompeio
1044 921 1182 985 excepto,
1207 909 1287 986 apud

265 1003 443 1065 decemviros
454 1005 640 1083 profiteatur3
652 1003 683 1062 8⁰
696 1018 726 1062 ut
744 1023 832 1082 quam
846 1005 996 1083 pecuniam
1012 1004 1169 1064 decemviri
1182 1024 1286 1082 coege-

264 1100 341 1173 rint,
358 1122 392 1164 ea
408 1099 530 1179 pecunia
543 1121 646 1180 agros,
664 1121 725 1180 quo
745 1102 845 1180 plebes
859 1100 1022 1161 deducatur
1034 1101 1071 1160 ab
1087 1103 1139 1176 tis,
1152 1102 1204 1178 qui
1220 1122 1288 1160 ven·

265 1196 335 1255 dere
360 1197 518 1269 voluerint,
540 1210 652 1271 emant,
679 1197 716 1258 ab
737 1198 835 1256 invitis
859 1198 931 1256 nihil
959 1211 1093 1277 tangant;
1117 1217 1168 1256 eos
1191 1211 1288 1256 autem

264 1312 349 1371 agros
363 1294 393 1351 in
408 1294 491 1353 ltalia
506 1307 618 1365 emant,
638 1294 687 1372 qui
708 1294 784 1352 arari
804 1307 834 1353 et
854 1295 910 1352 coli
930 1296 1056 1374 possint,
1077 1307 1107 1352 et
1127 1308 1159 1352 ut
1174 1314 1238 1372 quae
1256 1293 1287 1351 in

266 1389 439 1468 municipia,
452 1407 580 1466 quasque
592 1389 622 1446 in
636 1389 763 1448 colonias
776 1389 882 1462 velint,
898 1379 1018 1448 colonos
1032 1409 1106 1466 quos
1119 1390 1223 1462 velint,
1236 1389 1288 1448 de-

265 1485 386 1558 ducant,
399 1487 491 1563 iisque
509 1504 591 1558 agros
608 1487 752 1563 assignent
767 1485 873 1563 quibus
887 1486 917 1544 in
936 1486 1008 1546 locis
1021 1487 1128 1556 velint,
1152 1500 1180 1545 et
1193 1499 1227 1544 ut
1237 1489 1288 1546 ea·

264 1603 353 1662 puam
367 1583 396 1642 in
414 1582 557 1643 coloniam
579 1581 724 1641 deducant
743 1583 871 1661 quinque
886 1583 1057 1642 colonorum
1075 1584 1178 1656 millia,
1197 1583 1288 1661 iisque

265 1691 295 1736 et
316 1699 416 1756 agrum
438 1683 632 1756 Campanum,
657 1693 687 1745 et
704 1679 850 1742 Stellatem
868 1699 969 1756 agrum
991 1679 1131 1738 dividant.
1156 1681 1288 1758 Denique

266 1781 297 1852 9⁰
307 1775 402 1854 capite
414 1775 484 1853 legis
495 1773 730 1853 quadragesimo,
751 1787 785 1832 ut
796 1794 862 1852 quae
876 1787 943 1854 post
963 1779 995 1834 C.
1013 1775 1154 1848 Marium,
1167 1779 1219 1834 Cu.
1233 1781 1290 1834 Pa-

267 1872 375 1950 pirium
391 1871 553 1930 Carbonem
567 1871 699 1940 consules
716 1869 851 1942 aedificia,
868 1871 943 1948 agri,
963 1871 1058 1944 lacus,
1074 1884 1190 1950 stagna,
1207 1873 1287 1944 loca,

264 1969 460 2047 possessiones
472 1966 588 2046 publice
601 1965 682 2038 data,
696 1965 854 2043 assignata,
875 1964 993 2024 vendita
1012 1985 1148 2025 concessa
1165 1968 1236 2039 sint,
1254 1985 1289 2025 ea

267 2064 363 2124 omnia
381 2082 417 2122 eo
430 2063 496 2140 jure
510 2063 582 2136 sint,
596 2075 629 2134 ut
639 2081 705 2139 quae
718 2061 830 2140 optimo
845 2059 912 2138 jure
926 2059 1034 2139 privati
1047 2060 1219 2139 possideant.

306 2164 390 2220 Hauc
402 2160 490 2237 igitur
503 2158 596 2238 legem
609 2157 712 2235 Cicero
727 2159 908 2216 consulatum
929 2176 1077 2234 aggressus
1096 2159 1209 2216 kalend.
1228 2159 1289 2237 jan.

266 2258 353 2340 (Geli.
368 2262 451 2321 Noct.
466 2261 526 2317 Att.
544 2260 635 2329 XIII,
652 2255 717 2333 ²4),
728 2275 773 2326 an.
789 2257 955 2332 11.c.690,
971 2255 1002 2312 in
1019 2268 1121 2314 senatu
1139 2255 1288 2329 dissuasit,

268 2376 327 2434 quo
342 2355 469 2434 primum
493 2352 541 2412 die
563 2353 760 2430 magistratum
777 2351 855 2422 iniit;
873 2371 994 2430 eamque
1014 2353 1175 2413 orationem
1188 2352 1291 2413 habuit

266 2473 330 2530 qua·
344 2453 437 2530 prima
451 2463 552 2509 contra
565 2451 682 2509 Rullum
697 2449 871 2509 inscribitur.
880 2447 991 2508 Ve'rum
1007 2449 1056 2508 illa
1070 2449 1107 2509 ad
1121 2470 1174 2510 nos
1187 2464 1289 2510 trunca

265 2562 295 2608 et
308 2549 408 2614 mutila
422 2547 573 2626 pervenit3
589 2544 704 2605 duobus
715 2545 861 2626 prioribus
874 2545 949 2604 foliis
960 2547 1030 2604 olim
1045 2566 1062 2605 a
1077 2547 1191 2617 codice,
1203 2567 1289 2626 equo

269 2646 444 2704 recentiores
458 2643 619 2715 fluxerunt,
633 2641 772 2700 abscissis.
782 2640 868 2716 Quod
878 2640 938 2718 jam
953 2654 1105 2702 monuerat
1117 2643 1148 2704 iu
1160 2644 1289 2702 Palatino

269 2743 366 2822 primo
380 2739 556 2818 adscriptum
569 2744 727 2811 Gruterus,
744 2738 801 2796 boc
819 2759 896 2802 nunc
915 2739 1033 2810 omnino
1053 2739 1224 2812 confirmant
1239 2738 1291 2797 do·

268 2838 387 2898 ctissimi
399 2837 503 2915 angeli
518 2836 588 2895 Maii
601 2837 633 2894 io
647 2835 801 2908 Ambrosia
814 2834 991 2906 bibliotheca
1004 2834 1228 2914 disquisitiones,
1238 2837 1289 2914 qni

267 2937 342 3016 (Cic.
357 2947 431 2993 orat.
444 2933 545 3011 fragm.
558 2951 623 3012 pag.
634 2933 703 3010 236)
715 2931 776 3004 baec
790 2932 854 3010 ipsa
867 2932 922 3010 legi
935 2931 972 2994 ad
984 2935 1037 2999 MS
1052 2936 1085 2991 C.
1098 2934 1135 3008 96
1153 2945 1287 2998 testatur:

265 3061 278 3086 a
288 3037 322 3090 ln
332 3030 460 3110 quodam
472 3030 591 3106 antiquo
602 3028 701 3092 codice
715 3027 820 3094 desunt
831 3029 862 3094 in
873 3027 1019 3109 principio
1028 3027 1087 3087 duo
1102 3029 1187 3103 folia3
1200 3049 1289 3108 quare

267 3132 324 3190 boo
339 3152 398 3192 nou
411 3143 455 3188 est
467 3127 641 3212 principium
656 3129 832 3198 orationiss„

227 3349 261 3403 ln
273 3361 308 3400 eu
321 3353 405 3419 parte
418 3357 483 3416 quae
498 3351 644 3416 superest,
664 3337 789 3416 primum
808 3337 909 3398 Cicero
927 3336 1054 3396 ostendit
1075 3337 1207 3413 iniquum
1227 3355 1289 3394 esse

264 3456 385 3516 regnum
395 3435 514 3514 AEgypti
526 3434 695 3492 decemviris
707 3434 798 3506 tradi,
811 3435 862 3493 etsi
875 3433 987 3506 dicant,
1001 3445 1068 3511 post
1084 3432 1214 3494 consules
1227 3433 1291 3492 Sul-

265 3539 324 3596 lam
344 3547 374 3593 et
396 3531 580 3610 Pompeium,
598 3531 654 3588 hoc
676 3551 793 3609 regnum
812 3531 887 3610 regii
902 3529 1048 3598 Ptolemaei
1065 3527 1222 3588 Alexandri
1246 3533 1291 3589 111

267 3641 437 3694 testamento
462 3627 565 3706 populi
588 3628 701 3685 romani
726 3647 788 3685 esse
812 3627 929 3689 lactum.
956 3624 1069 3685 Deinde
1103 3625 1291 3704 reprehendit

264 3731 384 3791 Rullum
400 3725 479 3804 quod
496 3725 557 3801 lege
574 3743 625 3791 sua
636 3723 800 3800 vectigalia,
817 3736 847 3782 ct
860 3724 1022 3784 auctionem
1035 3722 1220 3802 publicorum
1234 3721 1291 3782 bo-

266 3846 370 3887 norum
387 3821 563 3904 proscribat;
574 3820 653 3900 quod
665 3820 765 3880 silvam
780 3821 925 3880 Scantiam
935 3862 945 3889 ‚
955 3820 1045 3880 ltaliae
1056 3833 1086 3878 et
1102 3819 1205 3880 Siciliae
1221 3838 1292 3897 pos·
1353 3826 1355 3833 ’

264 3924 404 3983 sessiones
415 3920 541 3980 vendere
557 3918 642 3991 velit,
658 3917 737 3996 quod
748 3918 851 3995 jubeat
866 3919 966 3976 venire
980 3937 1064 3994 agros
1084 3917 1289 3988 Attalensium,

261 4033 290 4078 ct
308 4020 537 4097 Olympenorum
558 4018 600 4094 (iu
620 4013 816 4095 Pamphylia),
838 4035 922 4095 agros
943 4015 973 4073 in
994 4014 1166 4074 Macedonia
1185 4011 1289 4092 regios,
