3018 4664
531 349 913 422 ARGUMENTUM.
1185 347 1255 426 383

224 469 391 530 mutuastis
409 469 542 550 pottieeri
556 469 669 530 tabutas
678 487 786 543 norm,
799 469 1043 550 proscriptiones
1059 465 1255 552 lorupiatam,

224 570 425 646 magistratus,
439 567 617 641 sacerdotia,
630 569 747 648 rapinae
757 611 765 638 ,
775 570 830 628 alia
844 569 955 639 omnia,
968 585 1034 647 quse
1046 569 1156 630 betium
1169 585 1255 653 atque

223 666 325 726 lubido
341 667 484 725 victorum
506 667 572 725 iert.
593 671 736 726 Praeterea
750 683 813 725 esse
825 667 854 726 iu
869 667 1008 745 Hispania
1024 667 1158 727 m‘teriore
1173 667 1256 732 Piso-

222 783 287 824 nem
298 807 307 836 ,
319 765 349 824 iu
360 767 541 822 Mauretania
552 783 618 822 eum
631 763 761 822 exercitu
773 767 806 822 P.
815 763 931 823 Sittium
943 764 1132 836 Nucerinum,
1144 769 1258 828 consilii

222 863 267 921 sui
283 861 457 940 participem
473 873 573 939 petere
587 862 769 920 coustitutum
783 865 815 921 C.
829 861 1010 933 Antonium,
1024 879 1111 938 quem
1124 862 1179 922 sibi
1192 866 1255 924 ool-

223 959 314 1038 iegam
330 959 392 1016 iore
406 969 554 1037 speraret,
569 956 718 1016 homiuem
732 973 762 1017 et
776 957 945 1016 familiarem
962 973 991 1016 et
1004 956 1139 1018 omuibus
1153 975 1255 1021 uestes-

222 1051 396 1114 situdinibus
412 1055 639 1113 circumventum
651 1075 659 1125 3
684 1071 750 1114 rum
765 1071 801 1113 eo
815 1071 846 1112 se
860 1055 1009 1113 eousuiem
1026 1055 1140 1114 initium
1152 1057 1255 1136 agendi

222 1149 376 1212 iacturum.
399 1153 446 1212 Ad
462 1152 521 1211 hor
544 1152 705 1211 maledictis
727 1153 859 1230 increpat
877 1169 978 1210 omues
1001 1150 1110 1223 bonos,
1133 1169 1253 1214 suorum

221 1267 457 1328 unumquemque
479 1249 632 1308 nominans
653 1245 788 1319 laudaret
799 1247 981 1318 admouebat
1000 1247 1089 1308 alium
1102 1251 1254 1328 egestatis,

221 1344 389 1424 mrpiditatis
401 1361 475 1416 suar,
484 1345 649 1422 complures
662 1344 785 1422 periculi
798 1355 848 1402 aut
861 1343 1035 1422 ignominiae,
1046 1341 1154 1402 multos
1164 1346 1253 1406 vieto-

222 1441 273 1500 ria
285 1442 425 1514 Sullam,
440 1440 547 1520 quibus
557 1459 591 1500 ea
603 1441 709 1520 praedm
722 1441 825 1499 furerat.
837 1447 993 1520 Postquam
1003 1442 1133 1499 omnium
1144 1441 1256 1504 animos

123 1579 127 1586 .
222 1539 330 1596 aiaerea
342 1537 435 1610 videt,
452 1538 637 1610 exhortatus,
662 1551 694 1596 ut
715 1538 885 1616 petitionem
901 1557 982 1596 suam
1002 1555 1079 1596 curae
1095 1537 1254 1612 habereut,

223 1647 397 1694 conventum
425 1635 572 1694 dimisit...
594 1633 652 1694 Sed
675 1635 707 1692 iu
728 1651 764 1691 ea
786 1633 978 1692 conuentione
1000 1633 1055 1692 iuit
1074 1639 1110 1706 Q.
1136 1636 1256 1710 Cutius,

222 1743 307 1790 uatus
321 1731 399 1790 haud
417 1731 544 1791 obscuro
558 1733 637 1802 ioco,
662 1729 777 1809 flagitiis
791 1741 878 1808 atque
893 1727 1069 1788 facinoribus
1082 1744 1254 1810 coopertus,

222 1843 307 1905 quem
320 1845 453 1887 censores
464 1839 565 1887 senatu
580 1825 683 1906 probri
692 1827 786 1904 gratia
800 1839 962 1884 moverant.
977 1827 1052 1886 Huic
1067 1827 1180 1886 homiui
1193 1845 1255 1888 non
1313 1817 1317 1836 ¹

221 1924 317 1982 tuinor
330 1927 444 1984 ventas
457 1943 543 2004 quam
558 1924 679 1983 audacia
693 1924 804 1995 inerat,
828 1941 924 2002 neque
939 1924 1060 1983 mutere
1072 1939 1139 2003 quat
1150 1921 1254 1986 audie-

108 2023 111 2028 '
221 2033 281 2093 rat,
297 2037 392 2101 neque
406 2035 518 2081 suamet
531 2023 596 2100 ipse
608 2023 717 2080 scetere
735 2021 896 2092 oecultum
910 2037 1030 2099 prorsus
1047 2039 1142 2100 neque
1157 2023 1254 2082 disere

221 2135 316 2196 aeque
338 2121 434 2177 iacere
451 2118 611 2197 quidquam
635 2119 718 2196 pensi
742 2115 878 2179 habebat.
905 2118 976 2176 Erat
1000 2119 1026 2176 ei
1047 2135 1113 2176 eum
1135 2119 1255 2190 Fuluia,

222 2211 342 2274 muiiere
356 2216 458 2287 nobili,
467 2217 561 2293 stupri
574 2227 657 2272 vetus
673 2215 869 2284 eomuetudoa
885 2215 932 2272 eui
945 2232 1034 2292 quum
1048 2217 1144 2274 mistus
1157 2229 1255 2294 gratus

222 2327 308 2384 esset,
322 2313 390 2389 quia
404 2313 502 2389 inopia
516 2311 611 2370 minus
629 2307 726 2389 largiri
741 2322 872 2389 poterat,
888 2325 1008 2388 repente
1024 2311 1150 2388 gioriam
1163 2315 1253 2374 maria

221 2421 390 2485 montesque
406 2408 537 2486 poitioer't
550 2407 652 2485 ooepit;
674 2405 778 2464 minari
794 2405 941 2464 intertium
955 2402 1034 2466 terro
1052 2408 1107 2466 uisi
1124 2407 1251 2471 obnoxia

222 2504 314 2578 foret,
331 2515 478 2583 postremo
495 2503 620 2562 ieroeius
637 2503 760 2582 agitare,
776 2517 864 2580 quam
882 2503 984 2561 solitus
1001 2515 1081 2562 orat..
1093 2507 1133 2563 At
1151 2509 1252 2567 Fuivia

221 2600 381 2661 inmtenuae
393 2601 473 2661 Curii
489 2617 575 2658 causa
595 2600 726 2676 cognita,
744 2598 799 2656 tale
814 2599 974 2677 periculum
995 2600 1163 2677 reipublicae
1174 2603 1252 2662 hattd

221 2701 366 2758 occuitum
380 2696 498 2766 habuit,
508 2696 559 2756 sed
571 2695 689 2755 sarbiato
702 2707 825 2752 auctore
837 2693 875 2752 de
886 2695 1016 2752 Catilina
1030 2696 1250 2774 conjuratione,

221 2809 285 2874 quae
302 2815 421 2874 quoque
440 2794 531 2853 modo
550 2793 695 2864 audierat,
710 2791 911 2870 oompiuribus
929 2792 1066 2850 narravit„
1090 2798 1131 2852 Ea
1152 2811 1198 2853 tes
1223 2798 1252 2856 iu

220 2893 321 2971 primis
341 2892 436 2950 studia
456 2889 607 2950 homiuum
631 2887 762 2948 accendit
784 2886 820 2944 ad
846 2889 1027 2946 consulatum
1058 2887 1252 2952 mandandum

221 2995 262 3048 M.
281 2989 377 3047 Tuiiio
396 2989 569 3048 cicerum...
593 2987 687 3062 tp'tur
709 2985 837 3043 comitiis
854 2983 980 3054 habitis,
1004 2987 1138 3044 consules
1156 2989 1253 3048 decia-

221 3099 324 3142 rarttur
337 3089 377 3144 Μ.
393 3084 505 3144 Tuiims
519 3095 549 3142 et
562 3087 595 3146 C.
606 3085 751 3140 Antonius
764 3107 784 3138 ι.
797 3085 943 3140 Hactenus
955 3081 1115 3141 Sallustius
1130 3088 1199 3144 Post
1210 3107 1253 3146 re·

221 3181 332 3259 pulsam
345 3180 481 3253 Catilina,
488 3197 580 3258 quum
590 3183 623 3241 C.
630 3179 724 3238 tutius
738 3181 833 3238 caesar
843 3178 1030 3254 questionem
1045 3178 1127 3237 inter·
1134 3179 1253 3244 sicarios

220 3291 386 3350 exerceret,
399 3293 465 3336 reus
482 3276 572 3336 fartus
589 3289 632 3336 eat
645 3293 663 3334 a
677 3279 711 3335 L.
724 3274 836 3347 teano,
851 3275 933 3354 quot
944 3277 1049 3335 muitus
1061 3293 1078 3336 a
1091 3280 1170 3338 Suiia
1187 3301 1254 3360 pro-

221 3379 343 3456 scriptos
365 3374 534 3447 occidisset,
558 3375 665 3433 iterum
679 3385 775 3431 tamen
797 3371 946 3431 absoiuurs
966 3379 1019 3437 est.
1039 3379 1125 3434 Anno
1141 3381 1178 3437 U.
1192 3380 1251 3456 690

220 3475 342 3533 Catilina
356 3474 407 3552 qui
421 3475 531 3531 interea
547 3473 637 3531 muita
654 3469 750 3529 metiri
768 3484 798 3528 et
813 3485 917 3549 parare
930 3489 990 3528 nou
1005 3469 1169 3544 destiterat,
1186 3495 1252 3553 quae

220 3569 257 3628 ad
273 3572 391 3630 consilia
419 3569 450 3628 iu
475 3568 684 3648 rempubircam
712 3566 888 3646 perficienda
912 3581 1092 3645 spectarent,
1112 3571 1251 3631 consuia-

222 3679 282 3724 tum
299 3667 330 3724 iu
348 3685 456 3724 anuum
475 3666 641 3744 proximum
659 3677 763 3744 petere
784 3679 870 3722 maus
893 3671 950 3736 eat3
963 3689 975 3716 κ
986 3667 1248 3744 ερεταωξδειῐὴιεῑ.

221 3781 246 3820 e.
260 3763 335 3836 26),
350 3763 373 3820 si
387 3762 551 3839 designatus
565 3763 655 3833 iuret,
670 3761 757 3820 facite
772 3781 802 3819 se
820 3779 857 3819 ex
871 3762 1024 3819 voluntate
1035 3763 1166 3820 Antonio
1179 3778 1250 3826 usu-

221 3877 294 3917 mna.
312 3861 414 3935 Neque
434 3859 543 3926 interea
562 3859 679 3936 quietus
699 3869 779 3928 erat,
805 3855 858 3914 sert
874 3855 1010 3915 omuibus
1025 3855 1118 3915 modis
1134 3859 1253 3922 insidias

221 3953 343 4034 parabat
356 3954 500 4015 citerani.
514 3959 615 4032 tteque
625 3955 668 4014 iiii
680 3967 775 4013 umen
787 3953 822 4012 ad
834 3951 995 4011 caventem
1006 3953 1100 4025 deiru,
1111 3969 1161 4014 aut
1174 3971 1254 4018 astu-

223 4053 273 4110 tite
286 4051 415 4114 deerant.
434 4051 601 4128 temque·
622 4050 769 4128 principio
786 4049 955 4108 etmatriatus
973 4069 1033 4122 sur,
1057 4051 1147 4110 natue
1162 4057 1251 4134 potii.
