2976 4670
333 420 424 490 'PRO
449 417 814 488 JURECONSULTIS
838 417 1054 490 ROMANIS.
1140 417 1225 517 '593

157 542 259 609 modo
277 541 464 608 contentius
484 538 649 623 canendo,
667 538 716 616 ¹ad
736 523 897 605 huncvel
919 539 1012 604 illum
1032 541 1225 608 histrionem

142 647 193 715 'se
208 664 454 729 converterent,
472 662 504 710 et
521 644 653 711 dicendi
671 645 853 736 agendique
872 647 1032 712 rationem
1052 670 1113 712 suo
1127 665 1226 714 cantu

158 754 384 836 ostenderent,
411 769 444 818 et
460 752 741 818 moderarentur».
767 755 801 818 si
818 753 949 828 Livium
966 752 1012 842 (ι)
1034 756 1225 840 contuleris,

158 863 209 927 his
226 862 334 926 forsan
357 860 551 948 acquiesces.
574 859 817 924 Potesttamen
843 860 1007 924 Ciceronis
1028 859 1132 924 ironia
1154 878 1187 926 et
1211 885 1230 926 a

158 969 255 1034 sacris
277 966 374 1033 dueta
396 989 482 1050 esse,
510 967 633 1055 quibus,
651 989 778 1055 semper
795 965 843 1056 (u)
875 967 1094 1055 praecinebant
1121 967 1228 1032 tibici-

159 1097 234 1156 nes,
251 1074 302 1138 vel
317 1074 414 1138 etiam
430 1097 448 1137 a
469 1095 505 1136 re
522 1072 651 1137 militari
665 1073 699 1136 in
717 1096 782 1161 qua
796 1071 836 1138 ad
857 1073 944 1138 tibine
959 1089 1094 1136 cantum
1110 1074 1227 1137 milites

22 1197 25 1234 ῑ
92 1241 99 1248 .
159 1179 364 1244 incedebant.
381 1177 444 1242 Sed
457 1200 507 1241 res
521 1178 660 1242 obscura
676 1193 734 1242 est.

208 1322 365 1408 Utrisque¹
384 1283 617 1406 superstitibus,
652 1332 713 1382 etc.
755 1320 878 1384 Omnes
911 1319 968 1384 has
1000 1319 1226 1384 vindicationis

159 1425 314 1490 formulas
328 1424 459 1489 abunde
474 1424 714 1513 explicuerunt,
741 1441 773 1489 et
784 1426 871 1490 Festi
883 1426 994 1490 locum
1007 1424 1056 1514 (3)
1069 1442 1227 1490 notarunt

159 1533 229 1595 VV.
249 1533 314 1596 EE.
337 1553 420 1618 quos
439 1546 535 1594 antea
555 1529 700 1612 laudavi,
719 1553 827 1618 neque
846 1531 880 1594 in
897 1553 1012 1596 eorum
1028 1530 1122 1594 dietis
1139 1555 1229 1620 repr-

161 1635 267 1700 tendis
282 1653 412 1724 tempus
430 1650 479 1700 est
492 1632 675 1700 terendum.

205 1779 306 1868 Apud
330 1777 403 1842 illos
430 1777 587 1842 barbatos.
613 1778 739 1843 Priscos
765 1801 919 1843 romanos
942 1779 1082 1848 barbam
1114 1779 1230 1844 aluisse

161 1883 424 1966 animadvertit,
438 1902 470 1950 et
490 1885 655 1949 Ciceronis
671 1908 732 1973 pro
744 1886 844 1954 Coelio
860 1884 908 1974 (4)
924 1885 1022 1950 verba
1035 1886 1100 1949 huc
1124 1887 1231 1950 attulit

161 1992 362 2056 Camerarius
390 1987 448 2078 (5).
480 1990 614 2054 Consuli
639 2013 772 2079 quoque
799 2007 958 2079 possunt,
983 1991 1103 2079 quide
1131 1991 1256 2082 Coma,

161 2098 378 2185 seripserunt,
395 2095 528 2179 Junius,
541 2095 733 2179 Salmasius,
750 2098 848 2160 ceteri
864 2095 923 2186 (6).

175 2272 181 2278 ·
209 2235 348 2323 Quando
368 2237 490 2322 injure
511 2249 543 2300 te
566 2237 743 2321 conspicio,
766 2252 827 2300 etc.
850 2236 948 2300 Plura
971 2236 1129 2326 disputari
1150 2260 1228 2325 pos·

162 2359 241 2407 sunt
265 2339 305 2406 de
329 2341 391 2405 hac
416 2339 572 2422 formula,
602 2363 700 2428 quam
727 2357 829 2406 totam
854 2342 898 2405 ita
923 2341 1055 2406 exhibet
1080 2343 1227 2407 Valerius

197 2571 237 2642 (ι)
255 2573 308 2623 lib.
317 2573 379 2633 vn,
394 2587 450 2637 cap.
462 2586 487 2620 s.

22 2639 23 2648 .
103 2650 106 2660 Ι
197 2669 237 2736 (a)
254 2668 318 2718 Vide
330 2667 442 2728 Lirinus,
454 2667 503 2717 lib.
513 2667 568 2728 11,
583 2683 636 2732 cap.
650 2669 690 2716 so.

198 2767 237 2834 (3)
253 2770 283 2815 ln
299 2783 322 2814 e.
335 2763 480 2830 superstites.

197 2864 238 2929 (4)
250 2863 312 2926 Cap.
325 2869 367 2918 rt.
381 2860 445 2908 Vide
457 2873 556 2924 qnoque
567 2859 706 2907 Msnutinrn
717 2857 748 2906 sd
757 2858 782 2906 h.
794 2855 810 2906 l.

198 2959 237 3025 (5)
254 2962 284 3006 ln
298 2959 364 3006 notis
378 2955 410 3005 sd
422 2956 449 3004 lr.
463 2955 484 3004 l.

199 3053 238 3120 (6)
257 3058 329 3104 iinnc
345 3053 428 3102 locum
444 3051 543 3117 respicit
562 3051 613 3101 Cel.
631 3051 721 3117 Georg.
738 3053 845 3118 Beyerns
867 3051 894 3099 in
912 3051 1056 3116 prelatione
1075 3056 1227 3121 apologetica

164 3161 211 3210 pro
224 3147 240 3194 J
241 3143 293 3192 Ctis
306 3143 424 3201 romanis,
441 3141 566 3206 praemissu
575 3140 710 3188 Erummeri
720 3140 862 3206 opusculis,
872 3157 948 3204 quum
962 3143 1008 3190 uit:
1022 3143 1093 3191 uJarn
1101 3161 1176 3208 porro
1186 3164 1229 3196 co·

165 3234 241 3297 giles,
255 3247 352 3296 quteso,
366 3231 394 3279 B.
404 3233 432 3280 1..
443 3246 476 3277 sn
488 3229 554 3276 bons
571 3227 621 3277 lide
642 3239 680 3276 tot
694 3229 794 3290 injurius
810 3229 836 3276 in
848 3240 929 3277 actum
942 3231 1097 3282 innocentem
1111 3235 1226 3284 elluderit

164 3322 273 3378 Tullius,
286 3319 384 3384 qnando
396 3328 503 3366 retorem
513 3316 650 3381 loquaciter
660 3317 808 3382 litigiosum,
824 3319 1025 3380 jurisconsultum
1037 3321 1163 3372 tibicinem
1174 3324 1228 3372 lati·

165 3427 239 3470 nurn,
263 3419 391 3474 praetorem
410 3407 523 3455 camninis
542 3405 641 3455 absurdi
657 3417 681 3455 et
697 3406 791 3455 inutilis
810 3419 934 3456 cantorem
954 3409 1103 3470 criminatur,
1123 3422 1148 3459 et
1160 3414 1228 3478 apud

164 3498 282 3548 barbaros
294 3495 424 3544 ridiculum
442 3511 494 3542 esse
504 3495 614 3554 juctitst,
627 3493 739 3542 homines
756 3511 832 3558 quum
852 3508 916 3544 recte
929 3507 1002 3561 utque
1019 3497 1045 3545 in
1063 3499 1121 3547 loco
1140 3503 1229 3566 consti-

164 3587 249 3635 tissent
256 3621 263 3645 ‚
270 3585 351 3647 juberi
363 3584 441 3642 sbire,
454 3593 499 3641 ut,
512 3582 579 3632 uncle
589 3581 716 3641 abiissent,
726 3583 812 3630 eodem
822 3584 901 3630 stetim
911 3584 1036 3634 redirent?
1048 3587 1090 3634 Au
1099 3603 1150 3635 non
1160 3603 1228 3652 aeque

163 3675 276 3738 ineptum
287 3685 313 3723 et
325 3672 457 3722 ridiculum
467 3670 572 3719 bsrbsro
582 3669 712 3728 ridebitur,
726 3681 774 3720 etc.
783 3693 796 3713 ι
813 3673 851 3719 Ex
861 3671 950 3736 quibus
966 3683 1034 3738 putet
1049 3675 1076 3720 in
1092 3673 1141 3723 lroc
1155 3675 1227 3724 Cice·

164 3763 232 3809 ronis
244 3760 330 3822 loco,s
340 3760 406 3826 epod
419 3759 474 3807 illos
487 3759 602 3808 barbaros
610 3780 638 3818 n,
649 3773 696 3822 pro
704 3759 818 3808 buriates
826 3759 913 3823 legisse
922 3762 955 3808 V.
965 3761 1016 3810 Cel.
1026 3760 1113 3809 vitiose
1121 3763 1230 3812 editione

165 3849 305 3913 deceptum,
321 3847 404 3912 quales
416 3863 509 3896 errores
521 3847 624 3895 incuntis
635 3846 765 3910 sepissime
776 3847 908 3908 excidunt,
921 3859 946 3896 et
965 3849 992 3896 in
1009 3848 1057 3898 hoc
1073 3865 1128 3898 meo
1144 3851 1228 3915 Speci-

164 3937 229 3984 rnine
242 3935 323 4000 plures
336 3935 439 3983 forsitan
447 3935 618 3992 invenientur,
634 3931 738 3998 qnorum
753 3935 852 4000 gratiam
868 3935 940 3982 etism
953 3946 1025 3999 utque
1038 3937 1109 3984 etiarn
1124 3952 1178 3988 oro.
1191 3939 1228 3987 Cl.

118 4031 119 4034 ’
164 4023 270 4074 bacchio
282 4023 335 4071 bue
352 4023 428 4071 Tullii
440 4033 521 4086 satyra
534 4022 662 4070 obversata
674 4037 772 4089 quoque
790 4022 863 4071 luisse
876 4021 984 4082 ridetur,
1003 4024 1030 4071 in
1043 4025 1185 4088 praelatione
1197 4027 1229 4075 sd
1301 4015 1305 4026 ’

165 4127 227 4176 opus
238 4111 354 4159 brissonii
366 4109 396 4158 de
406 4109 538 4168 Formulis,
549 4126 605 4175 pag.
616 4111 640 4160 3.

238 4202 302 4268 ΙΙΙ.
328 4217 372 4262 cn.
382 4230 438 4280 pars
449 4212 558 4260 secunda.
1069 4199 1112 4270 38
