3026 4680
212 445 1276 478 mmmmmmmmmm

461 677 1029 785 ARGUMENTUM.

211 935 336 1000 Catilina
351 958 382 997 sc
397 955 434 996 ex
447 935 528 995 curia
543 933 663 994 domum
685 933 850 1013 proripuit:
864 931 907 992 ibi
922 932 1013 992 multa
1027 951 1125 991 secum
1144 933 1207 1013 ipsc
1221 935 1287 994 rol-

251 1057 340 1108 rens,
357 1033 437 1113 quod
452 1053 547 1112 neque
560 1031 673 1092 insidiae
687 1031 798 1090 consuli
815 1029 1030 1110 procedebant,
1052 1043 1082 1088 et
1097 1029 1134 1088 ab
1151 1031 1288 1092 incendio

250 1130 430 1211 intelligebat
449 1129 553 1188 urbem
577 1129 683 1207 vigiliis
710 1129 864 1200 munitam3
897 1128 1040 1206 optimum
1067 1127 1145 1186 factu
1170 1128 1290 1189 credens

251 1231 412 1290 exercitum
430 1250 553 1309 augere,
578 1249 612 1288 ac
628 1227 796 1308 priusquam
820 1225 948 1305 legiones
964 1225 1180 1298 scriberentur,
1197 1230 1290 1288 multa

252 1342 425 1406 antecapere
438 1346 503 1406 quae
516 1323 596 1412 bello
609 1325 675 1384 usui
685 1323 798 1394 forent,
809 1333 894 1382 nocte
908 1321 1096 1402 intempesta,
1108 1344 1174 1382 cum
1189 1326 1290 1402 paucis

251 1427 282 1485 in
299 1426 436 1485 Malliana
457 1440 550 1485 castra
567 1424 716 1504 proiectus
739 1435 790 1482 est.
813 1422 871 1482 Sed
893 1423 1023 1501 Cethego
1040 1435 1127 1500 atque
1150 1424 1290 1499 Lentulo,

253 1523 428 1602 ceterisque,
451 1539 576 1601 quorum
594 1533 771 1599 cognoverat
784 1532 950 1598 promptam
965 1518 1133 1590 audaciam,
1156 1518 1291 1595 mandat„

252 1618 359 1697 quibus
375 1615 462 1678 rebus
476 1631 612 1698 possent,
636 1637 709 1696 opes
727 1615 860 1676 factionis
881 1615 1068 1688 confirment,
1083 1615 1202 1674 insidias
1216 1635 1291 1674 con·
1383 1669 1390 1678 .

253 1717 309 1776 suli
322 1729 482 1790 maturent,
502 1713 629 1789 caedem,
643 1714 793 1787 incendia,
808 1714 922 1791 aliaque
935 1711 1007 1772 belli
1020 1713 1150 1771 facinora
1167 1726 1289 1792 parent,

254 1833 315 1873 sese
339 1834 433 1894 prope
446 1814 523 1874 diem
541 1833 607 1873 cum
632 1831 740 1891 magno
765 1809 896 1871 exercitu
920 1809 958 1870 ad
974 1805 1077 1869 urbem
1094 1829 1289 1870 accessurum.

253 1914 321 1972 Sall.
336 1931 399 1993 cap.
416 1915 463 1972 32.

292 2011 353 2085 Qui
364 2008 415 2069 ubi
427 2011 555 2090 primum
569 2007 718 2090 proiectus
732 2017 791 2080 est,
801 2016 920 2087 postero
931 2005 993 2080 die,
1003 2027 1021 2064 v
1032 2004 1073 2065 id.
1085 2025 1154 2065 nov.
1164 2007 1196 2086 (9
1208 2004 1291 2085 nov.)

253 2108 356 2167 Cicero
373 2106 516 2167 concione
528 2120 631 2166 vocata
647 2099 718 2186 quid
738 2121 836 2165 actum
850 2117 923 2164 esset
941 2104 1084 2183 populum
1104 2103 1232 2162 edocuit.
1255 2105 1291 2166 ld

253 2206 400 2285 praecipue
412 2219 524 2286 spectat
537 2219 646 2275 orator,
660 2218 692 2264 ut
702 2205 902 2284 salsosarguat
912 2202 1206 2262 rumoresaCatiliuae
1219 2223 1293 2262 con-

253 2303 319 2361 sciis
333 2323 370 2361 ex
382 2302 526 2363 industria
536 2324 667 2383 sparsos,
679 2293 750 2362 dum
762 2303 839 2360 illius
854 2321 924 2380 opes
938 2314 968 2360 et
980 2298 1149 2378 reipublicae
1164 2300 1294 2378 pericula

254 2398 353 2457 verbis
370 2413 479 2476 augent
501 2413 531 2458 et
549 2400 700 2458 extollunt.
718 2399 821 2456 Cicero
840 2411 936 2456 autem
950 2399 1088 2475 potentiae
1104 2416 1232 2456 romanae
1248 2410 1298 2456 tu-‘

253 2494 439 2553 multuariam
465 2493 541 2554 hanc
566 2495 711 2554 latronum
740 2493 855 2552 turbam
875 2493 958 2552 tacite
982 2513 1128 2552 cessuram
1149 2494 1293 2570 ostendit3

235 2594 239 2600 “
253 2610 340 2668 quam
355 2591 428 2651 adeo
440 2611 500 2650 non
515 2592 616 2662 timet,
630 2603 778 2649 utcontra
792 2609 867 2668 aegre
882 2589 957 2647 serat
971 2608 1031 2648 non
1047 2609 1148 2649 omnes
1162 2592 1292 2652 Catilinae

253 2687 386 2748 conscios
402 2709 468 2748 cum
483 2685 558 2748 duce
576 2707 638 2747 esse
653 2683 813 2767 proiectos.

293 2789 338 2844 Ac
364 2786 460 2866 primo
489 2782 607 2863 quidem
632 2785 744 2864 populo
769 2778 899 2842 Catilinae
928 2780 1085 2841 discessum
1112 2783 1293 2861 gratulatur,

254 2904 317 2963 cap.
330 2907 353 2943 r.
366 2886 479 2945 Deinde
489 2905 520 2944 se
532 2897 662 2955 excusat,
674 2882 754 2962 quod
769 2892 826 2941 tam
838 2880 991 2960 capitalem
1002 2880 1171 2960 reipublicae
1180 2883 1294 2944 hostem

254 3002 313 3040 non
321 2983 575 3062 comprehenderit
585 2980 682 3060 potius
695 2999 782 3059 quam
793 2979 922 3039 emiserit
927 3001 936 3052 3
949 2978 1134 3058 ostenditque
1145 2967 1220 3039 hanc
1232 3002 1293 3041 non

255 3097 317 3137 csse
327 3097 408 3136 suam
422 3080 555 3156 culpam,
566 3073 617 3136 sed
632 3089 809 3157 temporum.
821 3073 882 3135 Etsi
892 3077 967 3134 cuitu
981 3076 1132 3136 Catilinam
1148 3078 1294 3156 supplicio

255 3171 392 3234 allectum
405 3175 581 3255 jampridem
596 3176 778 3255 oportuerit,
802 3174 908 3233 multos
923 3187 1019 3232 tarnen
1034 3173 1135 3248 luisse,
1160 3176 1211 3254 qui
1227 3197 1293 3256 quae

254 3274 285 3332 in
300 3274 385 3332 istum
403 3273 499 3332 delata
514 3285 627 3346 essent,
649 3291 708 3331 non
723 3269 883 3342 credituri,
900 3271 1007 3330 multos
1020 3271 1071 3350 qui
1085 3272 1232 3332 defensuri
1246 3295 1295 3335 cs·

255 3384 328 3430 sent.
350 3375 493 3430 Preterea
507 3372 538 3430 'se
552 3368 674 3443 vidisse,
688 3370 713 3427 si
729 3381 823 3428 morte
837 3369 975 3427 multatus
987 3381 1063 3428 essct
1078 3369 1214 3440 Catilina,
1228 3373 1292 3433 lore

254 3482 288 3527 ut
300 3467 362 3547 ejus
375 3468 470 3527 socios
482 3466 593 3527 invidia
606 3475 763 3546 oppressus
773 3466 909 3546 persequi
925 3485 986 3524 non
1001 3479 1115 3545 posset,
1128 3487 1155 3526 a.
1169 3471 1214 3527 Ac
1229 3483 1293 3528 tan-

256 3577 316 3624 tum
331 3565 448 3639 abesse,
463 3578 496 3624 ut
510 3583 579 3623 eum
589 3563 704 3622 hostem
720 3563 791 3622 loris
807 3582 870 3622 esse
886 3561 1046 3622 timendum
1060 3574 1160 3642 putet,
1175 3577 1206 3621 ut
1218 3564 1292 3623 illud

256 3662 341 3720 etiam
356 3664 476 3722 moleste
491 3664 581 3734 ferat,
599 3660 680 3741 quod
692 3681 752 3720 uon
766 3680 866 3720 omnes
879 3681 977 3720 secum
992 3679 1058 3720 suas
1069 3658 1168 3737 copias
1181 3655 1294 3719 eduxe-

256 3758 310 3830 rit,
323 3778 373 3817 eos
387 3760 464 3818 enim
477 3759 547 3819 dum
559 3760 590 3819 in
604 3759 679 3819 urbe
689 3761 760 3832 sint,
771 3759 862 3838 magis
876 3756 1048 3817 metuendos
1060 3775 1138 3827 esse,
1149 3755 1176 3813 3.
1190 3761 1294 3835 ltaque

255 3875 305 3916 eos
318 3857 453 3915 hortatur
466 3871 499 3916 ut
511 3872 561 3918 aut
573 3857 647 3918 urbe
660 3871 782 3929 exeant,
791 3872 842 3917 aut
853 3858 1013 3935 quiescant,
1022 3868 1073 3913 aut
1089 3853 1113 3914 si
1125 3855 1194 3912 etin
1206 3851 1293 3930 urbe,

256 3967 285 4012 et
296 3955 325 4012 in
338 3953 438 4013 eadem
449 3968 545 4014 mente
552 3969 755 4034 permaneant,
768 3974 875 4035 eaquae
886 3965 1062 4025 mereantur,
1078 3965 1253 4032 exspectent,
1265 3954 1293 4014 5.

255 4056 330 4110 Tum
345 4052 434 4126 istos,
449 4053 500 4131 qui
513 4053 694 4113 Catiliname
709 4074 739 4113 sc
752 4054 870 4113 consule
884 4053 914 4111 in
929 4050 1061 4110 exsilium
1076 4049 1197 4129 ejectum
1214 4071 1293 4125 esse,

257 4163 433 4230 querantur,
448 4151 490 4213 sic
502 4151 627 4230 refutat,
643 4163 675 4212 ut
689 4165 864 4232 postquam,
885 4149 956 4230 quid
970 4148 1108 4210 hesterno
1127 4147 1175 4210 dic
1197 4163 1294 4211 actum
