3018 4664
449 350 515 418 un
539 351 677 420 nucu
701 352 956 440 tonitui,
981 355 1032 422 11.
1204 353 1269 424 ιιι

208 475 347 546 ciorum
375 468 529 543 urbibus
562 495 603 542 ac
633 469 787 557 finibus,
815 469 852 544 et
876 474 1063 546 vinculum
1091 477 1210 572 pacis,
1238 490 1275 547 et

206 595 487 654 monumentum
515 578 603 651 belli
628 580 877 678 reliquerunt,
899 583 936 655 id
962 608 1027 656 vos
1053 583 1099 656 ab
1125 584 1194 658 illis
1215 611 1275 660 ac-

208 708 376 792 ceptum,
399 690 470 762 boc
489 705 658 779 auctore,
675 690 865 763 vendetis?

254 807 349 874 XIX.
364 805 430 873 Hic
445 801 533 871 mihi
547 811 765 899 parumper1
782 816 923 874 mentes
934 817 1088 894 vestras,
1104 806 1276 896 Quirites,

206 935 437 984 commovere
461 909 599 999 videor,
625 909 715 981 dum
739 908 922 1009 'patefacio
951 912 1075 1002 vobis,
1105 938 1195 1010 quas
1217 917 1276 987 isti

206 1027 352 1122 penitus
384 1020 568 1094 abstrusas
602 1021 749 1093 insidias
787 1046 826 1093 se
858 1026 1021 1120 potuisse
1055 1021 1278 1099 arbitrentur

205 1149 333 1208 contra
362 1139 428 1206 Cn.
462 1135 626 1232 Pompeii
656 1132 879 1230 dignitatem.
913 1137 959 1204 Et
985 1132 1095 1222 mibi,
1132 1159 1276 1231 quaeso,

206 1246 404 1343 ignoscite,
428 1247 457 1315 si
479 1243 622 1343 appello
644 1243 750 1316 talem
776 1247 897 1314 virum
920 1245 1058 1342 saepius.
1087 1249 1163 1343 Vos
1185 1245 1274 1316 mihi

204 1356 371 1454 praetori,
383 1353 536 1425 biennio
550 1368 653 1440 ante,
669 1357 848 1444 Quirites,
867 1354 939 1425 hoc
958 1351 1129 1426 eodem²
1120 1379 1159 1426 in
1173 1355 1273 1444 loco,

203 1489 398 1564 personam
417 1463 538 1536 hanc
529 1467 766 1562 imposuistis,
780 1480 821 1535 ut
830 1464 1152 1562 quibuscumque
1164 1465 1274 1538 rebus

191 1572 369 1673 possem,
401 1573 498 1645 illius
531 1571 716 1646 absentis³
748 1575 959 1672 dignitatem
985 1574 1174 1645 vobiscum
1202 1601 1275 1648 una

100 1729 106 1736 -
203 1699 337 1778 tuerer.
364 1686 447 1756 Feci
472 1684 610 1773 adhuc,
637 1709 718 1782 quae
744 1689 871 1783 potui,
897 1709 1018 1782 neque
1039 1683 1274 1758 familiaritate

202 1795 299 1867 illius
329 1795 527 1885 adductus,
558 1819 627 1867 nec
651 1819 716 1894 spe
741 1795 893 1888 honoris
918 1810 1027 1892 atque
1049 1795 1274 1893 amplissimae

203 1903 406 2001 dignitatis,
440 1930 549 2003 quam
584 1930 670 2004 eg0,
701 1910 768 1976 etsi
794 1906 930 1977 libente
953 1904 1039 1995 illo,
1064 1920 1184 1978 tamen
1209 1906 1273 1978 ab·

202 2029 305 2086 sente
331 2014 393 2086 illo
406 2018 433 2103 ⁴,
465 2039 530 2113 per
558 2039 623 2086 vos
648 2031 897 2114 consequutus
915 2041 1005 2088 sum.
1025 2016 1273 2107 Quamobrem

201 2151 319 2223 quum
352 2126 568 2224 intelligam,
597 2126 692 2198 bano
716 2141 830 2198 totam
857 2126 932 2200 lere
960 2127 1077 2224 legem
1102 2128 1148 2198 ad
1174 2129 1271 2200 illius

201 2260 291 2334 opes
317 2237 550 2320 evertendas,
577 2251 763 2335 tamquam
794 2239 1020 2326 machinam,
1048 2239 1270 2336 comparari3

201 2359 239 2416 et
257 2348 420 2420 resistam
437 2347 594 2419 consiliis
608 2347 820 2439 bominum,
834 2364 871 2420 et
889 2347 1071 2448 perficiam
1087 2347 1268 2446 profecto,

200 2456 302 2554 quod
330 2483 397 2555 ego
424 2459 532 2531 video
558 2464 779 2558 comparari,
803 2474 845 2530 ut
871 2459 910 2531 id
928 2484 992 2536 vos
1010 2461 1168 2530 universi
1192 2484 1268 2531 non
1359 2475 1364 2482 '

200 2567 320 2641 solum
339 2567 460 2640 videre
467 2593 478 2654 ,⁸
498 2593 624 2641 verum
643 2573 750 2642 etiam
766 2567 917 2642 tenere⁵
938 2565 1092 2668 possitis.

249 2677 358 2752 Jubet
373 2682 520 2769 venire,
539 2707 619 2780 quae
639 2682 875 2755 Attalensium
884 2679 912 2769 ⁶,
929 2706 1010 2779 quae
1028 2681 1267 2772 Phaselitum,

199 2911 281 2952 tutem
299 2917 327 2949 et
349 2900 465 2960 victoria,
484 2915 535 2965 prae
553 2899 663 2949 Mamili
681 2916 710 2948 ιο
753 2907 805 2940 non
821 2893 855 2941 ita
872 2891 988 2956 singulari
1003 2890 1116 2955 exemplo
1132 2891 1265 2940 invenitur.

199 2995 352 3046 superiorum
361 2979 451 3028 ducum
459 2978 529 3027 bellu
537 2988 647 3028 vocetur
710 2972 813 3020 Ideo
828 2987 875 3019 nos
887 2985 937 3019 nov
939 2985 955 3017 o
968 2969 1048 3033 capite
1062 2984 1154 3017 novum
1167 2980 1266 3019 sentcn-

233 3055 343 3101 XIX.1.
362 3049 408 3098 Hic
420 3039 480 3098 mibi
489 3064 631 3114 perrumpet.
647 3049 711 3098 Con·
754 3049 843 3098 titi-um
854 3049 966 3098 ordinem
978 3047 1143 3096 distinximus.

196 3131 319 3196 jicitntis
328 3129 491 3197 probabiliter
499 3128 711 3177 Garatouinstnte
792 3143 818 3176 a.
838 3130 890 3176 Hoc
902 3125 1028 3175 eodemus
1045 3127 1107 3174 loco.
1122 3129 1203 3191 Quum
1220 3141 1265 3191 pro

198 3212 252 3260 boec
267 3211 342 3260 verba
362 3207 569 3290 expatiantium
584 3205 709 3276 enjusdam
752 3206 806 3270 lege
818 3205 919 3254 Manili·
932 3206 1046 3254 dicerem.

199 3291 308 3340 Servilia
322 3291 383 3355 legis
403 3289 491 3354 capitis
509 3285 625 3348 titulum,
642 3283 710 3349 quod
789 3287 815 3336 ³.
825 3285 895 3334 Illius
903 3285 1016 3334 absentt‘s.
1025 3284 1116 3334 Aberat
1126 3295 1265 3348 tum,quum

199 3370 305 3436 praeconi
325 3371 412 3420 Cicero
428 3367 579 3416 reticendum
599 3364 709 3422 dederit;
753 3366 840 3417 Cicero
871 3365 997 3420 Manilium
1027 3366 1106 3436 legent¹
1130 3363 1267 3423 cudebat,

197 3465 251 3498 non
265 3451 330 3498 enim
347 3449 429 3498 locum
445 3464 501 3496 cnm
517 3445 629 3511 proxime
643 3454 709 3491 ante·
753 3443 885 3508 Pompeius
896 3445 922 3491 in
933 3445 1019 3493 Cilicia
1031 3444 1063 3491 td
1077 3443 1189 3507 reliquias
1204 3441 1264 3491 belli

199 3527 342 3577 cedentibus
357 3528 415 3576 satis
430 3527 562 3575 coherere.
577 3527 668 3571 Verum
685 3532 710 3572 et
752 3524 850 3589 piratici
875 3522 1071 3588 persequendas,
1093 3531 1120 3569 ut
1144 3537 1210 3569 nanc
1235 3521 1261 3570 in

198 3605 261 3656 nibil
270 3605 571 3672 abessepossoprobttnr
582 3615 607 3652 et
619 3602 668 3650 boc
677 3602 709 3650 td
752 3601 918 3668 Paphlagonia
939 3603 1005 3652 bello
1029 3600 1196 3650 Mithridatico
1216 3601 1264 3648 int·

199 3685 324 3749 ωφιοιιιίι
343 3688 435 3751 optime
455 3687 570 3743 refertur,
588 3698 665 3748 quum
683 3682 709 3730 in
753 3682 864 3748 plicatur.

199 3763 314 3830 proximo
335 3765 414 3828 capite
436 3765 536 3813 insidias
556 3763 674 3827 Pompeio
693 3777 708 3808 ι
789 3761 957 3819 thuredm
967 3760 1070 3808 alterum
1080 3757 1122 3807 tllo
1132 3755 1262 3805 delendum

198 3843 304 3893 tribunis
317 3842 391 3890 facus
404 3843 622 3903 sitdeclcraturus,
634 3842 668 3891 itt
681 3851 709 3889 ut
752 3851 832 3908 putet.
842 3840 945 3890 J.V.L.

198 3921 310 3988 quedam
329 3921 498 3970 tantummodo
517 3921 555 3969 sit·
563 3921 593 3968 td
612 3919 708 3970 οιιιιιιιι
789 3921 814 3970 5.
832 3922 930 3967 Tenere.
947 3918 1006 3966 Non
1017 3915 1096 3963 solum
1113 3914 1264 3976 nubeculis,

198 4001 353 4068 praemunitio
369 4011 393 4049 et
410 4023 423 4043 α
433 4015 545 4049 common
546 4015 586 4047 ere
599 4000 685 4048 videor
695 4022 707 4042 ι
753 4000 796 4050 sed
808 3999 880 4047 etiam
894 3998 920 4044 in
934 3995 1046 4044 munibus
1059 3993 1156 4044 babere.

198 4081 281 4132 futoro
300 4097 373 4130 sensu
389 4080 420 4128 sit
438 4077 618 4144 usurpandum
641 4079 708 4143 quod
790 4075 815 4126 6.
826 4074 995 4124 Ascaloniam.
1009 4076 1071 4137 Qun
1085 4073 1137 4122 loct
1148 4091 1162 4121 ι
1174 4077 1201 4123 P.
1216 4077 1267 4124 Set-
