2912 4654
256 357 323 434 156
571 369 620 435 Μ.
647 367 686 434 Τ.
713 365 990 435 CICERONIS

249 498 352 572 sunt,
382 488 419 554 T.
449 487 544 572 Atti,
574 484 619 556 de
649 485 840 582 Oppianici
870 483 1099 555 damnatione
1124 483 1317 580 respoudi;

250 592 444 666 confiteare
455 617 600 665 necesse
612 609 667 665 est
677 648 686 683 ‚
696 608 733 664 te
743 594 953 691 opinionem
964 593 1119 664 multum
1130 589 1315 678 fefellisse,

251 703 353 798 quod
371 705 603 792 existimariS,
619 729 677 774 me
694 727 838 775 causam
858 706 900 774 Α.
924 702 1080 774 Cluentii
1096 727 1169 772 non
1192 700 1314 774 fact0²

251 813 345 907 ejus,
364 812 429 884 sed
448 814 525 910 lege
543 811 787 884 defensurum.
807 817 896 886 Nam
910 812 982 884 hoc
999 835 1158 910 persaepe
1172 811 1316 897 dixisti,

253 919 320 992 tibi
335 923 386 991 sic
399 923 616 1008 renuntiari,
639 947 697 994 me
716 922 850 994 habere
867 923 904 994 in
921 924 1043 994 animo
1061 945 1205 993 causam
1220 920 1318 992 hanc

252 1028 417 1126 presidio
436 1029 522 1129 legis
546 1029 753 1104 defendere.
772 1037 873 1104 Itane
892 1033 969 1104 est?
987 1031 1033 1103 ab
1049 1033 1171 1108 amicis
1188 1030 1317 1102 videli-

253 1156 310 1213 cet
328 1143 575 1241 imprudentes
594 1145 805 1243 prodimur?
823 1159 858 1217 et
871 1160 927 1218 est
946 1149 1068 1220 nescio
1086 1149 1168 1243 quis
1187 1144 1235 1218 de
1254 1145 1317 1231 iis,

253 1277 346 1350 quos
363 1255 495 1325 amicos
511 1255 617 1326 nobis
634 1254 865 1343 arbitramur,
884 1259 949 1354 qui
969 1269 1088 1327 nostra
1102 1255 1256 1326 consilia
1272 1251 1319 1324 ad

252 1359 473 1435 adversarios
499 1364 658 1436 deferat?
689 1367 862 1456 Quisnam
885 1365 950 1436 tibi
975 1365 1047 1437 hoc
1074 1363 1319 1436 renuntiavit?

253 1474 335 1568 quis
353 1485 425 1543 tam
439 1473 629 1572 improbus
648 1473 740 1545 fuit?
759 1477 827 1546 Cui
845 1497 912 1572 ego
929 1489 1051 1546 autern
1065 1473 1231 1544 narravi?
1248 1473 1319 1543 Ne·

253 1603 333 1667 mo,
349 1596 405 1670 ut,
428 1585 578 1681 opinor,
594 1586 631 1654 in
653 1585 759 1683 culpa
773 1583 924 1672 est3sed
942 1575 1114 1655 nimirum
1137 1581 1206 1652 tibi
1225 1582 1318 1652 istuc

252 1689 311 1763 lex
325 1692 402 1787 ipsa
417 1695 647 1764 renuntiavit.
665 1693 735 1764 Sed
755 1717 844 1769 num
864 1691 959 1765 tibi³
975 1696 1025 1764 ita
1042 1691 1246 1764 defendisse
1264 1693 1317 1760 vi·

253 1796 358 1888 deor,
373 1815 415 1871 ut
427 1815 505 1872 tota
519 1803 555 1872 in
569 1827 675 1875 causa
687 1806 911 1875 mentionem
927 1804 1034 1874 ullam
1051 1802 1197 1874 fecerim
1213 1799 1320 1899 legis?

255 1911 353 1981 Num
370 1935 472 1984 secus
487 1912 579 1985 hano
593 1935 737 1984 causam
752 1897 1006 2000 defendissem,
1023 1913 1093 1984 hac
1105 1914 1136 1984 si
1148 1913 1227 2009 lege
1241 1913 1318 1982 Avi·

256 2031 316 2090 tus
332 2024 541 2120 teneretur?
557 2027 684 2110 Certe,
701 2039 741 2095 ut
757 2025 968 2095 homineml
983 2022 1198 2095 confirmare
1212 2045 1320 2118 opor·

257 2143 329 2218 tet,
350 2132 472 2204 nullus
495 2149 549 2204 est
570 2134 671 2204 locus
698 2159 718 2203 a
743 2157 801 2204 me
827 2132 1014 2231 purgandi·
1028 2135 1130 2204 istius
1152 2129 1321 2202 invidiosi

256 2242 415 2313 oriminis
431 2247 698 2338 praetermissus.
715 2242 812 2335 Quid
830 2265 916 2340 ergo
929 2243 1005 2314 est?
1017 2239 1321 2340 quaeretvfortasse

254 2351 450 2448 quispiam,
471 2353 702 2450 displiceatne
720 2352 825 2441 mihi,
842 2352 960 2450 legum
982 2351 1147 2450 praesidio
1164 2376 1184 2422 a
1203 2353 1322 2450 capite

255 2459 457 2554 periculum
479 2463 700 2558 propulsare.
728 2461 818 2534 Mihi
838 2487 943 2550 vero,
966 2461 1124 2556 judices,
1149 2485 1226 2532 non
1250 2461 1321 2531 dis·

255 2566 382 2663 plicet3
411 2569 474 2641 sed
498 2587 583 2642 utor
606 2574 771 2644 instituto
789 2595 872 2644 meo
884 2568 909 2641 ⁵.
936 2576 979 2643 In
998 2571 1156 2644 hominis
1176 2571 1322 2641 honesti

255 2677 498 2777 pudentisqne
509 2680 665 2777 jndicio,
683 2707 758 2754 non
777 2681 893 2752 solum
908 2705 990 2753 meo
1004 2681 1155 2754 consilio
1169 2681 1223 2751 uti
1237 2703 1322 2752 con·

256 2790 378 2875 suevi,
405 2788 468 2860 sed
494 2791 650 2862 multum
678 2792 785 2862 etiam
812 2791 909 2887 ejus,
937 2815 1048 2889 quem
1078 2789 1258 2879 defendo,
1286 2803 1324 2860 et

257 2972 329 3022 detur
340 2985 440 3034 orator,
453 2986 479 3023 et
488 2977 520 3023 ite
534 2977 631 3025 demum
642 2978 728 3036 utitur,
737 2987 765 3024 ut
807 2976 841 3026 ris
851 2977 924 3026 utrm
937 2993 976 3027 me
987 2977 1138 3026 mentionem
1151 2975 1212 3040 legit
1225 2975 1322 3025 fecisse.

257 3052 293 3100 eie
303 3053 382 3101 invito
392 3053 447 3118 ipro
460 3053 574 3104 Cluentio
587 3067 653 3120 egat,
664 3057 706 3120 qni
715 3071 764 3104 mn·
845 3063 869 3111 4.
882 3057 965 3105 Grae.
978 3056 1031 3104 hoee
1044 3056 1130 3116 verbe,
1141 3067 1188 3104 «nt
1197 3055 1321 3103 hominem

257 3132 295 3195 gis
305 3132 399 3181 decoris
416 3133 540 3198 uniquam
552 3135 635 3184 talutie
648 3137 766 3184 rationem
809 3133 951 3184 confirmare
964 3147 1093 3200 θρασὺ,
1106 3147 1214 3200 negetur
1225 3135 1322 3183 intelli·

258 3209 358 3271 lrabeat,
375 3227 420 3260 ner
430 3211 491 3260 illud
502 3213 611 3262 adhiberi
627 3214 686 3262 velit
696 3230 775 3278 argu·⁸
810 3229 878 3280 gere,
889 3226 963 3278 etque
973 3215 1030 3264 ideo
1042 3215 1111 3262 malit
1122 3216 1193 3275 ejici,
1202 3213 1322 3278 expedito

259 3298 379 3348 mentum,
394 3305 444 3354 qno
453 3293 563 3354 quamvis
574 3294 675 3343 omnino
685 3293 767 3342 abrol-
810 3294 902 3342 seilicet
916 3293 1123 3356 interpretationis
1131 3293 1215 3340 modo.
1224 3293 1285 3341 LV.
1295 3293 1323 3338 Ι..

258 3379 367 3426 veretur,
381 3384 471 3416 nocens
482 3379 562 3418 umen
573 3387 624 3418 esre
636 3383 729 3436 posset,
743 3381 768 3421 et
811 3373 1001 3435 ——Obloqnitur
1020 3373 1117 3421 llrneet.
1130 3373 1225 3436 Nempe
1240 3370 1323 3434 quoed

258 3449 334 3498 sumre.
342 3463 393 3496 sue
403 3458 512 3498 noceret.
522 3450 634 3498 Omtorie
644 3452 768 3500 solertiam
810 3451 967 3500 lieetlromini
974 3450 1066 3514 aliquid
1074 3449 1219 3500 confirmare
1227 3465 1256 3498 re
1263 3463 1325 3498 cous

258 3527 284 3576 h.
297 3527 314 3578 l.
326 3529 427 3576 miretur
445 3526 623 3589 Quintilianus,
636 3531 669 3586 V,
684 3531 713 3577 13
724 3565 733 3591 ‚
744 3539 771 3576 et
812 3529 910 3578 tendere
924 3531 948 3577 in
962 3529 1003 3576 nti
1026 3545 1065 3589 re,
1078 3529 1131 3576 eine
1147 3529 1283 3590 jactatione
1300 3537 1325 3576 et

259 3609 308 3667 VI,
320 3609 346 3656 6.
544 3628 549 3638 ·
814 3619 906 3660 servate
925 3606 1156 3660 modestir.‚Simile
1175 3608 1266 3672 legitur
1279 3621 1325 3671 pru

297 3710 323 3742 n.
336 3695 422 3742 Facto.
438 3695 695 3759 humentia-Lege.
706 3695 774 3756 Qun,
812 3688 864 3750 lege
877 3687 993 3747 Manilia,
1004 3703 1059 3751 eep.
1072 3687 1111 3734 ιθ.

261 3773 292 3822 ed
303 3789 359 3821 enm
371 3787 423 3820 non
434 3772 547 3835 pertinet.
848 3763 872 3815 5.
899 3769 959 3814 Utor
979 3766 1089 3816 instituto
1111 3779 1173 3814 meo.
1202 3765 1322 3812 Usitetem

297 3853 322 3900 3.
333 3853 399 3899 Num
409 3850 462 3899 tibi.
472 3851 595 3912 Quoniam
604 3852 768 3899 renuntiatum
811 3844 897 3908 egendi
904 3846 1022 3892 rationem
1032 3843 1325 3908 aquom-Honeste'Qni

262 3929 307 3978 tihi
319 3930 367 3986 nis,
385 3945 423 3976 me
440 3929 503 3976 velle
520 3930 582 3978 hanc
601 3945 696 3976 cauum
708 3929 768 3991 legis
812 3926 1091 3974 suemexistimetionem
1101 3925 1179 3972 minui
1193 3940 1245 3972 non
1260 3923 1330 3982 vult3

260 4008 403 4070 exceptione
422 4007 565 4066 defendere,
585 4023 668 4069 quaero
685 4017 768 4068 exte,
811 4019 867 4052 nem
882 4005 903 4052 si
917 4004 969 4069 lege
989 4003 1235 4060 defendundum
1248 4017 1326 4056 utun

260 4101 318 4134 num
331 4085 356 4132 ln
368 4095 418 4133 tote
437 4084 483 4133 hee
499 4084 639 4134 defeneione
651 4085 767 4134 memine-
812 4081 923 4130 diffidere
941 4083 1066 4138 crederent
1079 4081 1201 4132 homines.
