2962 4682
231 291 278 368 62
565 289 965 363 ARGUMENTUM.

272 417 390 489 bantur,
404 415 528 476 crimina
541 413 678 473 Cluentio
692 411 821 490 objecta,
837 415 895 486 60;
915 413 1021 474 deinde
1034 413 1148 476 accedit
1161 415 1200 474 sd
1212 411 1285 476 illud
1293 453 1305 492 ,

208 571 212 584 ,
273 516 311 575 de
330 532 390 593 quo
409 511 566 592 agebatur,
589 509 772 590 ostenditque
790 511 954 571 Cluentium
976 513 1141 592 Oppianico
1158 533 1303 574 venenum

273 632 379 692 parare
392 631 447 670 nec
460 609 600 682 voluisse,
613 629 665 667 nec
679 609 823 686 potuisse3
844 609 875 667 in
890 629 950 687 qun
963 611 1111 690 praecipue
1126 613 1229 670 Sassiae
1243 631 1302 670 ma·

273 710 325 768 tris
336 707 399 786 ejus
411 706 521 767 scelera
534 717 730 784 exponuntur,
745 705 843 764 ‹tr-68.
855 710 1006 765 Postremo
1019 707 1133 784 judices
1150 719 1304 785 rogantur,

274 820 308 864 ut
321 804 486 863 Cluentium
498 804 698 870 innocentem,
710 811 754 860 tot
764 820 855 860 annos
866 803 897 860 in
908 803 979 862 falsa
990 798 1101 862 invidia
1110 803 1306 882 periculisque

274 914 420 962 rcrsntttm
447 898 616 971 sublevent,
640 917 766 980 eumque
790 899 966 960 incolumem
992 901 1168 981 municipio,
1191 901 1308 972 amicis,

275 999 393 1072 ricinis,
412 996 544 1057 hostibus
558 996 724 1070 restituant,
739 997 840 1074 69-71.

190 1093 197 1107 ⁸
315 1099 358 1155 Ea
368 1109 411 1155 est
424 1094 519 1154 cretio
530 1093 560 1152 in
572 1112 630 1172 qua
641 1093 710 1152 artis
721 1113 780 1152 sun
789 1094 867 1152 vires
879 1093 1003 1154 maxime
1014 1094 1060 1153 air
1073 1093 1310 1173 preclarissimus

276 1193 431 1272 explicuit3
444 1205 474 1252 et
486 1193 549 1271 ipse
557 1191 653 1268 (Orat.
665 1190 715 1268 30)
728 1204 872 1250 matumm
881 1211 945 1250 eam
953 1191 1133 1270 juvenilibus
1146 1201 1310 1252 tentamen-

277 1292 313 1350 tis
332 1289 473 1370 opponit,
491 1301 523 1348 et
543 1288 649 1366 saepius
670 1287 868 1362 Quintilianus
884 1289 1082 1368 copiosissime
1095 1288 1203 1348 laudat
1220 1287 1310 1368 Apud

276 1389 453 1446 recentiores
465 1386 551 1445 etiam
565 1386 609 1443 Cl.
622 1387 706 1442 Blnir
715 1405 802 1444 unam
816 1385 892 1444 hanc
903 1406 920 1445 e
931 1385 1148 1466 sapientissimis
1160 1387 1312 1446 vehemen-
1407 1451 1409 1454 ,

280 1485 453 1562 tissimisque
469 1480 653 1542 orationibus
673 1481 822 1560 praedicat
841 1487 880 1542 Et
897 1501 966 1542 sane
981 1484 1037 1544 bac
1051 1484 1081 1543 in
1095 1501 1181 1544 causa
1199 1503 1231 1544 se
1247 1485 1312 1564 ipse

278 1581 349 1640 uicit
360 1581 478 1652 Cicero,
490 1592 520 1638 et
530 1591 741 1639 contraverum
752 1579 840 1638 etiam
854 1579 997 1655 obtinuit,
1005 1601 1096 1660 quum
1103 1581 1311 1656 Quintilianus,

280 1683 350 1737 lust.
364 1682 447 1738 Oret.
458 1682 505 1750 11,
525 1697 570 1750 17,
584 1690 615 1736 et
624 1677 812 1750 Rufinianus,
830 1674 868 1737 de
881 1677 944 1756 Fig.
955 1695 1019 1758 cap.
1034 1677 1086 1753 13,
1101 1687 1223 1738 narrent
1235 1677 1313 1738 Cice·

281 1793 382 1832 nonem
396 1773 552 1852 gloriatum
565 1791 629 1833 esse
648 1791 680 1833 se
701 1771 836 1834 tenebras
855 1771 1005 1852 jndicibus
1025 1774 1057 1834 in
1080 1759 1168 1836 causa
1186 1773 1312 1835 Cluentii

280 1869 428 1930 offudisse.
