3018 4664
454 619 1018 738 ARGUMENTUM.

208 873 243 930 1..
256 867 402 948 Apuleius
415 867 587 928 Saturninus
607 887 702 947 quum
718 879 795 926 esset
816 877 944 946 qoaestor
958 864 1115 940 Ostiensis,
1133 863 1171 924 ab
1187 884 1227 928 eo
1238 864 1283 925 rei

248 966 441 1028 frumentariae
459 965 627 1044 procuratio
650 963 787 1027 translata
811 976 855 1022 est
876 961 913 1022 ad
933 960 1095 1042 principem
1116 975 1233 1022 senatus
1252 973 1283 1021 et

246 1063 375 1124 civitatis
384 1067 426 1124 Μ.
441 1066 592 1128 Scaurum
608 1067 704 1136 Quam
721 1060 909 1140 ignominiam
926 1060 1074 1137 {egerrime
1091 1059 1203 1130 ferens,
1223 1059 1282 1119 do-

245 1159 339 1223 lorem
351 1179 436 1219 suum
449 1179 553 1238 magno
565 1159 752 1218 contentione
765 1156 855 1216 animi
871 1155 1113 1236 persequebatur.
1135 1155 1146 1236 (
1152 1157 1212 1216 Cic.
1227 1176 1283 1236 pro

245 1256 327 1315 Sext.
336 1275 401 1334 cap.
415 1263 471 1330 17.)
485 1262 589 1334 Itaque
603 1275 694 1334 quum
710 1255 838 1334 primum
854 1253 989 1320 tribunus
1000 1253 1095 1334 plebis
1110 1273 1188 1320 anuo
1199 1259 1237 1316 U.
1247 1258 1281 1316 C.

247 1352 303 1412 651
316 1353 405 1413 Marii
416 1352 550 1434 partibus
560 1352 702 1419 inservire
717 1352 868 1431 cepisset,
883 1351 1026 1430 legemde
1040 1352 1188 1430 majestate
1205 1352 1281 1414 tulit.

246 1447 411 1509 Tribunatu
433 1447 603 1508 defunctum
624 1453 661 1522 Q.
676 1449 809 1508 Caecilius
823 1447 959 1514 Metellus
975 1466 1080 1508 censor
1098 1461 1201 1508 senatu
1216 1467 1283 1514 mo-

246 1569 317 1608 vere
333 1548 442 1621 voluit,
458 1547 499 1608 ob
513 1549 581 1608 ritae
599 1547 760 1622 dedecora,
782 1547 969 1615 dissentiente
983 1561 1080 1610 autem
1094 1549 1206 1627 collega
1225 1547 1283 1607 boc

248 1645 364 1705 efficere
377 1665 437 1705 non
451 1645 557 1724 potuit.
579 1645 723 1725 Apuleius
737 1645 814 1710 hanc
832 1645 968 1724 injuriam
985 1644 1101 1704 ulturus
1115 1647 1193 1704 anuo
1208 1643 1282 1708 Urb.

246 1741 320 1814 652,
344 1742 523 1802 tribunatum
545 1741 652 1802 iterum
670 1742 764 1821 petiit.
786 1741 1031 1808 adversariorum
1058 1753 1154 1802 tamen
1179 1742 1282 1802 studiis

245 1838 383 1897 effectum
394 1850 453 1909 cst,
467 1851 501 1897 ut
511 1857 617 1896 novem
628 1836 689 1915 jam
703 1835 828 1903 tribunis
842 1837 946 1897 creatis
953 1849 1086 1904 ¹entremo
1097 1837 1164 1896 loco
1173 1841 1282 1900 atlo-

243 1934 311 1992 nius
326 1933 460 1994 Suffenas
480 1934 657 2013 competitor
676 1934 703 1992 ei
723 1935 919 2013 praeferretur,
937 1939 1000 1994 Hac
1013 1935 1279 2014 repulsaaccepta,

243 2032 417 2092 Saturninus
431 2031 528 2090 Mario
543 2032 679 2105 consule,
692 2043 721 2090 et
735 2043 861 2110 pretore
875 2030 1024 2110 designato
1039 2032 1161 2102 Glaucia
1176 2032 1279 2102 faren-

243 2125 336 2202 tibus,
348 2129 504 2188 factionem
518 2141 698 2187 armatorum
710 2127 896 2205 juvenumpin
914 2127 1044 2198 Nonium
1064 2148 1081 2186 e
1097 2127 1220 2190 comitiis
1235 2148 1280 2186 re-

243 2225 382 2285 deuntem
404 2225 546 2295 immittit,
566 2225 619 2304 qui
636 2225 850 2304 profugientem
867 2226 897 2283 in
914 2244 1049 2305 caupona
1064 2224 1279 2304 quadamasse·

243 2322 328 2400 qunti
351 2321 555 2382 confoderunt.
580 2327 704 2382 Postero
722 2321 771 2380 die
790 2341 903 2381 summo
921 2340 1021 2391 mane,
1042 2334 1199 2400 antequam
1218 2323 1280 2383 fre-

242 2438 336 2497 quens
358 2419 487 2499 populns
504 2419 674 2478 conveniret
697 2419 728 2478 in
749 2419 916 2490 comitium,
940 2418 1084 2498 Apuleius
1104 2421 1279 2490 Saturninus

242 2515 352 2584 iterum
367 2515 504 2584 tribunus,
522 2515 616 2595 plebis
638 2529 762 2586 creatur.
788 2521 823 2600 ln
845 2515 904 2574 hoc
923 2514 1052 2575 secundo
1067 2515 1217 2576 tribunatu
1230 2537 1277 2577 an.

241 2616 280 2673 U.
290 2611 491 2692 653=primum
506 2613 599 2691 legem
615 2612 758 2691 agrariam
774 2612 855 2684 tulit,
876 2623 910 2671 ut
930 2613 1059 2672 Gallicus
1078 2631 1161 2692 ager,
1183 2633 1275 2692 equo

240 2709 502 2770 Marius‘Cimbros
519 2710 686 2789 expulerat,
709 2711 822 2789 populo
841 2729 964 2769 romano
983 2707 1163 2788 divideretur
1169 2755 1180 2784 ,
1199 2725 1229 2770 et
1243 2724 1277 2771 ut

240 2807 385 2866 veteranis
401 2808 431 2865 in
447 2808 547 2866 Africa
568 2819 688 2866 centena
704 2791 807 2883 jugera
829 2803 1039 2870 dividerentur.
1054 2806 1169 2882 [leipde
1183 2807 1276 2885 legem

240 2907 435 2984 promulgavit
451 2903 489 2962 de
503 2904 625 2963 coloniis
638 2904 668 2962 in
685 2903 812 2978 Siciliam
818 2946 833 2980 „
841 2903 998 2976 Achaiam,
1011 2901 1274 2983 Macedoniamque

240 3000 436 3074 deducendis,
460 3021 519 3079 qua
542 3000 605 3079 lege
626 3001 711 3060 simul
730 3001 788 3059 hoc
808 3000 904 3060 Mario
926 2999 1038 3058 consuli
1054 2999 1174 3076 detulit,
1192 3013 1226 3060 ut
1242 3002 1274 3061 in

240 3099 367 3177 singulas
378 3097 506 3157 colonias
521 3109 621 3156 ternos
634 3097 712 3155 cives
728 3115 862 3155 romanos
877 3096 972 3168 facere
986 3108 1093 3175 possm.
1111 3096 1205 3172 Priori
1217 3099 1273 3177 legi

239 3195 351 3274 adjecta
367 3209 429 3255 erat
441 3195 586 3267 clausula,
603 3208 637 3254 ut
655 3195 680 3254 si
704 3194 787 3273 plebs
804 3214 868 3253 eam
889 3194 1038 3268 sciuisset,
1056 3208 1173 3255 senatus
1195 3200 1272 3258 intra

239 3294 374 3371 quintum
395 3293 472 3352 diem
496 3293 525 3350 in
544 3311 608 3350 eam
622 3292 753 3370 ‚juraret
780 3296 842 3350 Lex
864 3311 933 3349 non.
948 3292 1010 3362 sine
1033 3291 1158 3352 tumultu
1174 3313 1208 3353 ac
1221 3311 1269 3354 se·

239 3389 350 3450 ditione
374 3391 531 3470 perfertur.
553 3395 622 3464 Quo
642 3390 719 3449 facto
740 3389 851 3448 Marius
865 3389 966 3455 consul
984 3388 1021 3447 ad
1037 3404 1167 3449 senatum
1182 3393 1273 3452 refert

238 3484 275 3545 de
283 3487 491 3566 jurejurando,
505 3500 535 3544 et
547 3505 637 3564 quum
651 3484 823 3564 previderet
833 3498 964 3546 senatum
982 3485 1039 3546 boc
1054 3501 1270 3564 recusaturum,

237 3581 300 3660 ipse
315 3585 460 3642 simulavit
478 3603 509 3642 se
527 3583 554 3642 ei
577 3583 725 3654 assentiri,¹
740 3595 814 3640 etse
835 3603 886 3642 sua
907 3597 1011 3662 sponte
1024 3581 1191 3661 juraturum
1206 3605 1268 3645 esse

238 3681 486 3759 negavitQuinto
497 3693 595 3750 eutem
608 3679 655 3739 die
670 3692 737 3759 post
748 3680 874 3746 Marius,
891 3693 991 3739 senatu
1008 3701 1133 3759 propere
1151 3695 1270 3757 coacto,

239 3775 286 3833 nit.
302 3795 333 3835 re
350 3776 462 3851 plebem
483 3778 584 3836 timere
604 3775 733 3836 studiose
749 3775 807 3854 legi
829 3778 990 3846 faventem
1012 3778 1111 3854 itaquo
1127 3798 1158 3838 se
1168 3779 1270 3856 jurare

237 3871 313 3931 velle
329 3872 358 3930 in
373 3873 484 3950 legem,
505 3874 560 3932 hac
584 3887 679 3932 tamen
701 3893 767 3932 cum
793 3873 980 3951 exceptione,
1002 3886 1144 3950 quatenus
1165 3877 1211 3934 lex
1232 3878 1270 3938 sit

237 3969 365 4047 legilima
380 3969 504 4050 (dpo'onr,
514 3969 530 4046 ri
539 3981 612 4050 νόμος
626 3980 678 4046 tel,
691 3975 758 4052 ra‘pdr
771 3979 947 4038 cctoddorofnr
960 3986 996 4051 τῷ
1006 3981 1082 4051 νόμῳ.
1096 3974 1221 4051 Appian.
1234 3975 1271 4036 de

236 4067 308 4147 pell.
323 4067 386 4128 Cir.
400 4069 434 4138 1,
455 4065 527 4146 30);
546 4066 630 4126 facile
650 4080 749 4128 autem
765 4080 868 4147 postea
891 4064 1005 4124 ostendi
1023 4081 1108 4148 posse
1126 4089 1186 4148 opp
1207 4091 1271 4143 ersa
