3026 4680
247 345 320 431 416
567 349 617 417 M.
644 348 684 416 T.
711 347 998 418 CICERONIS

247 493 382 543 sumus.
402 465 514 557 Abiit,
531 469 701 557 excessit,
720 469 848 557 evasit,
862 465 1014 565 erupit⁶.
1029 467 1136 541 Nulla
1147 443 1221 565 jani
1239 491 1320 570 per·

245 583 358 652 uicies
378 604 397 650 a
420 590 586 652 monstro
609 577 672 648 illo
692 592 803 675 atque
831 577 998 676 prodigio
1024 578 1207 650 moenibus
1232 582 1320 678 ipsis

246 692 341 760 intra
373 688 537 759 moenia⁷
563 686 845 785 comparabitur.
875 693 994 784 Atque
1029 687 1130 760 hunc
1168 689 1320 787 quidem

245 823 360 870 unum
380 789 487 894 hujus
500 794 587 868 belli
601 796 792 868 domestici
807 797 939 870 ducem
950 793 1055 869 sine8
1071 805 1319 874 controversia

243 909 418 980 vicimus:
437 929 512 976 nou
532 909 629 976 enim
646 905 719 1001 jam
743 907 839 978 inter
860 907 972 978 latera
991 906 1145 981 nostrat>
1171 913 1242 982 sica
1256 912 1318 983 illa

244 1017 466 1104 versabitur,
485 1039 562 1087 non
574 1018 613 1086 in
624 1039 772 1114 campo,
790 1042 865 1088 non
881 1019 920 1088 in
937 1015 1038 1104 foro,
1055 1043 1131 1089 non
1147 1020 1318 1111 incuria,

244 1155 320 1201 non
332 1127 490 1225 denique
502 1128 597 1198 intra
609 1127 827 1199 domesticos
840 1129 995 1226 parietes
1009 1131 1316 1227 pertimescemus.

244 1245 342 1313 Loco
364 1240 464 1311 ille¹⁰
480 1253 602 1311 motus
619 1254 693 1328 est,
714 1262 828 1336 quum
854 1255 908 1312 est
927 1266 972 1312 ex
992 1239 1093 1314 Urbe
1112 1242 1284 1340 depulsus
1305 1273 1315 1314 :

245 1351 363 1449 palam
396 1349 471 1444 jam
505 1372 590 1419 cum
626 1349 749 1438 hoste,
777 1349 878 1421 nullo
905 1349 1149 1448 impediente,
1179 1351 1316 1424 bellum

241 1463 420 1560 justum¹¹
442 1483 619 1556 geremus.
641 1461 725 1530 Sine
738 1458 851 1531 dubio
871 1459 1097 1558 perdidimus
1110 1461 1314 1550 hominem,

242 1569 507 1670 magnificeque
520 1571 689 1658 vicimus,
710 1594 824 1667 quum
839 1571 938 1642 illum
954 1595 1000 1642 ex
1015 1571 1166 1643 occultis
1178 1573 1315 1646 insidiis

242 1688 281 1754 ln
298 1696 465 1782 apertum
480 1681 711 1752 latrocinium
734 1681 970 1777 conjecimus.
993 1681 1103 1771 Quod
1124 1707 1212 1754 vero
1235 1709 1315 1755 non

173 1822 177 1831 ’
241 1800 434 1868 cruentum
450 1817 664 1866 mucronem
674 1804 726 1882 ¹²,
744 1808 786 1865 ut
796 1793 930 1882 voluit,
943 1793 1090 1881 extulit,
1104 1792 1207 1890 quod
1223 1797 1313 1866 vivis

240 1906 349 1978 nobis
369 1928 534 2002 egressus
552 1920 626 1992 est,
646 1902 747 2002 quod
764 1907 797 1975 ei
811 1901 948 1974 ferrum
963 1901 1009 1974 de
1024 1901 1231 1975 manibus¹³
1249 1930 1312 1977 ex-

241 2019 429 2105 torsimus,
439 2015 540 2112 quod
556 2015 756 2087 incolumes
770 2015 882 2101 cives,
897 2012 999 2110 quod
1009 2025 1163 2084 stantem
1181 2013 1311 2086 urbem

276 2181 302 2228 6.
322 2175 403 2234 Abiit,
423 2174 541 2233 excessit,
557 2173 650 2237 evasit,
667 2172 753 2238 erupit.
798 2181 896 2221 revocet
907 2171 1002 2237 aliquot
1013 2171 1115 2220 audacie
1128 2174 1239 2224 Catilina
1253 2175 1313 2224 ieci·

239 2258 298 2307 Non
305 2267 342 2305 eet
348 2255 474 2318 congeries
481 2253 545 2302 idem
555 2251 751 2318 significantium,
797 2267 866 2301 nore.
876 2255 990 2299 -Inter
1008 2251 1096 2302 latera.
1113 2255 1149 2302 Ut
1167 2255 1247 2319 pridie
1259 2257 1310 2306 kat.

240 2335 283 2386 sed
306 2335 392 2384 crescit
405 2333 483 2382 veluti
502 2349 547 2400 per
560 2330 648 2397 gradus
664 2333 751 2381 oratio.
794 2331 847 2394 jeu.
858 2331 951 2396 Lepido
961 2343 986 2380 et
994 2332 1068 2380 Tullo
1075 2335 1311 2386 corsCetilinecum

238 2416 353 2467 Excessit
359 2413 415 2479 plus
425 2424 461 2462 est
467 2429 539 2476 quem
546 2411 617 2472 abiit,
625 2423 654 2460 ut
665 2412 691 2459 in
699 2414 754 2462 Vir-
797 2413 847 2460 telo
861 2411 907 2458 fuit
919 2413 945 2460 iu
956 2411 1161 2462 comitio—Non
1175 2415 1200 2462 in
1212 2432 1310 2482 campo.

239 2495 312 2563 gilio,
323 2492 461 2541 uOmnibus
470 2492 534 2540 idem
545 2491 640 2540 enimus
650 2491 754 2539 scelere·
797 2493 861 2554 Quia
869 2492 915 2540 sibi
924 2503 1035 2540 metuens
1044 2492 1144 2552 Cicero,
1155 2493 1272 2545 loricatus
1283 2499 1309 2546 in

239 2586 264 2624 ta
278 2571 395 2622 excedere
406 2583 495 2620 terra».
509 2569 595 2620 Evasit
606 2581 728 2633 umquem
739 2589 753 2620 e
797 2586 909 2635 cempum
923 2570 1195 2622 descenderet-Non
1205 2574 1309 2640 iissem,

237 2655 307 2716 loco,
318 2651 361 2700 ubi
374 2653 426 2699 sine
438 2651 547 2715 periculo
560 2651 650 2697 versari
664 2652 752 2714 nequi·
795 2667 846 2699 nou
854 2652 879 2700 in
888 2651 966 2700 eurio.
971 2651 1059 2715 Quod,
1069 2653 1173 2703 Catilina
1181 2668 1309 2720 prasente,

238 2745 283 2784 ret.
298 2732 400 2798 Erupit,
414 2749 469 2780 cum
483 2735 576 2797 impetu
587 2729 704 2796 quodem,
723 2741 752 2779 ut
796 2745 876 2794 neque
883 2729 976 2792 judicie
986 2731 1109 2789 exerceri,
1124 2749 1203 2798 neque
1213 2747 1310 2785 senatus

237 2815 300 2866 latro
311 2813 354 2877 qui
367 2812 469 2860 effracto
482 2812 567 2876 effugit
582 2826 685 2859 carcere.
794 2809 879 2858 heberi
889 2820 943 2858 tuto
951 2819 1042 2874 posset.
1052 2837 1084 2847 -
1093 2812 1149 2859 Non
1159 2812 1263 2878 denique
1271 2811 1311 2864 iu·

275 2911 298 2956 7.
312 2895 383 2940 Intra
400 2891 501 2939 moenia.
521 2889 750 2955 Quod-periculum
795 2889 1308 2958 tmdomestieosparietes.Utnuper,quum

237 2974 311 3037 louge
340 2971 507 3036 gravissimum
536 2981 590 3028 est,
622 2969 666 3018 ubi
692 2970 750 3019 meli
795 2967 899 3018 Cetilim
909 2967 971 3016 duos
980 2970 1155 3034 misisset,qni
1165 2971 1308 3024 Ciceronem

235 3054 274 3102 vis
287 3053 352 3099 intus
366 3049 460 3098 incluse
478 3061 609 3112 grassatur,
632 3059 656 3097 et
673 3067 749 3113 quum
793 3048 819 3097 in
828 3047 893 3096 lecto
901 3064 947 3097 suo
959 3047 1131 3100 interficerent.

237 3135 292 3198 ipso
312 3130 429 3178 moenium
443 3129 541 3190 objectu
557 3129 646 3176 muniri
663 3141 748 3179 contre
832 3140 871 3176 ιο.
887 3129 951 3174 Loco
965 3115 1101 3178 illeniotns.
1117 3131 1231 3180 Formuh
1241 3132 1307 3180 mt‘li-

236 3213 295 3261 illoe
308 3210 350 3274 qui
363 3210 426 3258 intre
444 3219 500 3257 eunt
512 3209 600 3257 moenie
617 3225 669 3257 nou
688 3227 747 3275 pos·
793 3208 859 3256 teris.
878 3208 957 3254 Locus
979 3209 1044 3256 enim
1066 3207 1156 3259 dicitnr
1174 3223 1264 3274 statue,
1278 3227 1308 3265 ut

236 3305 329 3340 sumus.
350 3288 443 3335 menta
462 3304 526 3352 crepe
544 3304 591 3353 pro
615 3287 747 3350 domibus,
783 3287 891 3360 «padus.
901 3287 939 3336 De
948 3286 1025 3351 gradu
1039 3288 1109 3350 dejici
1119 3288 1306 3357 idemestatque

236 3365 508 3426 aedfficiisedhibemur,
517 3377 544 3415 ut
557 3367 649 3416 Juetin.
660 3369 693 3428 11,
706 3385 746 3418 ru:
791 3369 1001 3430 opportunitatem
1015 3366 1066 3416 loci
1076 3368 1186 3433 perdere.
1198 3369 1246 3418 Ubi
1256 3373 1305 3435 igi·

235 3447 357 3497 «Petrinm
367 3445 570 3508 municipesesse,
578 3462 630 3494 non
637 3449 748 3511 moerim,
791 3454 832 3492 tur
840 3445 897 3494 loco
908 3456 989 3495 motus
999 3458 1035 3495 est
1047 3447 1202 3509 hostis,certe
1212 3467 1306 3515 prope·

235 3527 304 3594 qnod
314 3523 393 3574 verbis
404 3524 561 3588 sequentibus
572 3527 624 3591 ipse
632 3527 747 3592 explicet,
791 3525 892 3573 modum
901 3536 926 3573 et
936 3527 1060 3590 exploret·
1066 3527 1166 3576 victorin
1178 3539 1223 3577 est.
1233 3530 1305 3579 Pleu·
1327 3549 1330 3552 ·

235 3607 382 3656 ..Civitatem
393 3619 445 3651 non
456 3603 481 3650 in
488 3602 701 3667 edificiis,aedin
712 3608 748 3654 ei·
792 3615 831 3652 tus
846 3605 872 3653 iu
890 3607 1014 3670 Amphitr.
1030 3609 1167 3658 «Animam
1189 3610 1305 3660 emittunt

236 3679 308 3728 vib&
321 3676 425 3741 1³⁰⁵lllun
433 3697 453 3720 ¹·-
467 3675 498 3723 Et
511 3675 576 3724 Ποῖ·
589 3679 616 3734 1,
631 3686 646 3734 4
660 3693 666 3724 ²
679 3677 745 3726 fflic
789 3683 931 3748 priusquam
948 3685 1081 3750 demigrent
1092 3688 1148 3736 loco
1157 3709 1179 3739 n.

153 3795 157 3806 .
232 3759 308 3824 igitur
319 3755 408 3803 moenie
421 3769 491 3801 muro
508 3754 649 3820 complexus
663 3751 742 3808 estu·
829 3779 869 3811 rr.
888 3765 983 3814 Bellum
996 3766 1100 3832 justum.
1117 3767 1192 3831 Quod
1206 3786 1263 3818 vere
1275 3787 1303 3819 ee

272 3839 298 3886 8.
312 3835 368 3883 Sine
378 3833 551 3882 controversia.
564 3833 622 3883 Siue
633 3833 717 3886 dubio.
789 3843 889 3908 proprie
898 3843 957 3892 belli
967 3847 1067 3894 nomine
1078 3848 1171 3896 censeri
1179 3850 1267 3912 poesie.

162 3927 171 3944 ‘
269 3931 293 3979 9.
310 3915 367 3961 Non
382 3911 445 3960 enim
457 3911 514 3978 jam
526 3911 590 3962 inter
607 3913 694 3963 latera.
709 3919 745 3966 Ut
828 3924 1218 3986 1².Quodverononcnientum.
1228 3929 1304 3992 Quod

233 4005 325 4060 quanto
335 3992 445 4056 periculo
455 4007 506 4039 sese
514 3991 629 4042 liberatos
639 3997 744 4045 Romani
787 4016 833 4050 nos
846 4018 897 4050 non
913 4003 1042 4055 interfecit,

232 4071 410 4135 intelligerent,
427 4070 534 4121 breviter
555 4073 581 4122 iu
602 4077 743 4124 memoriam
826 4081 867 4131 13.
890 4081 965 4146 Quod
982 4084 1007 4133 ei
1015 4079 1116 4151 serrum
1136 4086 1303 4139 demonibus.
