2962 4682
244 359 292 445 64
573 357 621 426 M.
647 357 686 423 T.
713 355 990 426 CICERONIS

244 479 453 552 defensione
464 499 623 564 servare,
641 490 683 548 ut
697 499 824 548 omues
836 475 1057 572 intelligant,
1067 473 1159 548 nihil
1174 501 1234 550 me
1246 503 1319 552 nec

242 585 519 686 subterfugere⁶
537 588 693 660 voluisse
714 587 918 675 reticendo,
943 613 1011 662 nec
1036 587 1231 662 obscurare
1261 589 1316 661 di·

244 702 371 772 cendo.
391 699 462 772 Sed
480 722 597 797 quum
613 697 825 786 considem,
846 697 1034 796 quomodo
1052 698 1141 770 mihi
1158 701 1197 770 iu
1217 713 1318 770 utra-

244 837 318 910 que
335 837 376 882 re
394 811 441 881 sit
458 806 738 901 elaborandum,
759 807 869 880 altera
891 833 995 908 pars,
1017 835 1153 908 eaquae
1170 813 1319 909 propria

244 933 322 994 est⁷
339 921 465 1016 judicii
490 920 618 1006 vestri,
645 915 681 990 et
707 917 876 1015 legitimae
898 916 1064 992 veneficii
1086 921 1318 1017 quaestionis,
1376 1007 1380 1014 ,

244 1058 310 1132 per
323 1032 413 1103 mihi
423 1029 560 1119 brevis,
579 1043 616 1102 et
638 1054 713 1100 uon
730 1053 869 1126 magnae
882 1031 919 1100 in
935 1027 1092 1101 dicendo
1112 1035 1319 1101 contentio-

245 1149 300 1216 nis
310 1141 387 1215 fore
402 1140 547 1213 videtur
560 1139 687 1210 :altera
696 1154 818 1211 autem
828 1192 838 1224 ,
848 1164 929 1237 quae
938 1139 1068 1239 procul
1082 1139 1320 1233 ajudiciore-

244 1269 343 1326 ntota
357 1266 427 1342 est,
442 1277 522 1350 quae
540 1249 779 1332 concionibus
792 1249 961 1352 seditiose
979 1252 1167 1323 concitatis
1180 1276 1321 1324 accom-

243 1365 424 1438 modatior
438 1357 533 1450 estss,
544 1385 655 1459 quam
668 1362 870 1460 tranquillis
881 1362 1149 1460 moderatisque
1160 1363 1321 1457 judiciis,

243 1477 466 1576 perspici09,
484 1485 664 1570 quantum
678 1473 718 1540 in
731 1473 873 1568 agendo
888 1471 1129 1558 difficultatis,
1147 1487 1185 1543 et
1202 1498 1320 1571 quan·

244 1603 324 1658 tum
340 1583 474 1656 laboris
495 1582 542 1651 sit
561 1578 740 1650 habitura.
760 1577 831 1652 Sed
849 1584 887 1652 in
906 1581 974 1654 hac
990 1595 1091 1653 tanta
1106 1579 1321 1654 difficultate

245 1696 305 1766 illa
324 1717 383 1765 me
403 1715 463 1763 res
478 1703 619 1777 tamen,
633 1687 792 1784 judices,
809 1691 1039 1782 consolatur,
1064 1692 1165 1790 quod
1187 1717 1253 1766 vos
1274 1691 1321 1765 de

246 1801 459 1876 criminibus
487 1801 538 1872 sic
565 1798 689 1873 audire
712 1804 932 1890 consuestis,
960 1818 1154 1875 uteorum
1173 1827 1321 1876 omnem

245 1913 562 1987 dissolutionem¹⁰
575 1907 621 1982 ab
637 1924 781 1982 oratore
798 1912 980 2008 quaeratis3
995 1927 1036 1983 ut
1050 1937 1125 1984 nou
1141 1915 1323 1984 existime-

248 2027 308 2112 tis,
327 2023 410 2121 plus
430 2031 532 2124 v0s¹¹
553 2019 598 2091 ad
617 2019 770 2092 salutem
785 2046 850 2094 reo
863 2021 985 2120 largiri
1002 2037 1191 2121 oportere,
1209 2046 1323 2121 quam
1393 2115 1402 2126 Β

247 2148 426 2234 quantum
451 2127 641 2217 defensor,
668 2129 865 2228 purgandis
884 2131 1115 2224 criminibus,
1144 2133 1323 2231 consequi

247 2260 283 2317 et
305 2240 459 2316 dicendo
477 2239 632 2340 probare
651 2243 822 2339 potuerit.
837 2247 891 2314 De
909 2243 1043 2315 invidia
1060 2258 1182 2317 autem·
1199 2245 1320 2322 sicin·

247 2371 303 2428 ter
332 2381 398 2426 vos
425 2351 627 2451 disceptare
654 2349 811 2441 debetis,
840 2368 881 2424 ut
909 2361 1002 2442 non,
1026 2353 1116 2452 quid
1136 2352 1281 2448 dicatur·
1300 2379 1323 2426 a

248 2465 378 2552 nobis,
400 2462 463 2536 sed
494 2463 582 2560 quid
611 2477 779 2561 oporteat
805 2463 901 2552 dici,
923 2464 1167 2538 consideretis.
1193 2466 1323 2563 Agitur

247 2576 397 2647 enimin
417 2571 648 2660 criminibus,
669 2576 711 2644 A.
728 2573 884 2646 Cluentii
895 2575 1085 2674 proprium
1100 2575 1320 2674 periculum;

246 2689 285 2758 in
302 2684 456 2774 invidia,
485 2708 591 2756 causa
614 2685 872 2757 communis¹².
898 2683 1146 2777 Quamobrem
1171 2683 1321 2758 alteram

247 2811 388 2898 partem
406 2817 520 2868 causae
538 2794 589 2867 sic
606 2815 773 2892 agemus,
792 2808 918 2868 utros
941 2793 1153 2886 doceamus;
1173 2795 1322 2870 alteram

283 2999 309 3050 6.
317 2995 493 3063 Subtefitgen.
500 2997 563 3046 Nam
571 2993 658 3044 callide
664 3009 762 3059 postem
842 3010 867 3059 9.
877 2995 918 3043 Sic
928 2997 987 3045 Em.
998 2995 1068 3044 eMS
1080 2994 1192 3043 lambini
1201 2996 1320 3060 reposuit.

250 3089 329 3127 tacere
341 3078 372 3126 de
382 3093 407 3124 re
414 3077 445 3124 ed
456 3089 611 3124 causemuon
618 3073 762 3138 pertinente,
806 3075 889 3140 Vulgo
899 3086 979 3124 entem
988 3075 1078 3140 legitur
1082 3075 1216 3139 prospicio.
1225 3077 1242 3125 J
1244 3077 1283 3126 Ν.
1293 3078 1321 3124 t.

249 3173 305 3221 qun
318 3152 764 3203 multaminvidiamconllavitcluen·
844 3154 1107 3224 rotundationem.
1135 3155 1319 3217 Purgatiouem.

251 3236 295 3290 tio,
314 3243 339 3281 et
361 3233 414 3294 ejus
434 3246 531 3280 cauum
544 3231 764 3296 valdepurpectam
807 3235 890 3298 Quum
902 3246 1029 3283 aecusator
1047 3249 1089 3282 reo
1105 3234 1207 3281 crimina
1219 3233 1322 3296 objicit,

249 3311 342 3361 etteett.
352 3337 388 3347 -·
396 3310 540 3360 otseurare.
554 3308 629 3373 Quod
638 3321 764 3359 accusator
807 3330 859 3363 non
869 3315 987 3364 contiuuo
998 3313 1109 3376 creditis,
1121 3315 1163 3363 red
1177 3305 1322 3382 exspectarit
1378 3316 1381 3322 '

250 3391 320 3450 lecit,
333 3390 376 3454 qui
386 3398 492 3447 tautum,
502 3391 571 3453 quati
579 3389 764 3439 consuetudinis
808 3393 889 3443 donec
902 3411 929 3443 ea
943 3397 979 3444 rei
992 3405 1111 3461 petronus
1121 3395 1269 3447 dissolverit.

250 3486 336 3530 musa,
350 3469 431 3534 tetigit
443 3485 493 3517 rem
505 3481 530 3518 et
541 3469 621 3516 verbis
631 3469 714 3518 multis
725 3470 764 3518 in·
846 3488 888 3523 ιι.
907 3476 966 3523 Plus
980 3491 1035 3524 vor.
1044 3475 1075 3524 ttt
1084 3481 1214 3538 postquam
1224 3475 1322 3535 objecta

248 3551 327 3600 volvit
336 3583 343 3608 ,
351 3565 407 3613 quae
421 3565 435 3596 e
447 3549 499 3612 lege
508 3557 534 3596 et
546 3565 560 3596 e
570 3548 674 3597 consilio
686 3549 764 3614 ipsius
808 3551 942 3600 diluentem
960 3561 1092 3618 patronum
1105 3553 1248 3618 audivistis,
1268 3570 1322 3604 uon

248 3628 391 3695 questionis
401 3627 500 3674 maximi
514 3637 565 3674 erut
574 3627 699 3675 momenti.
806 3632 864 3680 ideo
874 3647 919 3679 voe
927 3633 1002 3696 magb
1013 3648 1056 3681 reo
1063 3633 1156 3691 levetis,
1163 3648 1235 3698 quem
1247 3649 1324 3697 quen·

287 3725 311 3769 ⁴7.
322 3705 426 3770 Propria
436 3714 478 3754 εκ.
488 3705 524 3752 De
537 3706 695 3769 qmquaestio
705 3721 765 3755 con-
807 3721 860 3760 tum
873 3727 903 3759 ex
914 3712 965 3772 eius
975 3711 1115 3760 defensioue
1128 3728 1157 3761 ae
1173 3714 1323 3762 innocentia

250 3789 334 3838 stituta
346 3796 397 3846 eet,
410 3797 435 3834 et
450 3785 507 3834 ideo
516 3784 547 3833 de
556 3801 604 3850 qua
621 3786 764 3834 seutentiam
808 3791 954 3856 argumentis
977 3791 1056 3839 faeere
1069 3807 1141 3855 posse
1163 3793 1322 3840 arbitramini.

249 3866 323 3915 laturi
337 3876 394 3914 sunt
403 3865 508 3926 judices.
848 3886 887 3920 ta.
895 3870 982 3918 cama
994 3871 1134 3920 eomnrunit.
1152 3872 1215 3921 Nam
1228 3872 1248 3918 si
1262 3887 1322 3936 pro-

285 3946 310 3993 8.
321 3943 587 3994 Axotnmodatt'orest·
597 3944 764 3994 Hinlluditur
808 3961 863 4015 pter
882 3950 1039 4010 inveteratam
1059 3949 1177 3999 iuvidiam
1191 3949 1324 4002 damnatur

250 4022 396 4073 turbulentis
406 4025 504 4087 Quintil
524 4025 617 4074 tribuni
634 4027 660 4074 in
671 4025 763 4074 Cluen·
807 4029 946 4089 Cluentius,
967 4029 1008 4078 eui
1029 4045 1081 4080 non
1098 4029 1163 4078 idem
1185 4029 1323 4094 perieulum

251 4101 312 4151 tium
325 4118 353 4150 nc
366 4102 496 4167 Oppianici
508 4101 603 4165 iudicet
616 4103 743 4154 convictis.
807 4109 950 4176 impendet?
