2956 4676
263 339 330 422 144
578 337 625 406 Μ.
652 339 691 405 Τ.
716 336 1001 406 CICERONIS

258 483 342 533 nem
355 474 519 544 tenuem,
536 457 686 530 scribam
700 457 902 544 aedilitium,
924 461 969 528 D.
985 459 1194 529 Matrinium
1209 483 1325 556 quum

227 649 230 656 Ι
257 569 498 644 defendissem
510 568 608 666 apud
621 573 669 640 M.
682 575 699 640 J
703 569 829 639 unium
839 621 848 654 ,
859 570 902 657 Q.
916 565 1118 638 Publicium
1133 583 1325 664 praetores,

256 697 293 756 et
312 685 360 750 M.
380 679 600 764 Plaetorium,
623 682 662 748 C.
681 677 916 764 Flaminium,
934 675 1052 748 aediles
1068 677 1231 764 curules3
1247 703 1326 777 per-

255 793 370 880 suasi,
386 805 427 863 ut
444 788 598 861 scribam
616 790 725 885 jurati
745 788 907 884 legerent
930 783 1058 874 eunti,
1079 811 1190 884 quem
1217 787 1324 858 iidem

255 905 314 975 isti
330 923 495 973 censores
511 899 674 969 serarium
687 897 927 995 reliquissent.
948 899 1072 986 Quum
1086 901 1183 968 enim
1203 901 1241 966 in
1257 897 1324 968 ho·

255 1013 353 1084 mine
377 1010 476 1082 nulla
502 1009 607 1107 culpa
630 1011 874 1105 reperiretur,
900 1007 991 1104 quid
1022 1007 1081 1078 ille
1113 1011 1324 1098 meruisset,

255 1147 331 1194 non
345 1119 491 1220 quidde
509 1143 554 1190 eo
568 1132 743 1190 statutum
753 1132 863 1206 esset,
877 1118 1114 1216 quaerendum
1127 1143 1204 1190 esse
1215 1117 1325 1190 duxe-

255 1248 353 1304 ruut.
381 1234 469 1304 Nam
496 1229 571 1301 haec
595 1227 786 1326 quidemi,
808 1253 888 1326 quae
922 1228 968 1301 de
992 1227 1130 1325 judicio
1150 1243 1324 1326 corrupto

253 1341 549 1438 subscripserint,
569 1343 649 1437 quis
672 1353 744 1426 est,
767 1339 831 1435 qui
852 1337 898 1409 ab
921 1337 989 1410 illis
1012 1341 1097 1410 satis
1121 1339 1265 1434 cognita
1289 1351 1325 1410 et
1434 1343 1436 1348 '
1459 1429 1460 1444 χ

254 1451 445 1549 diligenter
463 1447 621 1545 judicata
640 1447 856 1522 arbitretur?
882 1452 924 1519 In
943 1449 1000 1519 Μ’.
1012 1449 1208 1545 Aquillium
1229 1464 1265 1520 et
1287 1449 1324 1518 in

254 1565 293 1632 T.
313 1564 459 1632 Guttam
474 1558 579 1630 video
597 1583 674 1630 esse
689 1557 944 1657 subscriptum.
957 1558 1051 1647 Quid
1063 1571 1116 1630 est
1129 1558 1219 1628 hoc?
1233 1557 1324 1630 duos

255 1695 332 1743 esse
355 1683 545 1767 corruptos
568 1668 663 1740 solos
681 1670 860 1767 pecunia?
887 1669 985 1762 Quid
1006 1670 1144 1742 ceteri?
1161 1668 1324 1740 videlicet

232 1833 236 1843 .
254 1781 362 1877 gratis
382 1778 698 1852 condemnarunt?
723 1780 805 1850 Non
831 1793 885 1851 est
911 1782 1020 1877 igitur
1040 1783 1324 1865 circumventus,

254 1904 404 1962 nonest
425 1913 620 1988 oppressus
641 1891 819 1988 pecunia,
842 1915 937 1979 non,
963 1906 1003 1962 ut
1023 1889 1091 1960 illae
1121 1891 1324 1980 Quintianae

252 2001 446 2072 conciones
472 1995 696 2086 habebant⁵,
716 2024 861 2089 omncs,
881 2001 946 2098 qui
967 2001 1208 2098 Oppianicum
1236 2021 1322 2070 con·

252 2109 491 2198 domnorum,
507 2110 545 2178 in
554 2109 660 2206 culpa
669 2124 754 2181 sunt
769 2135 810 2181 ac
820 2113 1025 2209 suspicione
1035 2109 1207 2208 ponendi.
1222 2115 1324 2180 Duos

254 2219 349 2293 solos
368 2218 474 2291 video
496 2222 708 2291 auctoritate
739 2245 930 2292 censorum
963 2219 1090 2292 affines
1111 2223 1144 2290 ei
1165 2221 1323 2317 turpitu-

252 2327 327 2400 dini
346 2327 508 2424 judicari.
531 2331 607 2399 Aut
623 2327 713 2400 illud
730 2328 905 2417 afferant,
925 2330 1059 2427 aliquid
1081 2327 1200 2418 sese⁶,
1223 2327 1324 2427 quod

252 2439 299 2510 de
311 2440 353 2508 iis
367 2436 511 2511 duobus
523 2437 732 2509 habuerunt
750 2455 1000 2539 compertum,
1016 2440 1062 2510 de
1080 2440 1209 2511 ceteris
1223 2463 1323 2510 com·

256 2571 424 2730 peiiiiiil.
439 2661 528 2731 Nam
543 2657 635 2728 illud
648 2657 796 2755 quidem
809 2667 819 2701 ¹
840 2661 989 2730 minime
1005 2657 1236 2756 probandum
1251 2672 1322 2745 est,

288 2876 314 2924 3.
336 2877 452 2940 legerent
470 2889 532 2922 eum.
555 2875 633 2932 Eum,
653 2873 765 2937 quemvis
844 2875 870 2922 6.
880 2874 920 2922 stc
930 2875 1056 2922 emendavi
1066 2875 1246 2939 primuslocunr
1258 2875 1322 2924 varic

256 2965 319 3004 esset
337 2971 352 3003 c
371 2953 511 3002 censoribus
531 2963 643 3010 notatus,
662 2952 766 3000 scribam
810 2963 937 3013 vexatum,
953 2953 1051 3018 aliquid
1069 2970 1135 3012 mc,
1155 2955 1233 3004 etsie
1251 2955 1322 3004 cdere

256 3035 392 3100 elegerunt,
402 3049 480 3098 neqm
489 3032 631 3081 sacramenti
642 3034 680 3082 rui
692 3031 765 3082 fldem
809 3048 859 3081 non
874 3031 993 3081 dubiuri.
1007 3035 1031 3081 J.
1042 3033 1073 3081 V.
1088 3035 1113 3080 t..

256 3115 338 3163 fellere
352 3129 378 3162 ee
390 3123 544 3178 putaverunt.
558 3112 675 3161 Censores
684 3123 765 3161 entem
843 3114 933 3160 vat.
949 3127 969 3160 t.
977 3111 1116 3160 Namillud
1123 3111 1230 3176 quidem.
1239 3115 1321 3176 ann

253 3210 305 3243 non
320 3193 351 3241 de
368 3192 500 3240 scribarum
516 3193 601 3240 ordine
618 3208 763 3257 quemquern
808 3200 959 3240 accusatores
969 3189 1163 3253 contenderent,
1178 3191 1205 3238 id
1216 3207 1247 3240 eo
1261 3207 1318 3240 con·

253 3272 397 3334 cjiciebcut;
420 3271 463 3320 sed
481 3281 583 3336 propter
602 3271 674 3332 hujus
698 3283 762 3319 notae
807 3269 1039 3318 cilicccenrcribns
1052 3272 1142 3319 fuctum
1155 3274 1322 3330 ecsc,ntuni·

254 3353 376 3400 insumitur
398 3351 480 3399 aediles
501 3367 532 3399 cx
552 3349 609 3398 atho
631 3350 764 3399 scribarum
807 3365 890 3396 versos
909 3350 979 3398 istinc
1002 3365 1081 3397 cauca
1100 3349 1194 3410 iudices
1213 3350 1317 3399 duorum

253 3431 333 3480 delere
345 3440 473 3496 poterent,
489 3431 510 3478 si
522 3430 665 3479 mercinent
677 3441 706 3478 ut
715 3444 763 3478 no·
807 3428 920 3494 exemplo
934 3439 959 3477 ct
971 3428 1103 3478 multorum
1117 3440 1215 3494 peccet·
1227 3445 1319 3494 pecco·

256 3519 372 3558 terentnr.
808 3525 862 3556 rum
875 3525 947 3574 poenc
961 3509 1122 3574 cestigrrent,
1136 3510 1268 3574 respondet
1280 3511 1320 3560 Ci-

287 3596 312 3644 4.
326 3587 392 3634 Nam
403 3585 455 3635 lucc
467 3585 570 3651 quidem.
585 3588 647 3648 Quor
661 3601 719 3634 vcro
732 3587 765 3635 cd
810 3603 866 3636 cero
880 3587 943 3636 illud
956 3589 1070 3653 profecto
1085 3605 1135 3637 non
1149 3605 1200 3637 esce
1214 3607 1227 3637 c
1241 3605 1314 3638 censo

254 3683 351 3728 causam
376 3668 484 3731 corrupti
507 3682 521 3713 ι
546 3665 658 3714 Cluentio
677 3665 765 3728 judicii
808 3666 876 3713 ribus
889 3666 1094 3730 exspectandum,
1110 3679 1153 3728 nt,
1171 3667 1240 3732 quod
1254 3670 1280 3716 iu
1295 3683 1319 3716 re

252 3747 381 3810 pertinent.
808 3745 908 3793 militari
921 3743 975 3794 fieri
995 3747 1073 3806 solet,
1093 3747 1160 3811 quusi
1175 3745 1319 3812 quibusdem

287 3826 313 3873 5.
338 3823 471 3874 Habebunt.
494 3821 621 3873 Dicebant.
644 3823 683 3872 Sic
699 3834 764 3872 reete
808 3834 874 3871 torte
886 3823 986 3883 electis,
998 3827 1025 3873 in
1038 3841 1101 3889 quor
1115 3824 1318 3874 cnimndvertere-

252 3905 346 3952 Ernest.
367 3917 413 3966 pro
432 3923 443 3943 ι
455 3899 608 3952 habebantur
617 3923 637 3950 ν.
650 3905 732 3952 Groer.
750 3919 764 3949 e
809 3913 856 3962 tur,
865 3915 958 3953 ceteros
968 3907 1172 3970 praetennirerint.
1180 3904 1245 3953 Illud
1256 3905 1317 3952 enirn

250 3983 312 4029 MSS
331 3981 467 4040 conjecerat
495 3981 543 4028 nin
567 3981 608 4028 ttn
631 3983 763 4045 Quintium
807 3981 904 4030 civilem
919 3984 1067 4032 inordincm
1079 3984 1318 4047 nullcrncdoposee

250 4061 367 4108 concione
377 4058 541 4108 habebaturn.
808 4061 940 4110 transferri.
