<?xml version="1.0" encoding="UTF-8"?>
<!DOCTYPE html PUBLIC "-//W3C//DTD XHTML 1.0 Transitional//EN"
    "http://www.w3.org/TR/xhtml1/DTD/xhtml1-transitional.dtd">
<html xmlns="http://www.w3.org/1999/xhtml" xml:lang="en" lang="en">
 <head>
  <title>
</title>
<meta http-equiv="Content-Type" content="text/html;charset=utf-8" />
  <meta name='ocr-system' content='tesseract 3.04.00' />
  <meta name='ocr-capabilities' content='ocr_page ocr_carea ocr_par ocr_line ocrx_word'/>
</head>
<body>
  <div class='ocr_page' id='page_1' title='image "./mtciceronisquae00lemagoog_0581.png"; bbox 0 0 2988 4668; ppageno 0'>
   <div class='ocr_carea' id='block_1_1' title="bbox 298 333 1041 487">
    <p class='ocr_par' dir='ltr' id='par_1_1' title="bbox 298 333 1041 487">
     <span class='ocr_line' id='line_1_1' title="bbox 298 333 1041 487; baseline 0.001 -31"><span class='ocrx_word' id='word_1_1' title='bbox 298 384 365 487; x_wconf 21' lang='lat'><strong>5722</strong></span> <span class='ocrx_word' id='word_1_2' title='bbox 619 387 668 456; x_wconf 85' lang='lat' dir='ltr'><strong>u.</strong></span> <span class='ocrx_word' id='word_1_3' title='bbox 695 387 733 454; x_wconf 87' lang='lat' dir='ltr'><strong>r.</strong></span> <span class='ocrx_word' id='word_1_4' title='bbox 761 333 1041 460; x_wconf 75' lang='lat' dir='ltr'><strong>ciceronis</strong></span> 
     </span>
    </p>
   </div>
   <div class='ocr_carea' id='block_1_2' title="bbox 292 503 1364 2370">
    <p class='ocr_par' dir='ltr' id='par_1_2' title="bbox 294 503 1364 1045">
     <span class='ocr_line' id='line_1_2' title="bbox 294 503 1364 605; baseline 0.003 -27"><span class='ocrx_word' id='word_1_5' title='bbox 294 521 356 578; x_wconf 87' lang='lat' dir='ltr'><strong>est.</strong></span> <span class='ocrx_word' id='word_1_6' title='bbox 379 507 440 578; x_wconf 90' lang='lat' dir='ltr'><strong>Dii</strong></span> <span class='ocrx_word' id='word_1_7' title='bbox 461 503 596 594; x_wconf 84' lang='lat' dir='ltr'><strong>faxint,</strong></span> <span class='ocrx_word' id='word_1_8' title='bbox 617 521 659 578; x_wconf 91' lang='lat' dir='ltr'><strong>ut</strong></span> <span class='ocrx_word' id='word_1_9' title='bbox 674 529 778 578; x_wconf 86' lang='lat' dir='ltr'><strong>meus</strong></span> <span class='ocrx_word' id='word_1_10' title='bbox 794 505 951 605; x_wconf 83' lang='lat' dir='ltr'>collega,</span> <span class='ocrx_word' id='word_1_11' title='bbox 970 510 1025 578; x_wconf 87' lang='lat' dir='ltr'><strong>vir</strong></span> <span class='ocrx_word' id='word_1_12' title='bbox 1038 506 1274 592; x_wconf 84' lang='lat' dir='ltr'><strong>fortissimus,</strong></span> <span class='ocrx_word' id='word_1_13' title='bbox 1296 511 1364 581; x_wconf 90' lang='lat' dir='ltr'><strong>hoc</strong></span> 
     </span>
     <span class='ocr_line' id='line_1_3' title="bbox 295 615 1364 718; baseline 0.004 -28"><span class='ocrx_word' id='word_1_14' title='bbox 295 617 457 690; x_wconf 72' lang='lat' dir='ltr'><strong>Catilina</strong></span> <span class='ocrx_word' id='word_1_15' title='bbox 470 615 649 690; x_wconf 85' lang='lat' dir='ltr'><strong>nefarium</strong></span> <span class='ocrx_word' id='word_1_16' title='bbox 668 615 897 690; x_wconf 86' lang='lat' dir='ltr'><strong>latrocinium</strong></span> <span class='ocrx_word' id='word_1_17' title='bbox 911 633 1070 694; x_wconf 86' lang='lat' dir='ltr'><strong>armatus</strong></span> <span class='ocrx_word' id='word_1_18' title='bbox 1081 619 1281 717; x_wconf 88' lang='lat' dir='ltr'><strong>opprimat!</strong></span> <span class='ocrx_word' id='word_1_19' title='bbox 1299 648 1364 718; x_wconf 87' lang='lat' dir='ltr'><strong>ego</strong></span> 
     </span>
     <span class='ocr_line' id='line_1_4' title="bbox 295 723 1364 826; baseline 0.001 -27"><span class='ocrx_word' id='word_1_20' title='bbox 295 743 455 826; x_wconf 86' lang='lat' dir='ltr'><strong>togatus,</strong></span> <span class='ocrx_word' id='word_1_21' title='bbox 472 726 594 814; x_wconf 90' lang='lat' dir='ltr'><strong>vobis,</strong></span> <span class='ocrx_word' id='word_1_22' title='bbox 606 725 786 823; x_wconf 84' lang='lat' dir='ltr'><strong>bonisque</strong></span> <span class='ocrx_word' id='word_1_23' title='bbox 798 723 829 769; x_wconf 83' lang='lat'><strong>¹³</strong></span> <span class='ocrx_word' id='word_1_24' title='bbox 841 725 1011 800; x_wconf 90' lang='lat' dir='ltr'><strong>omnibus</strong></span> <span class='ocrx_word' id='word_1_25' title='bbox 1019 726 1264 823; x_wconf 87' lang='lat' dir='ltr'><strong>adjutoribus,</strong></span> <span class='ocrx_word' id='word_1_26' title='bbox 1277 730 1364 817; x_wconf 92' lang='lat' dir='ltr'><strong>hoc,</strong></span> 
     </span>
     <span class='ocr_line' id='line_1_5' title="bbox 296 834 1364 936; baseline 0 -26"><span class='ocrx_word' id='word_1_27' title='bbox 296 839 398 936; x_wconf 91' lang='lat' dir='ltr'><strong>quod</strong></span> <span class='ocrx_word' id='word_1_28' title='bbox 417 852 637 936; x_wconf 90' lang='lat' dir='ltr'><strong>conceptum</strong></span> <span class='ocrx_word' id='word_1_29' title='bbox 655 834 857 934; x_wconf 80' lang='lat' dir='ltr'><strong>respublica</strong></span> <span class='ocrx_word' id='word_1_30' title='bbox 876 837 1075 935; x_wconf 88' lang='lat' dir='ltr'><strong>periculum</strong></span> <span class='ocrx_word' id='word_1_31' title='bbox 1092 842 1269 935; x_wconf 89' lang='lat' dir='ltr'><strong>parturit,</strong></span> <span class='ocrx_word' id='word_1_32' title='bbox 1281 865 1364 912; x_wconf 91' lang='lat' dir='ltr'><strong>con-</strong></span> 
     </span>
     <span class='ocr_line' id='line_1_6' title="bbox 295 944 913 1045; baseline -0.006 -25"><span class='ocrx_word' id='word_1_33' title='bbox 295 950 374 1020; x_wconf 89' lang='lat' dir='ltr'><strong>silio</strong></span> <span class='ocrx_word' id='word_1_34' title='bbox 394 949 583 1020; x_wconf 81' lang='lat' dir='ltr'><strong>discutiam</strong></span> <span class='ocrx_word' id='word_1_35' title='bbox 603 961 639 1018; x_wconf 91' lang='lat' dir='ltr'><strong>et</strong></span> <span class='ocrx_word' id='word_1_36' title='bbox 659 944 913 1045; x_wconf 83' lang='lat' dir='ltr'><strong>comprimam!</strong></span> 
     </span>
    </p>

    <p class='ocr_par' dir='ltr' id='par_1_3' title="bbox 292 1055 1364 2370">
     <span class='ocr_line' id='line_1_7' title="bbox 343 1055 1364 1155; baseline -0.002 -23"><span class='ocrx_word' id='word_1_37' title='bbox 343 1057 412 1132; x_wconf 87' lang='lat' dir='ltr'><strong>Sed</strong></span> <span class='ocrx_word' id='word_1_38' title='bbox 434 1055 524 1155; x_wconf 92' lang='lat' dir='ltr'><strong>quid</strong></span> <span class='ocrx_word' id='word_1_39' title='bbox 545 1055 692 1129; x_wconf 89' lang='lat' dir='ltr'><strong>tandem</strong></span> <span class='ocrx_word' id='word_1_40' title='bbox 715 1055 799 1144; x_wconf 89' lang='lat' dir='ltr'><strong>fiet,</strong></span> <span class='ocrx_word' id='word_1_41' title='bbox 820 1057 850 1126; x_wconf 93' lang='lat' dir='ltr'><strong>si</strong></span> <span class='ocrx_word' id='word_1_42' title='bbox 876 1055 952 1128; x_wconf 85' lang='lat' dir='ltr'><strong>haec</strong></span> <span class='ocrx_word' id='word_1_43' title='bbox 976 1056 1096 1155; x_wconf 87' lang='lat' dir='ltr'><strong>elapsa</strong></span> <span class='ocrx_word' id='word_1_44' title='bbox 1123 1056 1169 1128; x_wconf 90' lang='lat' dir='ltr'><strong>de</strong></span> <span class='ocrx_word' id='word_1_45' title='bbox 1197 1057 1364 1130; x_wconf 89' lang='lat' dir='ltr'><strong>manibus</strong></span> 
     </span>
     <span class='ocr_line' id='line_1_8' title="bbox 293 1168 1363 1264; baseline 0.001 -24"><span class='ocrx_word' id='word_1_46' title='bbox 293 1170 440 1252; x_wconf 84' lang='lat' dir='ltr'><strong>uostris,</strong></span> <span class='ocrx_word' id='word_1_47' title='bbox 460 1169 497 1240; x_wconf 91' lang='lat' dir='ltr'><strong>in</strong></span> <span class='ocrx_word' id='word_1_48' title='bbox 520 1191 606 1240; x_wconf 89' lang='lat' dir='ltr'><strong>eum</strong></span> <span class='ocrx_word' id='word_1_49' title='bbox 629 1190 788 1254; x_wconf 89' lang='lat' dir='ltr'><strong>aunum,</strong></span> <span class='ocrx_word' id='word_1_50' title='bbox 809 1169 874 1264; x_wconf 92' lang='lat' dir='ltr'><strong>qui</strong></span> <span class='ocrx_word' id='word_1_51' title='bbox 894 1169 1153 1264; x_wconf 81' lang='lat' dir='ltr'><strong>consequitur,</strong></span> <span class='ocrx_word' id='word_1_52' title='bbox 1180 1168 1363 1241; x_wconf 88' lang='lat' dir='ltr'><strong>redunda-</strong></span> 
     </span>
     <span class='ocr_line' id='line_1_9' title="bbox 293 1275 1363 1362; baseline -0.002 -10"><span class='ocrx_word' id='word_1_53' title='bbox 293 1281 407 1352; x_wconf 73' lang='lat' dir='ltr'><strong>rint¹l</strong></span> <span class='ocrx_word' id='word_1_54' title='bbox 419 1278 434 1348; x_wconf 70' lang='grc' dir='ltr'>Ρ</span> <span class='ocrx_word' id='word_1_55' title='bbox 447 1283 551 1349; x_wconf 89' lang='lat' dir='ltr'><strong>Unus</strong></span> <span class='ocrx_word' id='word_1_56' title='bbox 565 1278 634 1348; x_wconf 89' lang='lat' dir='ltr'><strong>erit</strong></span> <span class='ocrx_word' id='word_1_57' title='bbox 650 1276 797 1362; x_wconf 88' lang='lat' dir='ltr'><strong>consul,</strong></span> <span class='ocrx_word' id='word_1_58' title='bbox 815 1292 853 1348; x_wconf 84' lang='lat' dir='ltr'><strong>et</strong></span> <span class='ocrx_word' id='word_1_59' title='bbox 870 1278 900 1348; x_wconf 90' lang='lat' dir='ltr'><strong>is</strong></span> <span class='ocrx_word' id='word_1_60' title='bbox 925 1301 1000 1348; x_wconf 89' lang='lat' dir='ltr'><strong>non</strong></span> <span class='ocrx_word' id='word_1_61' title='bbox 1020 1278 1058 1348; x_wconf 90' lang='lat' dir='ltr'><strong>iu</strong></span> <span class='ocrx_word' id='word_1_62' title='bbox 1079 1275 1363 1351; x_wconf 88' lang='lat' dir='ltr'><strong>administrando</strong></span> 
     </span>
     <span class='ocr_line' id='line_1_10' title="bbox 292 1385 1361 1486; baseline -0.001 -25"><span class='ocrx_word' id='word_1_63' title='bbox 292 1390 408 1478; x_wconf 89' lang='lat' dir='ltr'><strong>bello,</strong></span> <span class='ocrx_word' id='word_1_64' title='bbox 427 1387 490 1460; x_wconf 87' lang='lat' dir='ltr'><strong>sed</strong></span> <span class='ocrx_word' id='word_1_65' title='bbox 506 1389 543 1458; x_wconf 92' lang='lat' dir='ltr'><strong>in</strong></span> <span class='ocrx_word' id='word_1_66' title='bbox 564 1385 778 1460; x_wconf 82' lang='lat' dir='ltr'><strong>sufficiendo</strong></span> <span class='ocrx_word' id='word_1_67' title='bbox 794 1386 931 1484; x_wconf 83' lang='lat' dir='ltr'><strong>collega</strong></span> <span class='ocrx_word' id='word_1_68' title='bbox 947 1403 1165 1486; x_wconf 89' lang='lat' dir='ltr'><strong>occupatus:</strong></span> <span class='ocrx_word' id='word_1_69' title='bbox 1179 1387 1361 1485; x_wconf 86' lang='lat' dir='ltr'><strong>hunojam</strong></span> 
     </span>
     <span class='ocr_line' id='line_1_11' title="bbox 294 1493 1363 1597; baseline 0.001 -28"><span class='ocrx_word' id='word_1_70' title='bbox 294 1502 358 1597; x_wconf 90' lang='lat' dir='ltr'><strong>qui</strong></span> <span class='ocrx_word' id='word_1_71' title='bbox 371 1495 580 1596; x_wconf 82' lang='lat' dir='ltr'><strong>impedituri</strong></span> <span class='ocrx_word' id='word_1_72' title='bbox 595 1499 668 1568; x_wconf 91' lang='lat' dir='ltr'><strong>sint</strong></span> <span class='ocrx_word' id='word_1_73' title='bbox 680 1493 820 1583; x_wconf 84' lang='lat' dir='ltr'><strong>¹⁵,*illa</strong></span> <span class='ocrx_word' id='word_1_74' title='bbox 833 1499 943 1595; x_wconf 87' lang='lat' dir='ltr'><strong>pestis</strong></span> <span class='ocrx_word' id='word_1_75' title='bbox 960 1501 1146 1581; x_wconf 88' lang='lat' dir='ltr'><strong>immanis,</strong></span> <span class='ocrx_word' id='word_1_76' title='bbox 1158 1501 1363 1594; x_wconf 90' lang='lat' dir='ltr'><strong>importuna</strong></span> 
     </span>
     <span class='ocr_line' id='line_1_12' title="bbox 292 1609 1362 1708; baseline -0.001 -25"><span class='ocrx_word' id='word_1_77' title='bbox 292 1609 452 1683; x_wconf 74' lang='lat' dir='ltr'><strong>Catilinae</strong></span> <span class='ocrx_word' id='word_1_78' title='bbox 468 1622 701 1707; x_wconf 86' lang='lat' dir='ltr'><strong>prorumpet,</strong></span> <span class='ocrx_word' id='word_1_79' title='bbox 725 1632 797 1705; x_wconf 91' lang='lat' dir='ltr'><strong>qua</strong></span> <span class='ocrx_word' id='word_1_80' title='bbox 815 1611 971 1706; x_wconf 90' lang='lat' dir='ltr'><strong>poterit;</strong></span> <span class='ocrx_word' id='word_1_81' title='bbox 993 1623 1028 1678; x_wconf 90' lang='lat' dir='ltr'><strong>et</strong></span> <span class='ocrx_word' id='word_1_82' title='bbox 1045 1611 1118 1705; x_wconf 88' lang='lat' dir='ltr'><strong>jam</strong></span> <span class='ocrx_word' id='word_1_83' title='bbox 1144 1611 1286 1708; x_wconf 93' lang='lat' dir='ltr'><strong>populo</strong></span> <span class='ocrx_word' id='word_1_84' title='bbox 1304 1637 1362 1682; x_wconf 90' lang='lat' dir='ltr'><strong>ro·</strong></span> 
     </span>
     <span class='ocr_line' id='line_1_13' title="bbox 292 1715 1361 1817; baseline -0.002 -25"><span class='ocrx_word' id='word_1_85' title='bbox 292 1745 400 1794; x_wconf 86' lang='lat' dir='ltr'><strong>mano</strong></span> <span class='ocrx_word' id='word_1_86' title='bbox 417 1720 575 1790; x_wconf 90' lang='lat' dir='ltr'><strong>minatur</strong></span> <span class='ocrx_word' id='word_1_87' title='bbox 592 1747 600 1787; x_wconf 91' lang='lat'><strong>:</strong></span> <span class='ocrx_word' id='word_1_88' title='bbox 623 1719 661 1789; x_wconf 90' lang='lat' dir='ltr'><strong>in</strong></span> <span class='ocrx_word' id='word_1_89' title='bbox 683 1742 788 1816; x_wconf 90' lang='lat' dir='ltr'><strong>agros</strong></span> <span class='ocrx_word' id='word_1_90' title='bbox 806 1715 1038 1790; x_wconf 91' lang='lat' dir='ltr'><strong>suburbanos</strong></span> <span class='ocrx_word' id='word_1_91' title='bbox 1052 1735 1205 1817; x_wconf 88' lang='lat' dir='ltr'><strong>repente</strong></span> <span class='ocrx_word' id='word_1_92' title='bbox 1220 1718 1361 1791; x_wconf 89' lang='lat' dir='ltr'><strong>advola-</strong></span> 
     </span>
     <span class='ocr_line' id='line_1_14' title="bbox 292 1827 1361 1918; baseline -0.002 -16"><span class='ocrx_word' id='word_1_93' title='bbox 292 1830 368 1918; x_wconf 81' lang='lat' dir='ltr'><strong>bit;</strong></span> <span class='ocrx_word' id='word_1_94' title='bbox 384 1829 584 1900; x_wconf 87' lang='lat' dir='ltr'><strong>versabitur</strong></span> <span class='ocrx_word' id='word_1_95' title='bbox 595 1832 633 1900; x_wconf 91' lang='lat' dir='ltr'><strong>in</strong></span> <span class='ocrx_word' id='word_1_96' title='bbox 648 1833 773 1900; x_wconf 87' lang='lat' dir='ltr'><strong>castris</strong></span> <span class='ocrx_word' id='word_1_97' title='bbox 787 1827 888 1900; x_wconf 84' lang='lat' dir='ltr'><strong>furor</strong></span> <span class='ocrx_word' id='word_1_98' title='bbox 899 1883 909 1916; x_wconf 93' lang='lat'><strong>,</strong></span> <span class='ocrx_word' id='word_1_99' title='bbox 922 1832 958 1898; x_wconf 92' lang='lat' dir='ltr'><strong>in</strong></span> <span class='ocrx_word' id='word_1_100' title='bbox 975 1831 1074 1900; x_wconf 91' lang='lat' dir='ltr'><strong>curia</strong></span> <span class='ocrx_word' id='word_1_101' title='bbox 1089 1831 1216 1917; x_wconf 88' lang='lat' dir='ltr'><strong>timor,</strong></span> <span class='ocrx_word' id='word_1_102' title='bbox 1232 1832 1271 1900; x_wconf 90' lang='lat' dir='ltr'><strong>in</strong></span> <span class='ocrx_word' id='word_1_103' title='bbox 1285 1827 1361 1900; x_wconf 86' lang='lat' dir='ltr'><strong>foro</strong></span> 
     </span>
     <span class='ocr_line' id='line_1_15' title="bbox 293 1935 1359 2038; baseline -0.001 -25"><span class='ocrx_word' id='word_1_104' title='bbox 293 1942 514 2036; x_wconf 86' lang='lat' dir='ltr'><strong>conjuratio,</strong></span> <span class='ocrx_word' id='word_1_105' title='bbox 537 1943 576 2012; x_wconf 89' lang='lat' dir='ltr'><strong>in</strong></span> <span class='ocrx_word' id='word_1_106' title='bbox 597 1963 725 2038; x_wconf 87' lang='lat' dir='ltr'><strong>campo</strong></span> <span class='ocrx_word' id='word_1_107' title='bbox 753 1935 989 2027; x_wconf 63' lang='lat' dir='ltr'><strong>exercitusffi,</strong></span> <span class='ocrx_word' id='word_1_108' title='bbox 1018 1942 1056 2009; x_wconf 92' lang='lat' dir='ltr'><strong>in</strong></span> <span class='ocrx_word' id='word_1_109' title='bbox 1081 1943 1175 2037; x_wconf 87' lang='lat' dir='ltr'><strong>agris</strong></span> <span class='ocrx_word' id='word_1_110' title='bbox 1199 1942 1359 2027; x_wconf 82' lang='lat' dir='ltr'><strong>vastitas3</strong></span> 
     </span>
     <span class='ocr_line' id='line_1_16' title="bbox 298 2048 1360 2148; baseline -0.002 -24"><span class='ocrx_word' id='word_1_111' title='bbox 298 2053 400 2124; x_wconf 90' lang='lat' dir='ltr'><strong>omni</strong></span> <span class='ocrx_word' id='word_1_112' title='bbox 428 2064 549 2122; x_wconf 87' lang='lat' dir='ltr'><strong>autem</strong></span> <span class='ocrx_word' id='word_1_113' title='bbox 587 2051 625 2120; x_wconf 92' lang='lat' dir='ltr'><strong>in</strong></span> <span class='ocrx_word' id='word_1_114' title='bbox 655 2050 739 2122; x_wconf 86' lang='lat' dir='ltr'><strong>sede</strong></span> <span class='ocrx_word' id='word_1_115' title='bbox 772 2076 813 2122; x_wconf 89' lang='lat' dir='ltr'><strong>ac</strong></span> <span class='ocrx_word' id='word_1_116' title='bbox 839 2049 921 2122; x_wconf 91' lang='lat' dir='ltr'><strong>loco</strong></span> <span class='ocrx_word' id='word_1_117' title='bbox 947 2048 1085 2122; x_wconf 85' lang='lat' dir='ltr'><strong>ferrum</strong></span> <span class='ocrx_word' id='word_1_118' title='bbox 1107 2050 1360 2148; x_wconf 77' lang='lat' dir='ltr'><strong>flammamque</strong></span> 
     </span>
     <span class='ocr_line' id='line_1_17' title="bbox 295 2160 1360 2259; baseline -0.003 -24"><span class='ocrx_word' id='word_1_119' title='bbox 295 2179 512 2236; x_wconf 89' lang='lat' dir='ltr'><strong>metuemus.</strong></span> <span class='ocrx_word' id='word_1_120' title='bbox 526 2163 617 2251; x_wconf 88' lang='lat' dir='ltr'><strong>Quae</strong></span> <span class='ocrx_word' id='word_1_121' title='bbox 629 2160 768 2256; x_wconf 87' lang='lat' dir='ltr'><strong>jamdiu</strong></span> <span class='ocrx_word' id='word_1_122' title='bbox 781 2175 1055 2259; x_wconf 83' lang='lat' dir='ltr'><strong>comparantur,</strong></span> <span class='ocrx_word' id='word_1_123' title='bbox 1069 2162 1195 2233; x_wconf 87' lang='lat' dir='ltr'><strong>eadem</strong></span> <span class='ocrx_word' id='word_1_124' title='bbox 1207 2164 1274 2234; x_wconf 91' lang='lat' dir='ltr'><strong>ista</strong></span> <span class='ocrx_word' id='word_1_125' title='bbox 1287 2185 1360 2232; x_wconf 92' lang='lat' dir='ltr'><strong>om·</strong></span> 
     </span>
     <span class='ocr_line' id='line_1_18' title="bbox 293 2271 1359 2370; baseline -0.004 -24"><span class='ocrx_word' id='word_1_126' title='bbox 293 2275 368 2362; x_wconf 86' lang='lat' dir='ltr'><strong>nia,</strong></span> <span class='ocrx_word' id='word_1_127' title='bbox 387 2274 424 2350; x_wconf 84' lang='lat' dir='ltr'><strong>si</strong></span> <span class='ocrx_word' id='word_1_128' title='bbox 439 2285 567 2344; x_wconf 89' lang='lat' dir='ltr'><strong>ornata</strong></span> <span class='ocrx_word' id='word_1_129' title='bbox 580 2282 608 2328; x_wconf 81' lang='lat'><strong>¹⁷</strong></span> <span class='ocrx_word' id='word_1_130' title='bbox 636 2273 709 2342; x_wconf 88' lang='lat' dir='ltr'><strong>suis</strong></span> <span class='ocrx_word' id='word_1_131' title='bbox 733 2271 905 2368; x_wconf 86' lang='lat' dir='ltr'><strong>praesidiis</strong></span> <span class='ocrx_word' id='word_1_132' title='bbox 932 2272 1001 2343; x_wconf 91' lang='lat' dir='ltr'><strong>erit</strong></span> <span class='ocrx_word' id='word_1_133' title='bbox 1020 2271 1245 2370; x_wconf 89' lang='lat' dir='ltr'><strong>respublica,</strong></span> <span class='ocrx_word' id='word_1_134' title='bbox 1264 2271 1359 2344; x_wconf 85' lang='lat' dir='ltr'><strong>facile</strong></span> 
     </span>
    </p>
   </div>
   <div class='ocr_carea' id='block_1_3' title="bbox 290 2379 1359 3148">
    <p class='ocr_par' dir='ltr' id='par_1_4' title="bbox 292 2379 1359 2592">
     <span class='ocr_line' id='line_1_19' title="bbox 293 2379 1359 2482; baseline -0.001 -27"><span class='ocrx_word' id='word_1_135' title='bbox 293 2400 329 2455; x_wconf 86' lang='lat' dir='ltr'><strong>et</strong></span> <span class='ocrx_word' id='word_1_136' title='bbox 351 2385 624 2480; x_wconf 85' lang='lat' dir='ltr'><strong>magistratuum</strong></span> <span class='ocrx_word' id='word_1_137' title='bbox 643 2382 818 2470; x_wconf 89' lang='lat' dir='ltr'><strong>consiliis,</strong></span> <span class='ocrx_word' id='word_1_138' title='bbox 836 2397 873 2452; x_wconf 87' lang='lat' dir='ltr'><strong>et</strong></span> <span class='ocrx_word' id='word_1_139' title='bbox 890 2383 1114 2480; x_wconf 85' lang='lat' dir='ltr'><strong>privatorum</strong></span> <span class='ocrx_word' id='word_1_140' title='bbox 1129 2379 1158 2426; x_wconf 81' lang='lat'><strong>¹⁸</strong></span> <span class='ocrx_word' id='word_1_141' title='bbox 1179 2383 1359 2482; x_wconf 84' lang='lat' dir='ltr'><strong>diligentia</strong></span> 
     </span>
     <span class='ocr_line' id='line_1_20' title="bbox 292 2496 557 2592; baseline -0.03 -24"><span class='ocrx_word' id='word_1_142' title='bbox 292 2496 557 2592; x_wconf 88' lang='lat' dir='ltr'><strong>opprimentur.</strong></span> 
     </span>
    </p>

    <p class='ocr_par' dir='ltr' id='par_1_5' title="bbox 290 2603 1358 3148">
     <span class='ocr_line' id='line_1_21' title="bbox 340 2603 1357 2700; baseline -0.002 -24"><span class='ocrx_word' id='word_1_143' title='bbox 340 2607 414 2676; x_wconf 86' lang='lat' dir='ltr'><strong>XL.</strong></span> <span class='ocrx_word' id='word_1_144' title='bbox 437 2605 526 2692; x_wconf 76' lang='lat' dir='ltr'><strong>Qum</strong></span> <span class='ocrx_word' id='word_1_145' title='bbox 545 2627 660 2699; x_wconf 91' lang='lat' dir='ltr'><strong>quum</strong></span> <span class='ocrx_word' id='word_1_146' title='bbox 684 2604 733 2673; x_wconf 89' lang='lat' dir='ltr'><strong>ita</strong></span> <span class='ocrx_word' id='word_1_147' title='bbox 751 2605 866 2690; x_wconf 87' lang='lat' dir='ltr'><strong>sint¹,</strong></span> <span class='ocrx_word' id='word_1_148' title='bbox 883 2603 1039 2698; x_wconf 89' lang='lat' dir='ltr'><strong>judices,</strong></span> <span class='ocrx_word' id='word_1_149' title='bbox 1061 2605 1218 2700; x_wconf 89' lang='lat' dir='ltr'><strong>primum</strong></span> <span class='ocrx_word' id='word_1_150' title='bbox 1241 2605 1357 2700; x_wconf 89' lang='lat' dir='ltr'><strong>reipu-</strong></span> 
     </span>
     <span class='ocr_line' id='line_1_22' title="bbox 291 2713 1357 2814; baseline -0.002 -28"><span class='ocrx_word' id='word_1_151' title='bbox 291 2714 392 2786; x_wconf 87' lang='lat' dir='ltr'><strong>blicae</strong></span> <span class='ocrx_word' id='word_1_152' title='bbox 406 2737 529 2797; x_wconf 89' lang='lat' dir='ltr'><strong>causa,</strong></span> <span class='ocrx_word' id='word_1_153' title='bbox 548 2737 621 2809; x_wconf 92' lang='lat' dir='ltr'><strong>qua</strong></span> <span class='ocrx_word' id='word_1_154' title='bbox 636 2713 735 2785; x_wconf 90' lang='lat' dir='ltr'><strong>nulla</strong></span> <span class='ocrx_word' id='word_1_155' title='bbox 746 2737 803 2784; x_wconf 89' lang='lat' dir='ltr'><strong>res</strong></span> <span class='ocrx_word' id='word_1_156' title='bbox 816 2715 986 2810; x_wconf 88' lang='lat' dir='ltr'><strong>cuiquam</strong></span> <span class='ocrx_word' id='word_1_157' title='bbox 1003 2717 1125 2814; x_wconf 90' lang='lat' dir='ltr'><strong>potior</strong></span> <span class='ocrx_word' id='word_1_158' title='bbox 1141 2713 1253 2786; x_wconf 88' lang='lat' dir='ltr'><strong>debet</strong></span> <span class='ocrx_word' id='word_1_159' title='bbox 1267 2738 1357 2800; x_wconf 87' lang='lat' dir='ltr'><strong>esse,</strong></span> 
     </span>
     <span class='ocr_line' id='line_1_23' title="bbox 290 2823 1358 2922; baseline -0.002 -28"><span class='ocrx_word' id='word_1_160' title='bbox 290 2850 374 2914; x_wconf 89' lang='lat' dir='ltr'><strong>vos,</strong></span> <span class='ocrx_word' id='word_1_161' title='bbox 388 2849 456 2922; x_wconf 91' lang='lat' dir='ltr'><strong>pro</strong></span> <span class='ocrx_word' id='word_1_162' title='bbox 469 2847 549 2893; x_wconf 90' lang='lat' dir='ltr'><strong>mea</strong></span> <span class='ocrx_word' id='word_1_163' title='bbox 564 2847 703 2894; x_wconf 87' lang='lat' dir='ltr'><strong>summa</strong></span> <span class='ocrx_word' id='word_1_164' title='bbox 718 2837 753 2894; x_wconf 89' lang='lat' dir='ltr'><strong>et</strong></span> <span class='ocrx_word' id='word_1_165' title='bbox 767 2823 871 2896; x_wconf 85' lang='lat' dir='ltr'><strong>vobis</strong></span> <span class='ocrx_word' id='word_1_166' title='bbox 890 2827 1034 2922; x_wconf 88' lang='lat' dir='ltr'><strong>cognita</strong></span> <span class='ocrx_word' id='word_1_167' title='bbox 1046 2826 1084 2894; x_wconf 93' lang='lat' dir='ltr'><strong>in</strong></span> <span class='ocrx_word' id='word_1_168' title='bbox 1096 2823 1358 2922; x_wconf 88' lang='lat' dir='ltr'><strong>rempublicam</strong></span> 
     </span>
     <span class='ocr_line' id='line_1_24' title="bbox 291 2933 1357 3034; baseline -0.005 -27"><span class='ocrx_word' id='word_1_169' title='bbox 291 2936 492 3034; x_wconf 83' lang='lat' dir='ltr'><strong>diligentia,</strong></span> <span class='ocrx_word' id='word_1_170' title='bbox 514 2957 671 3022; x_wconf 88' lang='lat' dir='ltr'><strong>moneo,</strong></span> <span class='ocrx_word' id='word_1_171' title='bbox 698 2957 765 3031; x_wconf 86' lang='lat' dir='ltr'><strong>pro</strong></span> <span class='ocrx_word' id='word_1_172' title='bbox 784 2936 997 3005; x_wconf 82' lang='lat' dir='ltr'><strong>auctoritate</strong></span> <span class='ocrx_word' id='word_1_173' title='bbox 1018 2933 1201 3006; x_wconf 87' lang='lat' dir='ltr'><strong>consulari</strong></span> <span class='ocrx_word' id='word_1_174' title='bbox 1218 2934 1357 3016; x_wconf 90' lang='lat' dir='ltr'><strong>hortor,</strong></span> 
     </span>
     <span class='ocr_line' id='line_1_25' title="bbox 292 3043 1355 3148; baseline -0.006 -30"><span class='ocrx_word' id='word_1_175' title='bbox 292 3074 360 3148; x_wconf 88' lang='lat' dir='ltr'><strong>pro</strong></span> <span class='ocrx_word' id='word_1_176' title='bbox 379 3043 626 3142; x_wconf 89' lang='lat' dir='ltr'><strong>magnitudine</strong></span> <span class='ocrx_word' id='word_1_177' title='bbox 652 3044 801 3142; x_wconf 87' lang='lat' dir='ltr'><strong>periculi</strong></span> <span class='ocrx_word' id='word_1_178' title='bbox 828 3043 1008 3132; x_wconf 88' lang='lat' dir='ltr'><strong>obtestor,</strong></span> <span class='ocrx_word' id='word_1_179' title='bbox 1027 3061 1068 3116; x_wconf 91' lang='lat' dir='ltr'><strong>ut</strong></span> <span class='ocrx_word' id='word_1_180' title='bbox 1087 3048 1183 3134; x_wconf 90' lang='lat' dir='ltr'><strong>otio,</strong></span> <span class='ocrx_word' id='word_1_181' title='bbox 1202 3057 1244 3114; x_wconf 92' lang='lat' dir='ltr'><strong>ut</strong></span> <span class='ocrx_word' id='word_1_182' title='bbox 1265 3045 1355 3141; x_wconf 86' lang='lat' dir='ltr'><strong>paci,</strong></span> 
     </span>
    </p>
   </div>
   <div class='ocr_carea' id='block_1_4' title="bbox 289 3169 1356 3574">
    <p class='ocr_par' dir='ltr' id='par_1_6' title="bbox 290 3169 1356 3256">
     <span class='ocr_line' id='line_1_26' title="bbox 290 3169 1356 3256; baseline -0.006 -12"><span class='ocrx_word' id='word_1_183' title='bbox 290 3197 378 3244; x_wconf 85' lang='lat' dir='ltr'><strong>habere</strong></span> <span class='ocrx_word' id='word_1_184' title='bbox 390 3194 516 3250; x_wconf 78' lang='lat' dir='ltr'><strong>solebant,</strong></span> <span class='ocrx_word' id='word_1_185' title='bbox 530 3203 582 3240; x_wconf 82' lang='lat' dir='ltr'><strong>tum</strong></span> <span class='ocrx_word' id='word_1_186' title='bbox 595 3203 697 3256; x_wconf 82' lang='lat' dir='ltr'><strong>propter</strong></span> <span class='ocrx_word' id='word_1_187' title='bbox 710 3191 801 3240; x_wconf 78' lang='lat' dir='ltr'><strong>uncti·</strong></span> <span class='ocrx_word' id='word_1_188' title='bbox 845 3191 918 3253; x_wconf 68' lang='lat' dir='ltr'><strong>bna,</strong></span> <span class='ocrx_word' id='word_1_189' title='bbox 937 3209 992 3241; x_wconf 89' lang='lat' dir='ltr'><strong>omn</strong></span> <span class='ocrx_word' id='word_1_190' title='bbox 1003 3192 1128 3241; x_wconf 78' lang='lat' dir='ltr'><strong>Mallirnir</strong></span> <span class='ocrx_word' id='word_1_191' title='bbox 1140 3169 1275 3252; x_wconf 67' lang='lat' dir='ltr'><strong>militibus,</strong></span> <span class='ocrx_word' id='word_1_192' title='bbox 1286 3191 1356 3239; x_wconf 82' lang='lat' dir='ltr'><strong>eoni-</strong></span> 
     </span>
    </p>

    <p class='ocr_par' dir='ltr' id='par_1_7' title="bbox 290 3270 1354 3495">
     <span class='ocr_line' id='line_1_27' title="bbox 290 3270 1354 3336; baseline -0.004 -12"><span class='ocrx_word' id='word_1_193' title='bbox 290 3287 364 3325; x_wconf 78' lang='lat' dir='ltr'><strong>utem</strong></span> <span class='ocrx_word' id='word_1_194' title='bbox 375 3284 521 3320; x_wconf 75' lang='lat' dir='ltr'><strong>semetornm</strong></span> <span class='ocrx_word' id='word_1_195' title='bbox 534 3270 701 3320; x_wconf 76' lang='lat' dir='ltr'><strong>consiliorum.</strong></span> <span class='ocrx_word' id='word_1_196' title='bbox 830 3310 836 3324; x_wconf 94' lang='lat'><em>.</em></span> <span class='ocrx_word' id='word_1_197' title='bbox 847 3273 888 3320; x_wconf 78' lang='lat' dir='ltr'><strong>tiis</strong></span> <span class='ocrx_word' id='word_1_198' title='bbox 898 3272 1003 3320; x_wconf 83' lang='lat' dir='ltr'><strong>adenrnt</strong></span> <span class='ocrx_word' id='word_1_199' title='bbox 1012 3307 1019 3330; x_wconf 80' lang='lat'><strong>,</strong></span> <span class='ocrx_word' id='word_1_200' title='bbox 1028 3273 1073 3336; x_wconf 86' lang='lat' dir='ltr'><strong>qui</strong></span> <span class='ocrx_word' id='word_1_201' title='bbox 1085 3273 1111 3320; x_wconf 77' lang='lat' dir='ltr'><strong>vi</strong></span> <span class='ocrx_word' id='word_1_202' title='bbox 1124 3287 1153 3320; x_wconf 77' lang='lat' dir='ltr'><strong>rr</strong></span> <span class='ocrx_word' id='word_1_203' title='bbox 1163 3272 1236 3320; x_wconf 72' lang='lat' dir='ltr'><strong>minis</strong></span> <span class='ocrx_word' id='word_1_204' title='bbox 1247 3270 1354 3334; x_wconf 66' lang='lat' dir='ltr'><strong>amari·</strong></span> 
     </span>
     <span class='ocr_line' id='line_1_28' title="bbox 328 3348 1354 3416; baseline -0.001 -16"><span class='ocrx_word' id='word_1_205' title='bbox 328 3355 368 3402; x_wconf 76' lang='lat'><strong>1³.</strong></span> <span class='ocrx_word' id='word_1_206' title='bbox 385 3353 512 3416; x_wconf 70' lang='lat' dir='ltr'><strong>Baetisque.</strong></span> <span class='ocrx_word' id='word_1_207' title='bbox 526 3348 633 3400; x_wconf 77' lang='lat' dir='ltr'><strong>subaud.</strong></span> <span class='ocrx_word' id='word_1_208' title='bbox 648 3350 712 3397; x_wconf 84' lang='lat' dir='ltr'><strong>viris.</strong></span> <span class='ocrx_word' id='word_1_209' title='bbox 846 3363 1015 3416; x_wconf 80' lang='lat' dir='ltr'><strong>extorqueant</strong></span> <span class='ocrx_word' id='word_1_210' title='bbox 1025 3352 1099 3401; x_wconf 69' lang='lat' dir='ltr'><strong>Coos.</strong></span> <span class='ocrx_word' id='word_1_211' title='bbox 1112 3352 1243 3402; x_wconf 65' lang='lat' dir='ltr'><strong>cisum</strong></span> <span class='ocrx_word' id='word_1_212' title='bbox 1256 3353 1354 3399; x_wconf 71' lang='lat' dir='ltr'><strong>umm-</strong></span> 
     </span>
     <span class='ocr_line' id='line_1_29' title="bbox 330 3426 1330 3495; baseline -0.006 -14"><span class='ocrx_word' id='word_1_213' title='bbox 330 3443 368 3490; x_wconf 59' lang='grc' dir='ltr'><strong>ιι,</strong></span> <span class='ocrx_word' id='word_1_214' title='bbox 383 3430 558 3479; x_wconf 76' lang='lat' dir='ltr'><strong>Bedrmdurr&#39;nt.</strong></span> <span class='ocrx_word' id='word_1_215' title='bbox 580 3428 717 3477; x_wconf 80' lang='lat' dir='ltr'><strong>Translrtio</strong></span> <span class='ocrx_word' id='word_1_216' title='bbox 730 3445 744 3476; x_wconf 78' lang='lat' dir='ltr'><strong>a</strong></span> <span class='ocrx_word' id='word_1_217' title='bbox 756 3426 802 3475; x_wconf 86' lang='lat' dir='ltr'><strong>flu·</strong></span> <span class='ocrx_word' id='word_1_218' title='bbox 846 3431 919 3495; x_wconf 81' lang='lat' dir='ltr'><strong>quiea</strong></span> <span class='ocrx_word' id='word_1_219' title='bbox 932 3433 957 3479; x_wconf 88' lang='lat' dir='ltr'><strong>in</strong></span> <span class='ocrx_word' id='word_1_220' title='bbox 971 3431 1014 3479; x_wconf 87' lang='lat' dir='ltr'><strong>lib.</strong></span> <span class='ocrx_word' id='word_1_221' title='bbox 1024 3429 1055 3478; x_wconf 85' lang='lat' dir='ltr'><strong>de</strong></span> <span class='ocrx_word' id='word_1_222' title='bbox 1065 3431 1139 3478; x_wconf 78' lang='lat' dir='ltr'><strong>variis</strong></span> <span class='ocrx_word' id='word_1_223' title='bbox 1148 3431 1330 3479; x_wconf 70' lang='lat' dir='ltr'><strong>Romrieiltns.</strong></span> 
     </span>
    </p>

    <p class='ocr_par' dir='ltr' id='par_1_8' title="bbox 289 3507 1307 3574">
     <span class='ocr_line' id='line_1_30' title="bbox 289 3507 1307 3574; baseline -0.006 -12"><span class='ocrx_word' id='word_1_224' title='bbox 289 3515 383 3571; x_wconf 65' lang='lat' dir='ltr'><strong>utibuar</strong></span> <span class='ocrx_word' id='word_1_225' title='bbox 395 3521 422 3560; x_wconf 85' lang='lat' dir='ltr'><strong>ut</strong></span> <span class='ocrx_word' id='word_1_226' title='bbox 439 3511 465 3558; x_wconf 89' lang='lat' dir='ltr'><strong>in</strong></span> <span class='ocrx_word' id='word_1_227' title='bbox 481 3509 602 3573; x_wconf 71' lang='lat' dir='ltr'><strong>prooemio</strong></span> <span class='ocrx_word' id='word_1_228' title='bbox 613 3507 654 3554; x_wconf 78' lang='lat' dir='ltr'><strong>lib</strong></span> <span class='ocrx_word' id='word_1_229' title='bbox 667 3510 679 3554; x_wconf 88' lang='lat'>1</span> <span class='ocrx_word' id='word_1_230' title='bbox 698 3507 728 3555; x_wconf 90' lang='lat' dir='ltr'><strong>de</strong></span> <span class='ocrx_word' id='word_1_231' title='bbox 739 3509 801 3556; x_wconf 75' lang='lat' dir='ltr'><strong>ota·</strong></span> <span class='ocrx_word' id='word_1_232' title='bbox 886 3527 925 3574; x_wconf 82' lang='lat'><strong>¹7·</strong></span> <span class='ocrx_word' id='word_1_233' title='bbox 946 3513 1048 3559; x_wconf 72' lang='lat' dir='ltr'><strong>oman.</strong></span> <span class='ocrx_word' id='word_1_234' title='bbox 1064 3510 1094 3557; x_wconf 89' lang='lat' dir='ltr'><strong>ld</strong></span> <span class='ocrx_word' id='word_1_235' title='bbox 1111 3521 1164 3572; x_wconf 77' lang='lat' dir='ltr'><strong>est,</strong></span> <span class='ocrx_word' id='word_1_236' title='bbox 1181 3511 1307 3558; x_wconf 77' lang='lat' dir='ltr'><strong>instructa.</strong></span> 
     </span>
    </p>
   </div>
   <div class='ocr_carea' id='block_1_5' title="bbox 287 3590 801 4209">
    <p class='ocr_par' dir='ltr' id='par_1_9' title="bbox 289 3590 800 3893">
     <span class='ocr_line' id='line_1_31' title="bbox 290 3590 800 3653; baseline -0.016 -9"><span class='ocrx_word' id='word_1_237' title='bbox 290 3609 363 3645; x_wconf 87' lang='lat' dir='ltr'><strong>tore:</strong></span> <span class='ocrx_word' id='word_1_238' title='bbox 389 3593 442 3638; x_wconf 69' lang='lat' dir='ltr'><strong>«tte</strong></span> <span class='ocrx_word' id='word_1_239' title='bbox 462 3590 511 3636; x_wconf 86' lang='lat' dir='ltr'><strong>hoo</strong></span> <span class='ocrx_word' id='word_1_240' title='bbox 531 3598 627 3652; x_wconf 76' lang='lat' dir='ltr'><strong>tempus</strong></span> <span class='ocrx_word' id='word_1_241' title='bbox 650 3605 723 3637; x_wconf 81' lang='lat' dir='ltr'><strong>omne</strong></span> <span class='ocrx_word' id='word_1_242' title='bbox 743 3599 800 3653; x_wconf 76' lang='lat' dir='ltr'><strong>port</strong></span> 
     </span>
     <span class='ocr_line' id='line_1_32' title="bbox 289 3667 800 3728; baseline -0.018 -4"><span class='ocrx_word' id='word_1_243' title='bbox 289 3673 442 3725; x_wconf 76' lang='lat' dir='ltr'><strong>consulatum</strong></span> <span class='ocrx_word' id='word_1_244' title='bbox 465 3667 599 3728; x_wconf 77' lang='lat' dir='ltr'><strong>obJeeirnus</strong></span> <span class='ocrx_word' id='word_1_245' title='bbox 620 3669 649 3715; x_wconf 80' lang='lat' dir='ltr'><strong>iia</strong></span> <span class='ocrx_word' id='word_1_246' title='bbox 670 3668 800 3725; x_wconf 83' lang='lat' dir='ltr'><strong>fluctibus,</strong></span> 
     </span>
     <span class='ocr_line' id='line_1_33' title="bbox 289 3748 799 3823; baseline -0.004 -25"><span class='ocrx_word' id='word_1_247' title='bbox 289 3757 332 3823; x_wconf 79' lang='lat' dir='ltr'><strong>qui</strong></span> <span class='ocrx_word' id='word_1_248' title='bbox 341 3769 385 3818; x_wconf 81' lang='lat' dir='ltr'><strong>per</strong></span> <span class='ocrx_word' id='word_1_249' title='bbox 393 3765 438 3798; x_wconf 78' lang='lat' dir='ltr'><strong>noa</strong></span> <span class='ocrx_word' id='word_1_250' title='bbox 450 3765 464 3796; x_wconf 82' lang='grc' dir='ltr'>ι</span> <span class='ocrx_word' id='word_1_251' title='bbox 476 3749 599 3796; x_wconf 84' lang='lat' dir='ltr'><strong>communi</strong></span> <span class='ocrx_word' id='word_1_252' title='bbox 610 3758 679 3812; x_wconf 80' lang='lat' dir='ltr'><strong>perte</strong></span> <span class='ocrx_word' id='word_1_253' title='bbox 690 3748 799 3814; x_wconf 76' lang='lat' dir='ltr'><strong>depulsi,</strong></span> 
     </span>
     <span class='ocr_line' id='line_1_34' title="bbox 291 3827 736 3893; baseline -0.025 -8"><span class='ocrx_word' id='word_1_254' title='bbox 291 3839 317 3884; x_wconf 88' lang='lat' dir='ltr'><strong>in</strong></span> <span class='ocrx_word' id='word_1_255' title='bbox 327 3841 421 3882; x_wconf 74' lang='lat' dir='ltr'><strong>nosmet</strong></span> <span class='ocrx_word' id='word_1_256' title='bbox 431 3829 497 3893; x_wconf 82' lang='lat' dir='ltr'><strong>ipsos</strong></span> <span class='ocrx_word' id='word_1_257' title='bbox 508 3827 676 3876; x_wconf 81' lang='lat' dir='ltr'><strong>redundarunt</strong></span> <span class='ocrx_word' id='word_1_258' title='bbox 686 3851 707 3875; x_wconf 70' lang='grc' dir='ltr'><strong>κ.</strong></span> <span class='ocrx_word' id='word_1_259' title='bbox 732 3853 736 3861; x_wconf 89' lang='grc'><strong>-</strong></span> 
     </span>
    </p>

    <p class='ocr_par' dir='ltr' id='par_1_10' title="bbox 287 3906 801 4130">
     <span class='ocr_line' id='line_1_35' title="bbox 328 3906 800 3972; baseline -0.015 -11"><span class='ocrx_word' id='word_1_260' title='bbox 328 3913 369 3960; x_wconf 80' lang='lat'><strong>15.</strong></span> <span class='ocrx_word' id='word_1_261' title='bbox 397 3908 517 3972; x_wconf 78' lang='lat' dir='ltr'><strong>supplent</strong></span> <span class='ocrx_word' id='word_1_262' title='bbox 544 3907 586 3954; x_wconf 81' lang='lat' dir='ltr'><strong>alii</strong></span> <span class='ocrx_word' id='word_1_263' title='bbox 610 3906 717 3964; x_wconf 55' lang='lat' dir='ltr'><strong>audatie,¹</strong></span> <span class='ocrx_word' id='word_1_264' title='bbox 743 3909 800 3968; x_wconf 87' lang='lat' dir='ltr'><strong>alii,</strong></span> 
     </span>
     <span class='ocr_line' id='line_1_36' title="bbox 287 3989 801 4056; baseline -0.014 -15"><span class='ocrx_word' id='word_1_265' title='bbox 287 3990 374 4056; x_wconf 81' lang='lat' dir='ltr'><strong>parati</strong></span> <span class='ocrx_word' id='word_1_266' title='bbox 384 4001 446 4038; x_wconf 80' lang='lat' dir='ltr'><strong>suut.</strong></span> <span class='ocrx_word' id='word_1_267' title='bbox 457 3990 500 4036; x_wconf 82' lang='lat' dir='ltr'><strong>Est</strong></span> <span class='ocrx_word' id='word_1_268' title='bbox 508 3989 535 4034; x_wconf 91' lang='lat' dir='ltr'><strong>in</strong></span> <span class='ocrx_word' id='word_1_269' title='bbox 544 3989 605 4035; x_wconf 78' lang='lat' dir='ltr'><strong>MSS</strong></span> <span class='ocrx_word' id='word_1_270' title='bbox 616 4003 719 4034; x_wconf 79' lang='lat' dir='ltr'><strong>vacuum</strong></span> <span class='ocrx_word' id='word_1_271' title='bbox 728 3989 801 4034; x_wconf 78' lang='lat' dir='ltr'><strong>unius</strong></span> 
     </span>
     <span class='ocr_line' id='line_1_37' title="bbox 290 4067 738 4130; baseline -0.018 -8"><span class='ocrx_word' id='word_1_272' title='bbox 290 4071 418 4121; x_wconf 78' lang='lat' dir='ltr'><strong>alteriusve</strong></span> <span class='ocrx_word' id='word_1_273' title='bbox 427 4069 497 4114; x_wconf 78' lang='lat' dir='ltr'><strong>lineae</strong></span> <span class='ocrx_word' id='word_1_274' title='bbox 506 4067 618 4130; x_wconf 84' lang='lat' dir='ltr'><strong>spatium.</strong></span> <span class='ocrx_word' id='word_1_275' title='bbox 629 4069 654 4114; x_wconf 86' lang='lat' dir='ltr'><strong>J.</strong></span> <span class='ocrx_word' id='word_1_276' title='bbox 666 4067 698 4112; x_wconf 77' lang='lat' dir='ltr'><strong>V.</strong></span> <span class='ocrx_word' id='word_1_277' title='bbox 711 4067 738 4114; x_wconf 78' lang='lat' dir='ltr'><strong>t.</strong></span> 
     </span>
    </p>

    <p class='ocr_par' dir='ltr' id='par_1_11' title="bbox 329 4145 801 4209">
     <span class='ocr_line' id='line_1_38' title="bbox 329 4145 801 4209; baseline -0.025 -13"><span class='ocrx_word' id='word_1_278' title='bbox 329 4151 369 4197; x_wconf 71' lang='lat' dir='ltr'><strong>ro.</strong></span> <span class='ocrx_word' id='word_1_279' title='bbox 382 4151 411 4194; x_wconf 85' lang='lat' dir='ltr'><strong>ln</strong></span> <span class='ocrx_word' id='word_1_280' title='bbox 423 4163 509 4209; x_wconf 83' lang='lat' dir='ltr'><strong>cumpo</strong></span> <span class='ocrx_word' id='word_1_281' title='bbox 520 4155 645 4192; x_wconf 74' lang='lat' dir='ltr'><strong>exercunt.</strong></span> <span class='ocrx_word' id='word_1_282' title='bbox 658 4145 723 4193; x_wconf 81' lang='lat' dir='ltr'><strong>Socii</strong></span> <span class='ocrx_word' id='word_1_283' title='bbox 733 4145 801 4196; x_wconf 66' lang='grc' dir='ltr'><strong>(ὶιιί.</strong></span> 
     </span>
    </p>
   </div>
   <div class='ocr_carea' id='block_1_6' title="bbox 845 3589 1353 4196">
    <p class='ocr_par' dir='ltr' id='par_1_12' title="bbox 845 3589 1353 3895">
     <span class='ocr_line' id='line_1_39' title="bbox 883 3589 1353 3653; baseline -0.006 -14"><span class='ocrx_word' id='word_1_284' title='bbox 883 3594 924 3640; x_wconf 75' lang='lat' dir='ltr'><strong>rfl.</strong></span> <span class='ocrx_word' id='word_1_285' title='bbox 951 3591 1113 3639; x_wconf 72' lang='lat' dir='ltr'><strong>Privatomm.</strong></span> <span class='ocrx_word' id='word_1_286' title='bbox 1137 3592 1167 3638; x_wconf 86' lang='lat' dir='ltr'><strong>In</strong></span> <span class='ocrx_word' id='word_1_287' title='bbox 1195 3589 1282 3653; x_wconf 77' lang='lat' dir='ltr'><strong>quibua</strong></span> <span class='ocrx_word' id='word_1_288' title='bbox 1306 3589 1353 3651; x_wconf 75' lang='lat' dir='ltr'><strong>ipse</strong></span> 
     </span>
     <span class='ocr_line' id='line_1_40' title="bbox 845 3669 1352 3734; baseline -0.014 -15"><span class='ocrx_word' id='word_1_289' title='bbox 845 3673 906 3730; x_wconf 87' lang='lat' dir='ltr'><strong>en&#39;t;</strong></span> <span class='ocrx_word' id='word_1_290' title='bbox 918 3687 973 3718; x_wconf 79' lang='lat' dir='ltr'><strong>nam</strong></span> <span class='ocrx_word' id='word_1_291' title='bbox 987 3671 1014 3717; x_wconf 89' lang='lat' dir='ltr'><strong>in</strong></span> <span class='ocrx_word' id='word_1_292' title='bbox 1025 3669 1118 3734; x_wconf 78' lang='lat' dir='ltr'><strong>magnis</strong></span> <span class='ocrx_word' id='word_1_293' title='bbox 1129 3669 1243 3733; x_wconf 79' lang='lat' dir='ltr'><strong>perieulis</strong></span> <span class='ocrx_word' id='word_1_294' title='bbox 1253 3671 1352 3733; x_wconf 80' lang='lat' dir='ltr'><strong>pn&#39;rato·</strong></span> 
     </span>
     <span class='ocr_line' id='line_1_41' title="bbox 845 3748 1351 3812; baseline -0.012 -13"><span class='ocrx_word' id='word_1_295' title='bbox 845 3767 899 3799; x_wconf 87' lang='lat' dir='ltr'><strong>rum</strong></span> <span class='ocrx_word' id='word_1_296' title='bbox 919 3750 1029 3799; x_wconf 73' lang='lat' dir='ltr'><strong>consiliis</strong></span> <span class='ocrx_word' id='word_1_297' title='bbox 1050 3748 1181 3798; x_wconf 73' lang='lat' dir='ltr'><strong>utebantur</strong></span> <span class='ocrx_word' id='word_1_298' title='bbox 1198 3751 1351 3812; x_wconf 72' lang='lat' dir='ltr'><strong>magistratus.</strong></span> 
     </span>
     <span class='ocr_line' id='line_1_42' title="bbox 845 3827 1329 3895; baseline -0.01 -17"><span class='ocrx_word' id='word_1_299' title='bbox 845 3857 879 3870; x_wconf 89' lang='lat'><em>-</em></span> <span class='ocrx_word' id='word_1_300' title='bbox 894 3831 1071 3895; x_wconf 70' lang='lat' dir='ltr'><strong>opprimerem.</strong></span> <span class='ocrx_word' id='word_1_301' title='bbox 1085 3829 1125 3877; x_wconf 69' lang='lat' dir='ltr'><strong>Al.</strong></span> <span class='ocrx_word' id='word_1_302' title='bbox 1139 3827 1329 3891; x_wconf 70' lang='lat' dir='ltr'><strong>comprimentur.</strong></span> 
     </span>
    </p>

    <p class='ocr_par' dir='ltr' id='par_1_13' title="bbox 845 3907 1351 4196">
     <span class='ocr_line' id='line_1_43' title="bbox 880 3907 1351 3972; baseline -0.008 -15"><span class='ocrx_word' id='word_1_303' title='bbox 880 3907 1228 3972; x_wconf 76' lang='lat' dir='ltr'><strong>XL.1.Quoequumitasint.</strong></span> <span class='ocrx_word' id='word_1_304' title='bbox 1239 3909 1351 3968; x_wconf 69' lang='grc' dir='ltr'>θεημ-</span> 
     </span>
     <span class='ocr_line' id='line_1_44' title="bbox 845 3985 1350 4047; baseline -0.012 -11"><span class='ocrx_word' id='word_1_305' title='bbox 845 3989 906 4038; x_wconf 79' lang='lat' dir='ltr'><strong>blios</strong></span> <span class='ocrx_word' id='word_1_306' title='bbox 916 3989 986 4036; x_wconf 78' lang='lat' dir='ltr'><strong>loona</strong></span> <span class='ocrx_word' id='word_1_307' title='bbox 998 3987 1166 4046; x_wconf 53' lang='lat' dir='ltr'><strong>musterium</strong></span> <span class='ocrx_word' id='word_1_308' title='bbox 1176 3989 1216 4034; x_wconf 83' lang='lat' dir='ltr'><strong>oni</strong></span> <span class='ocrx_word' id='word_1_309' title='bbox 1226 3985 1350 4047; x_wconf 76' lang='lat' dir='ltr'><strong>snbjiciun-</strong></span> 
     </span>
     <span class='ocr_line' id='line_1_45' title="bbox 845 4067 1350 4130; baseline -0.018 -14"><span class='ocrx_word' id='word_1_310' title='bbox 845 4079 888 4116; x_wconf 86' lang='lat' dir='ltr'><strong>tur</strong></span> <span class='ocrx_word' id='word_1_311' title='bbox 899 4068 940 4116; x_wconf 77' lang='lat' dir='ltr'><strong>alii</strong></span> <span class='ocrx_word' id='word_1_312' title='bbox 951 4067 1053 4116; x_wconf 65' lang='lat' dir='ltr'><strong>aliem</strong></span> <span class='ocrx_word' id='word_1_313' title='bbox 1066 4083 1079 4113; x_wconf 79' lang='lat' dir='ltr'><strong>a</strong></span> <span class='ocrx_word' id='word_1_314' title='bbox 1092 4080 1195 4130; x_wconf 76' lang='lat' dir='ltr'><strong>persons</strong></span> <span class='ocrx_word' id='word_1_315' title='bbox 1207 4076 1233 4112; x_wconf 81' lang='lat' dir='ltr'><strong>et</strong></span> <span class='ocrx_word' id='word_1_316' title='bbox 1245 4073 1350 4129; x_wconf 63' lang='lat' dir='ltr'><strong>requei-tu</strong></span> 
     </span>
     <span class='ocr_line' id='line_1_46' title="bbox 845 4146 1045 4196; baseline -0.02 1"><span class='ocrx_word' id='word_1_317' title='bbox 845 4149 956 4196; x_wconf 74' lang='lat' dir='ltr'><strong>Murenae</strong></span> <span class='ocrx_word' id='word_1_318' title='bbox 970 4146 1045 4195; x_wconf 86' lang='lat' dir='ltr'><strong>ducti.</strong></span> 
     </span>
    </p>
   </div>
   <div class='ocr_carea' id='block_1_7' title="bbox 0 0 1498 4668">
    <p class='ocr_par' dir='ltr' id='par_1_14' title="bbox 0 0 1498 4668">
     <span class='ocr_line' id='line_1_47' title="bbox 0 0 1498 4668; baseline 0 2"><span class='ocrx_word' id='word_1_319' title='bbox 0 0 1498 4668; x_wconf 95' lang='lat' dir='ltr'><strong> </strong></span> 
     </span>
    </p>
   </div>
  </div>
 </body>
</html>
