2986 4670
244 341 312 412 302
558 342 607 408 M.
633 342 672 408 T.
700 342 981 412 CICERONIS

243 480 311 563 put
327 478 452 536 vestrae
470 464 669 560 pecuniae⁹‚
696 465 794 561 pacis
821 476 1093 549 ornamentum,
1112 463 1317 538 subsidium

243 577 348 666 belli,
379 574 660 648 fundamentum
690 575 915 673 vectigalium
930 587 971 664 ¹⁰,
999 575 1175 648 horreum
1206 577 1318 677 legio-

243 707 355 772 num,
384 686 552 758 solatium
581 709 736 757 annonae
752 697 794 771 ¹¹,
821 685 997 784 disperire
1024 688 1233 785 patiemini?
1260 693 1316 760 An

245 798 350 872 obliti
370 801 472 885 estis,
492 796 617 868 Italico
638 794 802 886 bello¹²‚
829 797 966 866 amissis
991 799 1119 868 ceteris
1135 797 1315 895 vectigali-

244 909 333 997 bus,
355 922 511 1007 quantos
535 911 611 1004 agri
634 909 808 1005 Campani
827 904 1008 978 fructibus
1026 909 1204 980 exercitus
1222 909 1317 980 alue-

244 1021 345 1092 ritis?
359 1025 416 1090 An
435 1020 631 1115 ignoratis,
654 1031 773 1089 cetera
789 1015 849 1087 illa
869 1015 1056 1115 magnifica
1068 1013 1098 1060 ¹³
1116 1019 1242 1116 populi
1260 1043 1317 1090 ro-

245 1115 343 1204 mani
360 1129 566 1226 vectigalia,
591 1126 726 1226 perlevi
750 1151 843 1222 saepe
863 1142 1052 1200 momento
1070 1127 1242 1216 fortunae,
1260 1131 1318 1200 in-

244 1241 438 1314 clinatione
460 1239 633 1336 temporis
655 1237 837 1336 pendere?
859 1235 958 1326 Quid
976 1261 1045 1308 nos
1064 1237 1153 1308 Asiae
1173 1253 1318 1335 portus,

244 1351 335 1450 quid
353 1354 462 1448 Syriae
480 1375 587 1436 rura,
615 1347 705 1446 quid
729 1351 853 1420 omnia
874 1349 1113 1418 transmarina
1133 1348 1318 1446 vectigalia

240 1461 442 1556 juvabunt,
468 1461 676 1532 tenuissima
703 1461 911 1557 suspicione
936 1457 1150 1557 praedonum
1170 1474 1235 1530 aut
1254 1461 1319 1540 ho-

242 1576 353 1646 stium
385 1571 542 1666 injecta?
570 1574 618 1642 At
645 1595 733 1642 vero
763 1570 834 1641 hoc
864 1572 941 1666 agri
966 1573 1142 1667 Campani
1170 1570 1317 1668 vectigal

244 1708 360 1780 quum
385 1681 563 1776 ejusmodi
583 1694 658 1767 est,
683 1695 724 1750 ut
742 1678 841 1750 domi
861 1682 960 1768 situ,
987 1695 1024 1750 et
1040 1679 1212 1751 omuibus
1232 1706 1316 1779 prae-

243 1791 342 1864 sidiis
356 1789 579 1888 oppidorum
595 1803 755 1885 tegatur3
778 1805 855 1860 tum
872 1815 993 1886 neque
1007 1788 1112 1863 bellis
1127 1788 1316 1878 infestum,

243 1925 312 1972 nec
333 1897 512 1971 fructibus
533 1900 694 1989 varium,
716 1925 784 1970 nec
804 1901 892 1972 caelo
908 1925 949 1972 ac
972 1899 1053 1973 loco
1073 1901 1316 1974 calamitosum

243 2036 321 2082 csse
338 2012 439 2086 solet.
456 2010 613 2105 Majores
630 2013 745 2082 nostri
761 2037 838 2082 non
854 2011 971 2082 solum
988 2012 1046 2102 id,
1064 2013 1165 2111 quod
1182 2039 1202 2084 a
1217 2017 1318 2084 Cam·

245 2125 349 2220 panis
370 2135 564 2218 ceperant,
592 2146 668 2191 non
689 2122 954 2194 imminuerunt
967 2121 1017 2212 ¹⁵;
1039 2148 1166 2195 verum
1193 2126 1316 2212 etiam,

245 2231 347 2328 quod
375 2231 407 2302 ei
426 2229 621 2318 tenebant,
646 2231 783 2328 quibus
811 2231 922 2305 adimi
947 2233 1030 2328 jure
1055 2260 1131 2306 non
1158 2250 1317 2333 poterat,

245 2355 468 2412 coemerunt.
485 2344 566 2432 Qua
585 2339 631 2411 de
654 2367 760 2414 causa
778 2367 847 2415 uec
868 2342 943 2414 duo
959 2345 1113 2417 Gracchi
1126 2342 1169 2434 ¹⁶,
1191 2348 1254 2443 qui
1273 2346 1317 2417 de

244 2450 361 2549 plebis
394 2476 552 2522 romanae
584 2451 785 2525 commodis
816 2453 1016 2553 plurimum
1047 2459 1317 2555 cogitaverunt,

245 2587 313 2633 nec
331 2565 371 2632 L.
390 2561 506 2649 Sulla,
528 2565 594 2661 qui
608 2565 731 2634 omnia
749 2566 827 2636 sine
845 2565 917 2635 ulla
933 2566 1108 2662 religione
1120 2579 1163 2650 ¹7,
1185 2565 1318 2663 quibus

242 2672 380 2762 voluit,
410 2686 464 2743 est
489 2671 700 2770 dilargitus,
727 2699 852 2772 agrum
882 2680 1109 2776 Campanum
1142 2679 1318 2774 attingere

243 2805 352 2854 ausus
368 2796 433 2852 est.
451 2781 579 2854 Rullus
601 2785 756 2868 exstitit,
777 2788 840 2883 qui
860 2812 904 2857 ex
921 2811 962 2858 ea
978 2789 1202 2885 possessione
1227 2813 1318 2860 rem·

243 2890 426 2990 publicam
448 2890 679 2980 demoveret,
704 2920 747 2966 ex
765 2920 837 2993 qua
860 2921 928 2968 nec
946 2897 1194 2970 Gracchorum
1215 2897 1318 2971 beni-

243 3003 359 3100 gnitas
372 2998 402 3047 ¹³
423 3028 518 3090 eam,
535 3030 603 3076 nec
619 3005 724 3077 Sullae
743 3007 942 3081 dominatio
962 3009 1161 3106 dejecisset.

280 3221 305 3286 ¹9.
330 3223 411 3287 Caput
426 3235 518 3272 ‘uestra
528 3225 648 3288 pecuniae.
669 3229 759 3276 Praeci-
801 3227 1078 3292 galimTransman'ua,
1091 3247 1146 3295 quse
1157 3233 1319 3298 plurisqurm

247 3319 320 3368 poam
335 3303 491 3366 vectigalium
509 3315 646 3354 vestrorum
658 3316 759 3371 partem.
803 3308 888 3356 Italica
901 3309 1023 3358 locantur.

283 3398 323 3431 ro,
359 3383 554 3432 Frindamentum
586 3383 758 3451 vectigalium.
843 3397 883 3444 ¹4.
899 3390 930 3434 Ut
942 3388 1011 3436 domi
1020 3389 1061 3439 sit.
1082 3391 1118 3439 Ut
1130 3390 1277 3451 domestice,
1291 3405 1319 3442 ut

243 3461 318 3524 Quod
339 3477 365 3508 ea
382 3463 449 3526 regio
463 3479 594 3528 numquam
613 3466 758 3513 colonorum
802 3465 829 3512 in
838 3467 922 3527 ltalia,
934 3478 961 3515 ut
972 3469 1111 3520 suburbana
1123 3473 1155 3518 sit
1168 3473 1306 3535 provincia.

243 3559 299 3606 spes
312 3542 393 3601 fallat,
406 3544 515 3607 certique
528 3544 558 3591 sit
571 3545 702 3608 vectigalis.
730 3588 731 3591 ,
840 3547 880 3595 15.
895 3549 951 3594 Non
965 3548 1145 3598 imminuerunt.
1161 3551 1218 3598 Non
1229 3551 1322 3600 divise·

282 3637 321 3668 11.
329 3622 449 3669 Solarium
459 3639 577 3671 annotate.
589 3623 661 3672 Unde
672 3627 757 3673 nome
802 3637 875 3684 mut,
890 3644 941 3675 nou
953 3628 1080 3692 largiendo
1094 3631 1227 3694 fugeruut.

243 3701 331 3749 caritas
344 3716 448 3749 annonae
460 3701 561 3749 levetur.
841 3709 882 3756 16.
897 3711 952 3756 Duo
969 3709 1082 3760 Gracchi.
1100 3711 1151 3772 Qui
1170 3712 1236 3775 leges
1249 3726 1318 3776 egm-

280 3793 321 3828 1².
340 3780 430 3828 Italico
444 3780 515 3828 bello.
530 3780 606 3842 Quod
625 3793 650 3830 et
663 3783 757 3831 Sociale
801 3787 848 3833 rias
861 3787 977 3835 tulerunt.

240 3869 266 3905 et
277 3860 412 3907 Marsicum
421 3859 615 3922 dietum;quum
626 3863 758 3927 Itali,pro·
840 3881 880 3927 ¹7·
894 3866 951 3914 Siue
964 3867 1017 3916 ulla
1031 3868 1154 3934 reliffoue.
1174 3869 1252 3918 Nullo
1268 3887 1320 3918 me·
1397 3893 1404 3905 ·

241 3937 315 3984 misso
336 3939 443 3986 civitatis
458 3941 513 4000 jure
524 3939 628 3998 exclusi,
642 3942 756 4005 gravissi·
802 3955 844 4006 tu,
855 3946 925 3994 nullo
940 3960 1051 4012 respectu
1064 3949 1199 3998 deterritus.

241 4032 309 4066 mum
325 4017 415 4065 bellum
425 4020 543 4067 Romanis
556 4020 701 4070 intulerunt.
756 4069 762 4086 Ι
839 4027 878 4073 ill.
893 4026 1048 4091 Benignitas.
1058 4031 1112 4076 Hoc
1126 4029 1184 4076 loco
1195 4029 1325 4076 Graccho-

283 4096 323 4143 13.
339 4097 423 4146 Cetera
441 4098 485 4146 illa
505 4098 665 4167 magnifica...
679 4099 755 4148 vecti-
800 4105 1322 4174 rumbeuignitatemappelht‚quamapud
1378 4141 1387 4154 .
