<?xml version="1.0" encoding="UTF-8"?>
<!DOCTYPE html PUBLIC "-//W3C//DTD XHTML 1.0 Transitional//EN"
    "http://www.w3.org/TR/xhtml1/DTD/xhtml1-transitional.dtd">
<html xmlns="http://www.w3.org/1999/xhtml" xml:lang="en" lang="en">
 <head>
  <title>
</title>
<meta http-equiv="Content-Type" content="text/html;charset=utf-8" />
  <meta name='ocr-system' content='tesseract 3.04.00' />
  <meta name='ocr-capabilities' content='ocr_page ocr_carea ocr_par ocr_line ocrx_word'/>
</head>
<body>
  <div class='ocr_page' id='page_1' title='image "./mtciceronisquae00lemagoog_0267.png"; bbox 0 0 3020 4666; ppageno 0'>
   <div class='ocr_carea' id='block_1_1' title="bbox 270 327 1019 406">
    <p class='ocr_par' dir='ltr' id='par_1_1' title="bbox 270 327 1019 406">
     <span class='ocr_line' id='line_1_1' title="bbox 270 327 1019 406; baseline -0.005 0"><span class='ocrx_word' id='word_1_1' title='bbox 270 327 339 406; x_wconf 75' lang='lat'>258</span> <span class='ocrx_word' id='word_1_2' title='bbox 588 333 637 402; x_wconf 86' lang='grc' dir='ltr'>Μ.</span> <span class='ocrx_word' id='word_1_3' title='bbox 663 335 702 401; x_wconf 86' lang='grc' dir='ltr'>Τ.</span> <span class='ocrx_word' id='word_1_4' title='bbox 729 333 1019 404; x_wconf 86' lang='lat' dir='ltr'>CICERONIS</span> 
     </span>
    </p>
   </div>
   <div class='ocr_carea' id='block_1_2' title="bbox 246 477 1402 2428">
    <p class='ocr_par' dir='ltr' id='par_1_2' title="bbox 246 477 1402 2428">
     <span class='ocr_line' id='line_1_2' title="bbox 266 477 1334 544; baseline 0 -14"><span class='ocrx_word' id='word_1_5' title='bbox 266 481 407 544; x_wconf 77' lang='lat' dir='ltr'>ruznrs,</span> <span class='ocrx_word' id='word_1_6' title='bbox 432 481 495 540; x_wconf 81' lang='lat' dir='ltr'>Qut</span> <span class='ocrx_word' id='word_1_7' title='bbox 518 477 593 526; x_wconf 73' lang='lat' dir='ltr'>usse</span> <span class='ocrx_word' id='word_1_8' title='bbox 617 477 737 526; x_wconf 74' lang='lat' dir='ltr'>uncum</span> <span class='ocrx_word' id='word_1_9' title='bbox 758 479 929 540; x_wconf 73' lang='lat' dir='ltr'>uocetur,</span> <span class='ocrx_word' id='word_1_10' title='bbox 953 479 1089 526; x_wconf 75' lang='lat' dir='ltr'>unusne</span> <span class='ocrx_word' id='word_1_11' title='bbox 1111 479 1334 530; x_wconf 78' lang='lat' dir='ltr'>uncsnvrnos</span> 
     </span>
     <span class='ocr_line' id='line_1_3' title="bbox 267 587 1332 654; baseline 0 -14"><span class='ocrx_word' id='word_1_12' title='bbox 267 595 333 640; x_wconf 80' lang='lat' dir='ltr'>run</span> <span class='ocrx_word' id='word_1_13' title='bbox 352 591 475 640; x_wconf 79' lang='lat' dir='ltr'>rursus</span> <span class='ocrx_word' id='word_1_14' title='bbox 492 587 760 652; x_wconf 80' lang='lat' dir='ltr'>surrunnucns,</span> <span class='ocrx_word' id='word_1_15' title='bbox 781 591 846 654; x_wconf 84' lang='lat' dir='ltr'>nr,</span> <span class='ocrx_word' id='word_1_16' title='bbox 865 589 966 650; x_wconf 76' lang='lat' dir='ltr'>Quum</span> <span class='ocrx_word' id='word_1_17' title='bbox 987 589 1110 639; x_wconf 75' lang='lat' dir='ltr'>novun</span> <span class='ocrx_word' id='word_1_18' title='bbox 1128 593 1253 640; x_wconf 78' lang='lat' dir='ltr'>rursus</span> <span class='ocrx_word' id='word_1_19' title='bbox 1271 593 1332 640; x_wconf 83' lang='lat' dir='ltr'>rs·</span> 
     </span>
     <span class='ocr_line' id='line_1_4' title="bbox 246 675 1331 774; baseline 0 -23"><span class='ocrx_word' id='word_1_20' title='bbox 246 704 247 709; x_wconf 47' lang='lat'>¹</span> <span class='ocrx_word' id='word_1_21' title='bbox 267 703 413 765; x_wconf 74' lang='lat' dir='ltr'>cuntur,</span> <span class='ocrx_word' id='word_1_22' title='bbox 429 701 460 748; x_wconf 85' lang='lat' dir='ltr'>rs</span> <span class='ocrx_word' id='word_1_23' title='bbox 476 701 655 748; x_wconf 76' lang='lat' dir='ltr'>ncccnvm</span> <span class='ocrx_word' id='word_1_24' title='bbox 674 699 737 746; x_wconf 84' lang='lat' dir='ltr'>srr.</span> <span class='ocrx_word' id='word_1_25' title='bbox 756 676 820 746; x_wconf 89' lang='lat' dir='ltr'>Hic</span> <span class='ocrx_word' id='word_1_26' title='bbox 835 699 977 774; x_wconf 68' lang='lat' dir='ltr'>quero,</span> <span class='ocrx_word' id='word_1_27' title='bbox 996 699 1105 772; x_wconf 87' lang='lat' dir='ltr'>quum</span> <span class='ocrx_word' id='word_1_28' title='bbox 1124 675 1173 746; x_wconf 91' lang='lat' dir='ltr'>ob</span> <span class='ocrx_word' id='word_1_29' title='bbox 1187 701 1331 754; x_wconf 82' lang='lat' dir='ltr'>causum</span> 
     </span>
     <span class='ocr_line' id='line_1_5' title="bbox 265 785 1332 882; baseline 0 -22"><span class='ocrx_word' id='word_1_30' title='bbox 265 791 409 860; x_wconf 90' lang='lat' dir='ltr'>initium</span> <span class='ocrx_word' id='word_1_31' title='bbox 436 812 559 859; x_wconf 84' lang='lat' dir='ltr'>rerum</span> <span class='ocrx_word' id='word_1_32' title='bbox 587 811 628 859; x_wconf 84' lang='lat' dir='ltr'>ae</span> <span class='ocrx_word' id='word_1_33' title='bbox 656 787 776 882; x_wconf 79' lang='lat' dir='ltr'>legum</span> <span class='ocrx_word' id='word_1_34' title='bbox 805 809 951 858; x_wconf 85' lang='lat' dir='ltr'>suamm</span> <span class='ocrx_word' id='word_1_35' title='bbox 986 785 1072 857; x_wconf 89' lang='lat' dir='ltr'>binc</span> <span class='ocrx_word' id='word_1_36' title='bbox 1099 785 1263 876; x_wconf 81' lang='lat' dir='ltr'>duxerit,</span> <span class='ocrx_word' id='word_1_37' title='bbox 1289 804 1332 860; x_wconf 92' lang='lat' dir='ltr'>ut</span> 
     </span>
     <span class='ocr_line' id='line_1_6' title="bbox 264 893 1331 999; baseline -0.001 -28"><span class='ocrx_word' id='word_1_38' title='bbox 264 899 424 999; x_wconf 87' lang='lat' dir='ltr'>populus</span> <span class='ocrx_word' id='word_1_39' title='bbox 450 921 621 969; x_wconf 84' lang='lat' dir='ltr'>romanus</span> <span class='ocrx_word' id='word_1_40' title='bbox 647 895 819 993; x_wconf 82' lang='lat' dir='ltr'>suffragio</span> <span class='ocrx_word' id='word_1_41' title='bbox 843 893 1078 994; x_wconf 82' lang='lat' dir='ltr'>privaretur³.</span> <span class='ocrx_word' id='word_1_42' title='bbox 1101 899 1221 971; x_wconf 87' lang='lat' dir='ltr'>Tuties</span> <span class='ocrx_word' id='word_1_43' title='bbox 1242 899 1331 997; x_wconf 84' lang='lat' dir='ltr'>iegi-</span> 
     </span>
     <span class='ocr_line' id='line_1_7' title="bbox 262 1005 1330 1107; baseline -0.003 -25"><span class='ocrx_word' id='word_1_44' title='bbox 262 1009 332 1082; x_wconf 84' lang='lat' dir='ltr'>bus</span> <span class='ocrx_word' id='word_1_45' title='bbox 363 1011 507 1107; x_wconf 82' lang='lat' dir='ltr'>agrariis</span> <span class='ocrx_word' id='word_1_46' title='bbox 526 1006 736 1082; x_wconf 78' lang='lat' dir='ltr'>curatores⁴</span> <span class='ocrx_word' id='word_1_47' title='bbox 759 1009 947 1079; x_wconf 88' lang='lat' dir='ltr'>constituti</span> <span class='ocrx_word' id='word_1_48' title='bbox 977 1022 1081 1094; x_wconf 85' lang='lat' dir='ltr'>sunt,</span> <span class='ocrx_word' id='word_1_49' title='bbox 1110 1009 1288 1080; x_wconf 84' lang='lat' dir='ltr'>triumviri</span> <span class='ocrx_word' id='word_1_50' title='bbox 1303 1005 1330 1099; x_wconf 79' lang='lat'>⁵,</span> 
     </span>
     <span class='ocr_line' id='line_1_8' title="bbox 264 1114 1330 1218; baseline -0.001 -27"><span class='ocrx_word' id='word_1_51' title='bbox 264 1121 519 1218; x_wconf 85' lang='lat' dir='ltr'>quinqueviri,</span> <span class='ocrx_word' id='word_1_52' title='bbox 547 1118 765 1189; x_wconf 82' lang='lat' dir='ltr'>decemviri:</span> <span class='ocrx_word' id='word_1_53' title='bbox 790 1140 914 1213; x_wconf 83' lang='lat' dir='ltr'>quaero</span> <span class='ocrx_word' id='word_1_54' title='bbox 940 1141 960 1186; x_wconf 86' lang='lat' dir='ltr'>a</span> <span class='ocrx_word' id='word_1_55' title='bbox 987 1116 1153 1214; x_wconf 82' lang='lat' dir='ltr'>populari</span> <span class='ocrx_word' id='word_1_56' title='bbox 1180 1114 1330 1190; x_wconf 88' lang='lat' dir='ltr'>tribuno</span> 
     </span>
     <span class='ocr_line' id='line_1_9' title="bbox 263 1225 1328 1328; baseline 0.001 -29"><span class='ocrx_word' id='word_1_57' title='bbox 263 1228 399 1328; x_wconf 89' lang='lat' dir='ltr'>piebis,</span> <span class='ocrx_word' id='word_1_58' title='bbox 421 1226 630 1325; x_wconf 80' lang='lat' dir='ltr'>ecquando,</span> <span class='ocrx_word' id='word_1_59' title='bbox 654 1227 721 1298; x_wconf 87' lang='lat' dir='ltr'>nisi</span> <span class='ocrx_word' id='word_1_60' title='bbox 747 1249 814 1323; x_wconf 88' lang='lat' dir='ltr'>pet</span> <span class='ocrx_word' id='word_1_61' title='bbox 840 1250 932 1296; x_wconf 83' lang='lat' dir='ltr'>xxxv</span> <span class='ocrx_word' id='word_1_62' title='bbox 954 1225 1088 1313; x_wconf 86' lang='lat' dir='ltr'>tribus,</span> <span class='ocrx_word' id='word_1_63' title='bbox 1113 1231 1219 1298; x_wconf 82' lang='lat' dir='ltr'>creati</span> <span class='ocrx_word' id='word_1_64' title='bbox 1245 1233 1328 1301; x_wconf 89' lang='lat' dir='ltr'>sint.</span> 
     </span>
     <span class='ocr_line' id='line_1_10' title="bbox 262 1334 1330 1436; baseline 0.004 -28"><span class='ocrx_word' id='word_1_65' title='bbox 262 1341 402 1410; x_wconf 85' lang='lat' dir='ltr'>Etenim</span> <span class='ocrx_word' id='word_1_66' title='bbox 420 1362 535 1436; x_wconf 89' lang='lat' dir='ltr'>quum</span> <span class='ocrx_word' id='word_1_67' title='bbox 552 1362 679 1410; x_wconf 85' lang='lat' dir='ltr'>omnes</span> <span class='ocrx_word' id='word_1_68' title='bbox 696 1349 889 1433; x_wconf 81' lang='lat' dir='ltr'>potestates</span> <span class='ocrx_word' id='word_1_69' title='bbox 897 1334 924 1422; x_wconf 64' lang='grc' dir='ltr'>ὅ,</span> <span class='ocrx_word' id='word_1_70' title='bbox 942 1338 1108 1433; x_wconf 84' lang='lat' dir='ltr'>imperia,</span> <span class='ocrx_word' id='word_1_71' title='bbox 1125 1340 1330 1412; x_wconf 80' lang='lat' dir='ltr'>uumtiones</span> 
     </span>
     <span class='ocr_line' id='line_1_11' title="bbox 263 1445 1402 1546; baseline 0 -26"><span class='ocrx_word' id='word_1_72' title='bbox 263 1449 309 1520; x_wconf 85' lang='lat' dir='ltr'>ab</span> <span class='ocrx_word' id='word_1_73' title='bbox 329 1451 497 1520; x_wconf 82' lang='lat' dir='ltr'>universo</span> <span class='ocrx_word' id='word_1_74' title='bbox 516 1447 655 1546; x_wconf 84' lang='lat' dir='ltr'>populo</span> <span class='ocrx_word' id='word_1_75' title='bbox 674 1469 827 1517; x_wconf 85' lang='lat' dir='ltr'>romano</span> <span class='ocrx_word' id='word_1_76' title='bbox 846 1445 1023 1544; x_wconf 88' lang='lat' dir='ltr'>proficisci</span> <span class='ocrx_word' id='word_1_77' title='bbox 1040 1451 1228 1534; x_wconf 86' lang='lat' dir='ltr'>convenit,</span> <span class='ocrx_word' id='word_1_78' title='bbox 1250 1463 1329 1520; x_wconf 89' lang='lat' dir='ltr'>tum</span> <span class='ocrx_word' id='word_1_79' title='bbox 1400 1525 1402 1540; x_wconf 44' lang='grc' dir='ltr'>Ι</span> 
     </span>
     <span class='ocr_line' id='line_1_12' title="bbox 262 1556 1330 1656; baseline -0.003 -25"><span class='ocrx_word' id='word_1_80' title='bbox 262 1571 348 1631; x_wconf 85' lang='lat' dir='ltr'>eas⁷</span> <span class='ocrx_word' id='word_1_81' title='bbox 372 1557 535 1656; x_wconf 82' lang='lat' dir='ltr'>proiecto</span> <span class='ocrx_word' id='word_1_82' title='bbox 556 1560 730 1644; x_wconf 81' lang='lat' dir='ltr'>maxime,</span> <span class='ocrx_word' id='word_1_83' title='bbox 753 1580 835 1652; x_wconf 81' lang='lat' dir='ltr'>quae</span> <span class='ocrx_word' id='word_1_84' title='bbox 852 1558 1122 1626; x_wconf 87' lang='lat' dir='ltr'>constituuntur</span> <span class='ocrx_word' id='word_1_85' title='bbox 1137 1556 1180 1626; x_wconf 89' lang='lat' dir='ltr'>ad</span> <span class='ocrx_word' id='word_1_86' title='bbox 1201 1556 1330 1654; x_wconf 87' lang='lat' dir='ltr'>popuii</span> 
     </span>
     <span class='ocr_line' id='line_1_13' title="bbox 261 1665 1327 1764; baseline -0.001 -26"><span class='ocrx_word' id='word_1_87' title='bbox 261 1665 419 1739; x_wconf 76' lang='lat' dir='ltr'>fructum</span> <span class='ocrx_word' id='word_1_88' title='bbox 446 1669 602 1764; x_wconf 87' lang='lat' dir='ltr'><strong>aliquem</strong></span> <span class='ocrx_word' id='word_1_89' title='bbox 629 1681 665 1738; x_wconf 87' lang='lat' dir='ltr'>et</span> <span class='ocrx_word' id='word_1_90' title='bbox 688 1665 942 1752; x_wconf 80' lang='lat' dir='ltr'>commodum3</span> <span class='ocrx_word' id='word_1_91' title='bbox 961 1667 997 1734; x_wconf 90' lang='lat' dir='ltr'>in</span> <span class='ocrx_word' id='word_1_92' title='bbox 1020 1689 1095 1762; x_wconf 85' lang='lat' dir='ltr'>qno</span> <span class='ocrx_word' id='word_1_93' title='bbox 1114 1682 1151 1736; x_wconf 87' lang='lat' dir='ltr'>ct</span> <span class='ocrx_word' id='word_1_94' title='bbox 1172 1668 1327 1738; x_wconf 86' lang='lat' dir='ltr'>universi</span> 
     </span>
     <span class='ocr_line' id='line_1_14' title="bbox 259 1772 1366 1876; baseline 0.001 -28"><span class='ocrx_word' id='word_1_95' title='bbox 259 1772 454 1876; x_wconf 67' lang='lat' dir='ltr'>deligantss,</span> <span class='ocrx_word' id='word_1_96' title='bbox 479 1801 589 1874; x_wconf 86' lang='lat' dir='ltr'>quem</span> <span class='ocrx_word' id='word_1_97' title='bbox 621 1777 758 1874; x_wconf 90' lang='lat' dir='ltr'>populo</span> <span class='ocrx_word' id='word_1_98' title='bbox 787 1799 940 1846; x_wconf 86' lang='lat' dir='ltr'>romano</span> <span class='ocrx_word' id='word_1_99' title='bbox 966 1779 1120 1846; x_wconf 83' lang='lat' dir='ltr'>maxime</span> <span class='ocrx_word' id='word_1_100' title='bbox 1140 1777 1328 1849; x_wconf 89' lang='lat' dir='ltr'>consultu·</span> <span class='ocrx_word' id='word_1_101' title='bbox 1363 1801 1366 1804; x_wconf 85' lang='lat'>·</span> 
     </span>
     <span class='ocr_line' id='line_1_15' title="bbox 261 1884 1327 1986; baseline 0.001 -27"><span class='ocrx_word' id='word_1_102' title='bbox 261 1913 343 1959; x_wconf 83' lang='lat' dir='ltr'>rum</span> <span class='ocrx_word' id='word_1_103' title='bbox 368 1903 517 1986; x_wconf 87' lang='lat' dir='ltr'>putent,</span> <span class='ocrx_word' id='word_1_104' title='bbox 537 1901 572 1959; x_wconf 86' lang='lat' dir='ltr'>et</span> <span class='ocrx_word' id='word_1_105' title='bbox 596 1891 846 1985; x_wconf 85' lang='lat' dir='ltr'>unusquisque</span> <span class='ocrx_word' id='word_1_106' title='bbox 868 1885 989 1958; x_wconf 86' lang='lat' dir='ltr'>studio</span> <span class='ocrx_word' id='word_1_107' title='bbox 1009 1901 1046 1957; x_wconf 90' lang='lat' dir='ltr'>et</span> <span class='ocrx_word' id='word_1_108' title='bbox 1069 1884 1241 1985; x_wconf 81' lang='lat' dir='ltr'>suffragio</span> <span class='ocrx_word' id='word_1_109' title='bbox 1260 1913 1327 1960; x_wconf 90' lang='lat' dir='ltr'>suo</span> 
     </span>
     <span class='ocr_line' id='line_1_16' title="bbox 260 1997 1325 2095; baseline 0.006 -31"><span class='ocrx_word' id='word_1_110' title='bbox 260 2000 354 2070; x_wconf 86' lang='lat' dir='ltr'>viam</span> <span class='ocrx_word' id='word_1_111' title='bbox 370 1997 439 2068; x_wconf 91' lang='lat' dir='ltr'>sibi</span> <span class='ocrx_word' id='word_1_112' title='bbox 453 1997 497 2068; x_wconf 80' lang='lat' dir='ltr'>ad</span> <span class='ocrx_word' id='word_1_113' title='bbox 514 1997 729 2068; x_wconf 85' lang='lat' dir='ltr'>beneficium</span> <span class='ocrx_word' id='word_1_114' title='bbox 743 1997 1008 2094; x_wconf 85' lang='lat' dir='ltr'>impetrandum</span> <span class='ocrx_word' id='word_1_115' title='bbox 1023 1999 1183 2069; x_wconf 80' lang='lat' dir='ltr'>munire9</span> <span class='ocrx_word' id='word_1_116' title='bbox 1198 2000 1325 2095; x_wconf 85' lang='lat' dir='ltr'><strong>possit.</strong></span> 
     </span>
     <span class='ocr_line' id='line_1_17' title="bbox 260 2107 1326 2206; baseline 0.001 -27"><span class='ocrx_word' id='word_1_117' title='bbox 260 2113 339 2179; x_wconf 87' lang='lat' dir='ltr'>Hoc</span> <span class='ocrx_word' id='word_1_118' title='bbox 370 2108 518 2180; x_wconf 88' lang='lat' dir='ltr'>tribuno</span> <span class='ocrx_word' id='word_1_119' title='bbox 546 2107 664 2206; x_wconf 87' lang='lat' dir='ltr'>piebis</span> <span class='ocrx_word' id='word_1_120' title='bbox 695 2109 921 2204; x_wconf 86' lang='lat' dir='ltr'>potissimum</span> <span class='ocrx_word' id='word_1_121' title='bbox 949 2107 1047 2177; x_wconf 85' lang='lat' dir='ltr'>venit</span> <span class='ocrx_word' id='word_1_122' title='bbox 1074 2109 1111 2177; x_wconf 94' lang='lat' dir='ltr'>in</span> <span class='ocrx_word' id='word_1_123' title='bbox 1145 2123 1326 2198; x_wconf 82' lang='lat' dir='ltr'>mentem,</span> 
     </span>
     <span class='ocr_line' id='line_1_18' title="bbox 258 2216 1327 2319; baseline -0.001 -28"><span class='ocrx_word' id='word_1_124' title='bbox 258 2219 439 2319; x_wconf 85' lang='lat' dir='ltr'>populum</span> <span class='ocrx_word' id='word_1_125' title='bbox 474 2243 665 2290; x_wconf 91' lang='lat' dir='ltr'>romanum</span> <span class='ocrx_word' id='word_1_126' title='bbox 709 2219 919 2289; x_wconf 88' lang='lat' dir='ltr'>universum</span> <span class='ocrx_word' id='word_1_127' title='bbox 954 2219 1093 2314; x_wconf 80' lang='lat' dir='ltr'>privare</span> <span class='ocrx_word' id='word_1_128' title='bbox 1127 2216 1327 2318; x_wconf 83' lang='lat' dir='ltr'>suffragiis,</span> 
     </span>
     <span class='ocr_line' id='line_1_19' title="bbox 259 2327 1326 2428; baseline -0.001 -24"><span class='ocrx_word' id='word_1_129' title='bbox 259 2355 390 2428; x_wconf 80' lang='lat' dir='ltr'>paucas</span> <span class='ocrx_word' id='word_1_130' title='bbox 405 2327 539 2417; x_wconf 84' lang='lat' dir='ltr'>tribus,</span> <span class='ocrx_word' id='word_1_131' title='bbox 554 2353 629 2400; x_wconf 91' lang='lat' dir='ltr'>nou</span> <span class='ocrx_word' id='word_1_132' title='bbox 645 2343 741 2400; x_wconf 87' lang='lat' dir='ltr'>certa</span> <span class='ocrx_word' id='word_1_133' title='bbox 755 2329 961 2400; x_wconf 85' lang='lat' dir='ltr'>conditione</span> <span class='ocrx_word' id='word_1_134' title='bbox 972 2329 1065 2423; x_wconf 83' lang='lat' dir='ltr'>juris</span> <span class='ocrx_word' id='word_1_135' title='bbox 1077 2340 1120 2416; x_wconf 92' lang='lat'>¹⁰,</span> <span class='ocrx_word' id='word_1_136' title='bbox 1137 2327 1200 2402; x_wconf 85' lang='lat' dir='ltr'>sed</span> <span class='ocrx_word' id='word_1_137' title='bbox 1218 2335 1326 2404; x_wconf 90' lang='lat' dir='ltr'>sortis</span> 
     </span>
    </p>
   </div>
   <div class='ocr_carea' id='block_1_3' title="bbox 250 2549 1326 4125">
    <p class='ocr_par' dir='ltr' id='par_1_3' title="bbox 254 2549 1326 3408">
     <span class='ocr_line' id='line_1_20' title="bbox 293 2549 1326 2618; baseline 0.001 -16"><span class='ocrx_word' id='word_1_138' title='bbox 293 2555 319 2602; x_wconf 80' lang='grc'>3.</span> <span class='ocrx_word' id='word_1_139' title='bbox 332 2550 457 2618; x_wconf 72' lang='lat' dir='ltr'>Suffragia</span> <span class='ocrx_word' id='word_1_140' title='bbox 468 2551 611 2615; x_wconf 79' lang='lat' dir='ltr'><em>privaretur.</em></span> <span class='ocrx_word' id='word_1_141' title='bbox 628 2549 712 2598; x_wconf 85' lang='lat' dir='ltr'>Sinon</span> <span class='ocrx_word' id='word_1_142' title='bbox 729 2559 768 2596; x_wconf 85' lang='lat' dir='ltr'>to·</span> <span class='ocrx_word' id='word_1_143' title='bbox 812 2565 866 2596; x_wconf 88' lang='lat' dir='ltr'>cum</span> <span class='ocrx_word' id='word_1_144' title='bbox 879 2549 982 2614; x_wconf 88' lang='lat' dir='ltr'>imperio</span> <span class='ocrx_word' id='word_1_145' title='bbox 998 2561 1094 2607; x_wconf 78' lang='lat' dir='ltr'>cutem.</span> <span class='ocrx_word' id='word_1_146' title='bbox 1108 2551 1198 2615; x_wconf 88' lang='lat' dir='ltr'>quibus</span> <span class='ocrx_word' id='word_1_147' title='bbox 1210 2554 1326 2603; x_wconf 87' lang='lat' dir='ltr'>nomina-</span> 
     </span>
     <span class='ocr_line' id='line_1_21' title="bbox 255 2629 1310 2693; baseline 0.002 -12"><span class='ocrx_word' id='word_1_148' title='bbox 255 2644 308 2691; x_wconf 87' lang='lat' dir='ltr'>tus‚</span> <span class='ocrx_word' id='word_1_149' title='bbox 323 2631 425 2680; x_wconf 85' lang='lat' dir='ltr'>maxima</span> <span class='ocrx_word' id='word_1_150' title='bbox 436 2631 519 2678; x_wconf 85' lang='lat' dir='ltr'>saltem</span> <span class='ocrx_word' id='word_1_151' title='bbox 534 2647 565 2678; x_wconf 86' lang='lat' dir='ltr'>ex</span> <span class='ocrx_word' id='word_1_152' title='bbox 578 2639 655 2693; x_wconf 86' lang='lat' dir='ltr'>purte.</span> <span class='ocrx_word' id='word_1_153' title='bbox 671 2629 766 2676; x_wconf 81' lang='lat' dir='ltr'>Etenim</span> <span class='ocrx_word' id='word_1_154' title='bbox 811 2629 854 2675; x_wconf 91' lang='lat' dir='ltr'>tim</span> <span class='ocrx_word' id='word_1_155' title='bbox 865 2646 878 2675; x_wconf 87' lang='lat' dir='ltr'>a</span> <span class='ocrx_word' id='word_1_156' title='bbox 892 2629 988 2693; x_wconf 88' lang='lat' dir='ltr'>populo</span> <span class='ocrx_word' id='word_1_157' title='bbox 999 2629 1139 2678; x_wconf 75' lang='lat' dir='ltr'>mundatum</span> <span class='ocrx_word' id='word_1_158' title='bbox 1152 2647 1239 2680; x_wconf 87' lang='lat' dir='ltr'>munus</span> <span class='ocrx_word' id='word_1_159' title='bbox 1252 2646 1310 2684; x_wconf 82' lang='lat' dir='ltr'>erat.</span> 
     </span>
     <span class='ocr_line' id='line_1_22' title="bbox 255 2707 1325 2780; baseline 0.002 -20"><span class='ocrx_word' id='word_1_160' title='bbox 255 2711 363 2780; x_wconf 82' lang='lat' dir='ltr'>populus</span> <span class='ocrx_word' id='word_1_161' title='bbox 377 2726 491 2760; x_wconf 79' lang='lat' dir='ltr'>romanus</span> <span class='ocrx_word' id='word_1_162' title='bbox 508 2709 605 2774; x_wconf 80' lang='lat' dir='ltr'>trigintu</span> <span class='ocrx_word' id='word_1_163' title='bbox 620 2717 644 2754; x_wconf 91' lang='lat' dir='ltr'>et</span> <span class='ocrx_word' id='word_1_164' title='bbox 660 2707 767 2770; x_wconf 88' lang='lat' dir='ltr'>quinque</span> <span class='ocrx_word' id='word_1_165' title='bbox 848 2725 872 2768; x_wconf 88' lang='lat'>7.</span> <span class='ocrx_word' id='word_1_166' title='bbox 902 2709 960 2754; x_wconf 84' lang='lat' dir='ltr'>Tum</span> <span class='ocrx_word' id='word_1_167' title='bbox 988 2726 1037 2756; x_wconf 83' lang='lat' dir='ltr'>eas.</span> <span class='ocrx_word' id='word_1_168' title='bbox 1061 2711 1205 2759; x_wconf 88' lang='lat' dir='ltr'>Curationes</span> <span class='ocrx_word' id='word_1_169' title='bbox 1231 2713 1325 2763; x_wconf 85' lang='lat' dir='ltr'>scilicet</span> 
     </span>
     <span class='ocr_line' id='line_1_23' title="bbox 255 2775 1325 2852; baseline 0.003 -13"><span class='ocrx_word' id='word_1_170' title='bbox 255 2789 367 2840; x_wconf 76' lang='lat' dir='ltr'>tribubus</span> <span class='ocrx_word' id='word_1_171' title='bbox 377 2789 518 2846; x_wconf 84' lang='lat' dir='ltr'>constabat,</span> <span class='ocrx_word' id='word_1_172' title='bbox 532 2799 555 2835; x_wconf 91' lang='lat' dir='ltr'>et</span> <span class='ocrx_word' id='word_1_173' title='bbox 565 2787 651 2836; x_wconf 78' lang='lat' dir='ltr'>Rullus</span> <span class='ocrx_word' id='word_1_174' title='bbox 663 2797 765 2850; x_wconf 86' lang='lat' dir='ltr'>septem·</span> <span class='ocrx_word' id='word_1_175' title='bbox 810 2775 940 2852; x_wconf 77' lang='lat' dir='ltr'>ngrbrum,</span> <span class='ocrx_word' id='word_1_176' title='bbox 955 2798 978 2835; x_wconf 91' lang='lat' dir='ltr'>et</span> <span class='ocrx_word' id='word_1_177' title='bbox 992 2789 1142 2838; x_wconf 86' lang='lat' dir='ltr'>coloniarum</span> <span class='ocrx_word' id='word_1_178' title='bbox 1155 2791 1325 2843; x_wconf 83' lang='lat' dir='ltr'>deductiones.</span> 
     </span>
     <span class='ocr_line' id='line_1_24' title="bbox 256 2864 1324 2936; baseline 0.002 -18"><span class='ocrx_word' id='word_1_179' title='bbox 256 2869 334 2918; x_wconf 85' lang='lat' dir='ltr'>decim</span> <span class='ocrx_word' id='word_1_180' title='bbox 344 2879 436 2917; x_wconf 86' lang='lat' dir='ltr'>tantum</span> <span class='ocrx_word' id='word_1_181' title='bbox 446 2866 602 2931; x_wconf 78' lang='lat' dir='ltr'>exposcebat.</span> <span class='ocrx_word' id='word_1_182' title='bbox 612 2865 684 2914; x_wconf 87' lang='lat' dir='ltr'>Cuius</span> <span class='ocrx_word' id='word_1_183' title='bbox 693 2864 765 2912; x_wconf 87' lang='lat' dir='ltr'>Tibe·</span> <span class='ocrx_word' id='word_1_184' title='bbox 848 2869 872 2914; x_wconf 84' lang='grc'>8,</span> <span class='ocrx_word' id='word_1_185' title='bbox 891 2866 1000 2915; x_wconf 80' lang='lat' dir='ltr'>Universt&#39;</span> <span class='ocrx_word' id='word_1_186' title='bbox 1014 2869 1132 2936; x_wconf 76' lang='lat' dir='ltr'>deligunt.</span> <span class='ocrx_word' id='word_1_187' title='bbox 1152 2869 1210 2918; x_wconf 87' lang='lat' dir='ltr'>Non</span> <span class='ocrx_word' id='word_1_188' title='bbox 1230 2883 1324 2920; x_wconf 84' lang='lat' dir='ltr'>tantum</span> 
     </span>
     <span class='ocr_line' id='line_1_25' title="bbox 254 2944 1324 3014; baseline 0.002 -17"><span class='ocrx_word' id='word_1_189' title='bbox 254 2949 352 3013; x_wconf 84' lang='lat' dir='ltr'>riusque</span> <span class='ocrx_word' id='word_1_190' title='bbox 366 2946 490 2996; x_wconf 73' lang='lat' dir='ltr'>Gracchus</span> <span class='ocrx_word' id='word_1_191' title='bbox 506 2945 549 3008; x_wconf 84' lang='lat' dir='ltr'>qui</span> <span class='ocrx_word' id='word_1_192' title='bbox 561 2944 638 3007; x_wconf 80' lang='lat' dir='ltr'>legem</span> <span class='ocrx_word' id='word_1_193' title='bbox 651 2945 767 3007; x_wconf 77' lang='lat' dir='ltr'>agrariam</span> <span class='ocrx_word' id='word_1_194' title='bbox 811 2946 923 2994; x_wconf 86' lang='lat' dir='ltr'>tribunus</span> <span class='ocrx_word' id='word_1_195' title='bbox 938 2947 1056 3012; x_wconf 90' lang='lat' dir='ltr'>populum</span> <span class='ocrx_word' id='word_1_196' title='bbox 1073 2949 1188 3012; x_wconf 74' lang='lat' dir='ltr'>suffragio</span> <span class='ocrx_word' id='word_1_197' title='bbox 1203 2951 1324 3014; x_wconf 80' lang='lat' dir='ltr'>privavit,</span> 
     </span>
     <span class='ocr_line' id='line_1_26' title="bbox 255 3022 1323 3090; baseline 0.004 -15"><span class='ocrx_word' id='word_1_198' title='bbox 255 3027 373 3085; x_wconf 86' lang='lat' dir='ltr'>tulerant,</span> <span class='ocrx_word' id='word_1_199' title='bbox 390 3025 529 3074; x_wconf 86' lang='lat' dir='ltr'>triumviros</span> <span class='ocrx_word' id='word_1_200' title='bbox 545 3022 576 3070; x_wconf 87' lang='lat' dir='ltr'>sb</span> <span class='ocrx_word' id='word_1_201' title='bbox 592 3023 659 3071; x_wconf 81' lang='lat' dir='ltr'>oruui</span> <span class='ocrx_word' id='word_1_202' title='bbox 671 3023 766 3088; x_wconf 84' lang='lat' dir='ltr'>populo</span> <span class='ocrx_word' id='word_1_203' title='bbox 811 3025 853 3072; x_wconf 87' lang='lat' dir='ltr'>ssd</span> <span class='ocrx_word' id='word_1_204' title='bbox 867 3025 938 3073; x_wconf 83' lang='lat' dir='ltr'>etiam</span> <span class='ocrx_word' id='word_1_205' title='bbox 948 3043 1002 3090; x_wconf 84' lang='lat' dir='ltr'>quae</span> <span class='ocrx_word' id='word_1_206' title='bbox 1011 3027 1125 3090; x_wconf 81' lang='lat' dir='ltr'>suffragia</span> <span class='ocrx_word' id='word_1_207' title='bbox 1136 3029 1220 3078; x_wconf 79' lang='lat' dir='ltr'>darent</span> <span class='ocrx_word' id='word_1_208' title='bbox 1233 3029 1323 3090; x_wconf 84' lang='lat' dir='ltr'>tribus,</span> 
     </span>
     <span class='ocr_line' id='line_1_27' title="bbox 255 3102 1324 3172; baseline 0.004 -18"><span class='ocrx_word' id='word_1_209' title='bbox 255 3108 330 3155; x_wconf 85' lang='lat' dir='ltr'>creari</span> <span class='ocrx_word' id='word_1_210' title='bbox 341 3109 469 3168; x_wconf 74' lang='lat' dir='ltr'>iusserant.</span> <span class='ocrx_word' id='word_1_211' title='bbox 486 3105 516 3151; x_wconf 87' lang='lat' dir='ltr'>Et</span> <span class='ocrx_word' id='word_1_212' title='bbox 530 3119 605 3166; x_wconf 88' lang='lat' dir='ltr'>quum</span> <span class='ocrx_word' id='word_1_213' title='bbox 624 3103 677 3166; x_wconf 80' lang='lat' dir='ltr'>lege</span> <span class='ocrx_word' id='word_1_214' title='bbox 698 3102 767 3151; x_wconf 83' lang='lat' dir='ltr'>Rulli</span> <span class='ocrx_word' id='word_1_215' title='bbox 811 3119 861 3150; x_wconf 91' lang='lat' dir='ltr'>non</span> <span class='ocrx_word' id='word_1_216' title='bbox 880 3106 1056 3168; x_wconf 82' lang='lat' dir='ltr'>antiquissimus</span> <span class='ocrx_word' id='word_1_217' title='bbox 1076 3117 1118 3154; x_wconf 82' lang='lat' dir='ltr'>sut</span> <span class='ocrx_word' id='word_1_218' title='bbox 1137 3109 1324 3172; x_wconf 81' lang='lat' dir='ltr'>sapientissimus</span> 
     </span>
     <span class='ocr_line' id='line_1_28' title="bbox 254 3180 1323 3250; baseline 0.006 -18"><span class='ocrx_word' id='word_1_219' title='bbox 254 3196 348 3234; x_wconf 88' lang='lat' dir='ltr'>tautum</span> <span class='ocrx_word' id='word_1_220' title='bbox 354 3200 441 3231; x_wconf 83' lang='lat' dir='ltr'>novem</span> <span class='ocrx_word' id='word_1_221' title='bbox 450 3180 595 3230; x_wconf 85' lang='lat' dir='ltr'>tribubusad</span> <span class='ocrx_word' id='word_1_222' title='bbox 603 3182 765 3230; x_wconf 84' lang='lat' dir='ltr'>decemvirum</span> <span class='ocrx_word' id='word_1_223' title='bbox 811 3181 898 3246; x_wconf 83' lang='lat' dir='ltr'>elegit,</span> <span class='ocrx_word' id='word_1_224' title='bbox 912 3183 955 3232; x_wconf 83' lang='lat' dir='ltr'>scd</span> <span class='ocrx_word' id='word_1_225' title='bbox 969 3202 1008 3232; x_wconf 80' lang='lat' dir='ltr'>eas</span> <span class='ocrx_word' id='word_1_226' title='bbox 1021 3202 1081 3250; x_wconf 84' lang='lat' dir='ltr'>quas</span> <span class='ocrx_word' id='word_1_227' title='bbox 1094 3203 1146 3234; x_wconf 86' lang='lat' dir='ltr'>sors</span> <span class='ocrx_word' id='word_1_228' title='bbox 1161 3187 1276 3250; x_wconf 87' lang='lat' dir='ltr'>duceret,</span> <span class='ocrx_word' id='word_1_229' title='bbox 1288 3191 1323 3238; x_wconf 77' lang='lat' dir='ltr'>its</span> 
     </span>
     <span class='ocr_line' id='line_1_29' title="bbox 255 3261 1322 3328; baseline 0.006 -17"><span class='ocrx_word' id='word_1_230' title='bbox 255 3263 387 3312; x_wconf 83' lang='lat' dir='ltr'>creandum</span> <span class='ocrx_word' id='word_1_231' title='bbox 395 3271 458 3310; x_wconf 82' lang='lat' dir='ltr'>esset</span> <span class='ocrx_word' id='word_1_232' title='bbox 468 3277 539 3326; x_wconf 84' lang='lat' dir='ltr'>opus,</span> <span class='ocrx_word' id='word_1_233' title='bbox 547 3262 621 3310; x_wconf 82' lang='lat' dir='ltr'>ceteri</span> <span class='ocrx_word' id='word_1_234' title='bbox 629 3277 712 3308; x_wconf 85' lang='lat' dir='ltr'>omnes</span> <span class='ocrx_word' id='word_1_235' title='bbox 720 3261 766 3308; x_wconf 78' lang='lat' dir='ltr'>suf·</span> <span class='ocrx_word' id='word_1_236' title='bbox 810 3273 837 3310; x_wconf 88' lang='lat' dir='ltr'>ut</span> <span class='ocrx_word' id='word_1_237' title='bbox 851 3263 989 3328; x_wconf 76' lang='lat' dir='ltr'>reipublicae</span> <span class='ocrx_word' id='word_1_238' title='bbox 1003 3265 1050 3310; x_wconf 80' lang='lat' dir='ltr'>futu</span> <span class='ocrx_word' id='word_1_239' title='bbox 1065 3281 1095 3312; x_wconf 81' lang='lat' dir='ltr'>ex</span> <span class='ocrx_word' id='word_1_240' title='bbox 1108 3282 1196 3314; x_wconf 87' lang='lat' dir='ltr'>novem</span> <span class='ocrx_word' id='word_1_241' title='bbox 1209 3267 1322 3317; x_wconf 88' lang='lat' dir='ltr'>tribubus</span> 
     </span>
     <span class='ocr_line' id='line_1_30' title="bbox 255 3341 1208 3408; baseline 0.001 -17"><span class='ocrx_word' id='word_1_242' title='bbox 255 3344 324 3408; x_wconf 75' lang='lat' dir='ltr'>fragii</span> <span class='ocrx_word' id='word_1_243' title='bbox 335 3344 389 3404; x_wconf 85' lang='lat' dir='ltr'>jure</span> <span class='ocrx_word' id='word_1_244' title='bbox 402 3351 470 3390; x_wconf 87' lang='lat' dir='ltr'>erant</span> <span class='ocrx_word' id='word_1_245' title='bbox 484 3341 580 3402; x_wconf 88' lang='lat' dir='ltr'>dejecti.</span> <span class='ocrx_word' id='word_1_246' title='bbox 809 3342 919 3404; x_wconf 74' lang='lat' dir='ltr'>pessimis</span> <span class='ocrx_word' id='word_1_247' title='bbox 930 3343 1008 3393; x_wconf 78' lang='lat' dir='ltr'>forsan</span> <span class='ocrx_word' id='word_1_248' title='bbox 1020 3359 1085 3392; x_wconf 90' lang='lat' dir='ltr'>nunc</span> <span class='ocrx_word' id='word_1_249' title='bbox 1095 3345 1208 3408; x_wconf 77' lang='lat' dir='ltr'>pendeat.</span> 
     </span>
    </p>

    <p class='ocr_par' dir='ltr' id='par_1_4' title="bbox 251 3420 1323 3647">
     <span class='ocr_line' id='line_1_31' title="bbox 293 3420 1323 3488; baseline 0.001 -16"><span class='ocrx_word' id='word_1_250' title='bbox 293 3433 316 3480; x_wconf 71' lang='grc'>4.</span> <span class='ocrx_word' id='word_1_251' title='bbox 343 3423 470 3472; x_wconf 81' lang='lat' dir='ltr'>Curatores</span> <span class='ocrx_word' id='word_1_252' title='bbox 489 3421 615 3469; x_wconf 79' lang='lat' dir='ltr'>constituti</span> <span class='ocrx_word' id='word_1_253' title='bbox 632 3431 695 3468; x_wconf 80' lang='lat' dir='ltr'>sunt.</span> <span class='ocrx_word' id='word_1_254' title='bbox 717 3423 766 3482; x_wconf 89' lang='lat' dir='ltr'>Qui</span> <span class='ocrx_word' id='word_1_255' title='bbox 847 3435 871 3482; x_wconf 86' lang='lat'>9.</span> <span class='ocrx_word' id='word_1_256' title='bbox 892 3420 986 3468; x_wconf 83' lang='lat' dir='ltr'>Munire</span> <span class='ocrx_word' id='word_1_257' title='bbox 996 3423 1080 3486; x_wconf 82' lang='lat' dir='ltr'>possit.</span> <span class='ocrx_word' id='word_1_258' title='bbox 1094 3425 1176 3488; x_wconf 86' lang='lat' dir='ltr'>Quum</span> <span class='ocrx_word' id='word_1_259' title='bbox 1192 3424 1323 3474; x_wconf 83' lang='lat' dir='ltr'>decemviri</span> 
     </span>
     <span class='ocr_line' id='line_1_32' title="bbox 253 3499 1321 3570; baseline 0.003 -20"><span class='ocrx_word' id='word_1_260' title='bbox 253 3503 372 3570; x_wconf 86' lang='lat' dir='ltr'>populum</span> <span class='ocrx_word' id='word_1_261' title='bbox 381 3502 406 3548; x_wconf 95' lang='lat' dir='ltr'>iu</span> <span class='ocrx_word' id='word_1_262' title='bbox 416 3499 767 3562; x_wconf 82' lang='lat' dir='ltr'>colonissdeducerentagros·</span> <span class='ocrx_word' id='word_1_263' title='bbox 810 3513 880 3562; x_wconf 80' lang='lat' dir='ltr'>agros</span> <span class='ocrx_word' id='word_1_264' title='bbox 889 3502 937 3547; x_wconf 89' lang='lat' dir='ltr'>sint</span> <span class='ocrx_word' id='word_1_265' title='bbox 949 3499 1048 3548; x_wconf 85' lang='lat' dir='ltr'>divisuri</span> <span class='ocrx_word' id='word_1_266' title='bbox 1061 3503 1169 3568; x_wconf 77' lang='lat' dir='ltr'>populo,</span> <span class='ocrx_word' id='word_1_267' title='bbox 1182 3503 1242 3550; x_wconf 85' lang='lat' dir='ltr'>civis</span> <span class='ocrx_word' id='word_1_268' title='bbox 1253 3505 1321 3568; x_wconf 87' lang='lat' dir='ltr'>quis·</span> 
     </span>
     <span class='ocr_line' id='line_1_33' title="bbox 251 3578 1322 3647; baseline 0 -17"><span class='ocrx_word' id='word_1_269' title='bbox 251 3599 300 3647; x_wconf 88' lang='lat' dir='ltr'>que</span> <span class='ocrx_word' id='word_1_270' title='bbox 316 3582 338 3630; x_wconf 91' lang='lat' dir='ltr'>ei</span> <span class='ocrx_word' id='word_1_271' title='bbox 354 3583 509 3646; x_wconf 76' lang='lat' dir='ltr'>assignarent.</span> <span class='ocrx_word' id='word_1_272' title='bbox 809 3578 895 3641; x_wconf 85' lang='lat' dir='ltr'>quein</span> <span class='ocrx_word' id='word_1_273' title='bbox 909 3579 1024 3642; x_wconf 77' lang='lat' dir='ltr'>suffragio</span> <span class='ocrx_word' id='word_1_274' title='bbox 1038 3581 1151 3640; x_wconf 79' lang='lat' dir='ltr'>ferendo,</span> <span class='ocrx_word' id='word_1_275' title='bbox 1165 3581 1194 3629; x_wconf 92' lang='lat' dir='ltr'>iis</span> <span class='ocrx_word' id='word_1_276' title='bbox 1207 3587 1322 3633; x_wconf 75' lang='lat' dir='ltr'>assentari</span> 
     </span>
    </p>

    <p class='ocr_par' dir='ltr' id='par_1_5' title="bbox 251 3655 1321 3964">
     <span class='ocr_line' id='line_1_34' title="bbox 290 3655 1321 3726; baseline 0 -14"><span class='ocrx_word' id='word_1_277' title='bbox 290 3657 314 3712; x_wconf 82' lang='lat'>5.</span> <span class='ocrx_word' id='word_1_278' title='bbox 331 3660 466 3710; x_wconf 79' lang='lat' dir='ltr'>Triumviri.</span> <span class='ocrx_word' id='word_1_279' title='bbox 476 3655 607 3706; x_wconf 85' lang='lat' dir='ltr'>Triumviri</span> <span class='ocrx_word' id='word_1_280' title='bbox 615 3665 639 3703; x_wconf 86' lang='lat' dir='ltr'>ct</span> <span class='ocrx_word' id='word_1_281' title='bbox 648 3657 764 3720; x_wconf 89' lang='lat' dir='ltr'>quinque·</span> <span class='ocrx_word' id='word_1_282' title='bbox 809 3656 944 3717; x_wconf 78' lang='lat' dir='ltr'>conabitur,</span> <span class='ocrx_word' id='word_1_283' title='bbox 954 3670 979 3704; x_wconf 92' lang='lat' dir='ltr'>ut</span> <span class='ocrx_word' id='word_1_284' title='bbox 989 3660 1012 3704; x_wconf 82' lang='lat' dir='ltr'>ei</span> <span class='ocrx_word' id='word_1_285' title='bbox 1021 3659 1136 3722; x_wconf 77' lang='lat' dir='ltr'>largiatur</span> <span class='ocrx_word' id='word_1_286' title='bbox 1145 3671 1236 3726; x_wconf 82' lang='lat' dir='ltr'>postea,</span> <span class='ocrx_word' id='word_1_287' title='bbox 1245 3679 1321 3726; x_wconf 87' lang='lat' dir='ltr'>quum</span> 
     </span>
     <span class='ocr_line' id='line_1_35' title="bbox 252 3733 1321 3806; baseline 0.004 -20"><span class='ocrx_word' id='word_1_288' title='bbox 252 3742 298 3789; x_wconf 83' lang='lat' dir='ltr'>viri</span> <span class='ocrx_word' id='word_1_289' title='bbox 310 3741 435 3806; x_wconf 85' lang='lat' dir='ltr'>Nepesino</span> <span class='ocrx_word' id='word_1_290' title='bbox 453 3749 477 3787; x_wconf 87' lang='lat' dir='ltr'>ct</span> <span class='ocrx_word' id='word_1_291' title='bbox 495 3738 601 3786; x_wconf 85' lang='lat' dir='ltr'>Pontiuo</span> <span class='ocrx_word' id='word_1_292' title='bbox 618 3749 677 3798; x_wconf 76' lang='lat' dir='ltr'>agro</span> <span class='ocrx_word' id='word_1_293' title='bbox 700 3733 763 3784; x_wconf 86' lang='lat' dir='ltr'>divi·</span> <span class='ocrx_word' id='word_1_294' title='bbox 807 3733 934 3798; x_wconf 88' lang='lat' dir='ltr'>imperium</span> <span class='ocrx_word' id='word_1_295' title='bbox 952 3737 1093 3787; x_wconf 85' lang='lat' dir='ltr'>obtinuerit.</span> <span class='ocrx_word' id='word_1_296' title='bbox 1111 3739 1279 3790; x_wconf 80' lang='lat' dir='ltr'>Indeereuiet</span> <span class='ocrx_word' id='word_1_297' title='bbox 1293 3753 1321 3790; x_wconf 90' lang='lat' dir='ltr'>ut</span> 
     </span>
     <span class='ocr_line' id='line_1_36' title="bbox 252 3815 1319 3882; baseline -0.002 -12"><span class='ocrx_word' id='word_1_298' title='bbox 252 3821 348 3882; x_wconf 85' lang='lat' dir='ltr'>deudo;</span> <span class='ocrx_word' id='word_1_299' title='bbox 368 3817 496 3868; x_wconf 84' lang='lat' dir='ltr'>decemviri</span> <span class='ocrx_word' id='word_1_300' title='bbox 514 3827 611 3874; x_wconf 84' lang='lat' dir='ltr'>autem,</span> <span class='ocrx_word' id='word_1_301' title='bbox 624 3815 763 3878; x_wconf 75' lang='lat' dir='ltr'>Ligustico,</span> <span class='ocrx_word' id='word_1_302' title='bbox 807 3815 919 3878; x_wconf 78' lang='lat' dir='ltr'>suffragia</span> <span class='ocrx_word' id='word_1_303' title='bbox 932 3817 1115 3879; x_wconf 84' lang='lat' dir='ltr'>quodammodo</span> <span class='ocrx_word' id='word_1_304' title='bbox 1129 3818 1205 3867; x_wconf 84' lang='lat' dir='ltr'>libera</span> <span class='ocrx_word' id='word_1_305' title='bbox 1216 3839 1268 3870; x_wconf 91' lang='lat' dir='ltr'>non</span> <span class='ocrx_word' id='word_1_306' title='bbox 1279 3823 1319 3868; x_wconf 82' lang='lat' dir='ltr'>su·</span> 
     </span>
     <span class='ocr_line' id='line_1_37' title="bbox 251 3895 930 3964; baseline -0.01 -13"><span class='ocrx_word' id='word_1_307' title='bbox 251 3915 274 3950; x_wconf 89' lang='lat' dir='ltr'>et</span> <span class='ocrx_word' id='word_1_308' title='bbox 287 3901 383 3949; x_wconf 85' lang='lat' dir='ltr'>Gallico</span> <span class='ocrx_word' id='word_1_309' title='bbox 393 3896 535 3964; x_wconf 84' lang='lat' dir='ltr'>partiendo,</span> <span class='ocrx_word' id='word_1_310' title='bbox 549 3895 614 3944; x_wconf 80' lang='lat' dir='ltr'>suere</span> <span class='ocrx_word' id='word_1_311' title='bbox 628 3895 762 3959; x_wconf 81' lang='lat' dir='ltr'>praepositi.</span> <span class='ocrx_word' id='word_1_312' title='bbox 808 3905 861 3941; x_wconf 87' lang='lat' dir='ltr'>tura</span> <span class='ocrx_word' id='word_1_313' title='bbox 873 3896 930 3945; x_wconf 92' lang='lat' dir='ltr'>sint.</span> 
     </span>
    </p>

    <p class='ocr_par' dir='ltr' id='par_1_6' title="bbox 250 3974 1319 4125">
     <span class='ocr_line' id='line_1_38' title="bbox 286 3974 1319 4040; baseline -0.002 -10"><span class='ocrx_word' id='word_1_314' title='bbox 286 3983 310 4030; x_wconf 79' lang='lat'>⁶.</span> <span class='ocrx_word' id='word_1_315' title='bbox 325 3983 466 4028; x_wconf 80' lang='lat' dir='ltr'>Potestates.</span> <span class='ocrx_word' id='word_1_316' title='bbox 481 3976 544 4025; x_wconf 86' lang='lat' dir='ltr'>Cum</span> <span class='ocrx_word' id='word_1_317' title='bbox 552 3987 673 4040; x_wconf 84' lang='lat' dir='ltr'>potestate</span> <span class='ocrx_word' id='word_1_318' title='bbox 682 3985 762 4032; x_wconf 80' lang='lat' dir='ltr'>erant,</span> <span class='ocrx_word' id='word_1_319' title='bbox 847 3991 885 4023; x_wconf 86' lang='lat' dir='ltr'>ro.</span> <span class='ocrx_word' id='word_1_320' title='bbox 896 3974 1037 4024; x_wconf 73' lang='lat' dir='ltr'>conditione</span> <span class='ocrx_word' id='word_1_321' title='bbox 1043 3975 1118 4040; x_wconf 82' lang='lat' dir='ltr'>juris.</span> <span class='ocrx_word' id='word_1_322' title='bbox 1128 3979 1245 4028; x_wconf 85' lang='lat' dir='ltr'>Conditio</span> <span class='ocrx_word' id='word_1_323' title='bbox 1255 3990 1319 4028; x_wconf 84' lang='lat' dir='ltr'>certa</span> 
     </span>
     <span class='ocr_line' id='line_1_39' title="bbox 250 4053 1318 4125; baseline 0.002 -19"><span class='ocrx_word' id='word_1_324' title='bbox 250 4060 292 4125; x_wconf 79' lang='lat' dir='ltr'>qui</span> <span class='ocrx_word' id='word_1_325' title='bbox 300 4060 334 4106; x_wconf 87' lang='lat' dir='ltr'>rei</span> <span class='ocrx_word' id='word_1_326' title='bbox 344 4057 440 4106; x_wconf 78' lang='lat' dir='ltr'>elicuit</span> <span class='ocrx_word' id='word_1_327' title='bbox 449 4053 543 4120; x_wconf 78' lang='lat' dir='ltr'>populo</span> <span class='ocrx_word' id='word_1_328' title='bbox 553 4053 764 4118; x_wconf 79' lang='lat' dir='ltr'>praeiieiebantur3</span> <span class='ocrx_word' id='word_1_329' title='bbox 805 4055 867 4113; x_wconf 85' lang='lat' dir='ltr'>juris</span> <span class='ocrx_word' id='word_1_330' title='bbox 876 4065 950 4115; x_wconf 79' lang='lat' dir='ltr'>esset,</span> <span class='ocrx_word' id='word_1_331' title='bbox 965 4058 985 4102; x_wconf 90' lang='lat' dir='ltr'>si</span> <span class='ocrx_word' id='word_1_332' title='bbox 994 4055 1136 4104; x_wconf 83' lang='lat' dir='ltr'>nominatim</span> <span class='ocrx_word' id='word_1_333' title='bbox 1146 4057 1318 4122; x_wconf 84' lang='lat' dir='ltr'>septemdecim</span> 
     </span>
    </p>
   </div>
   <div class='ocr_carea' id='block_1_4' title="bbox 0 0 1514 4666">
    <p class='ocr_par' dir='ltr' id='par_1_7' title="bbox 0 0 1514 4666">
     <span class='ocr_line' id='line_1_40' title="bbox 0 0 1514 4666; baseline 0 5"><span class='ocrx_word' id='word_1_334' title='bbox 0 0 1514 4666; x_wconf 95' lang='lat' dir='ltr'> </span> 
     </span>
    </p>
   </div>
  </div>
 </body>
</html>
