2988 4668
290 399 357 474 552
426 359 429 368 ’
608 405 656 471 Μ.
682 404 721 472 r.
749 405 1034 474 crcnnorus

285 527 412 598 leviter
433 521 626 594 emendare
651 524 796 622 possim.
817 529 899 598 Non
920 523 1033 595 multa
1044 533 1214 622 peccas¹,
1235 523 1347 620 inquit

286 635 346 708 ille
365 633 560 706 fortissimo
582 635 801 712 virosenior
820 637 1007 732 magister3
1027 632 1107 720 sed,
1130 637 1185 704 si²
1207 657 1347 732 peccas,

288 763 324 820 te
340 771 465 846 regere
481 769 642 842 possum.
654 749 701 815 At
716 770 782 843 ego
798 761 834 816 te
848 747 1030 816 verissime
1041 743 1191 814 dixerim
1206 767 1348 842 peccare

287 855 400 944 nihil,
422 879 542 952 neque
560 854 634 925 ulla
652 855 688 924 in
712 881 752 925 re
772 870 810 926 te
829 879 905 928 esse
927 853 1156 949 hujusmodi,
1177 869 1218 928 ut
1243 857 1347 926 corri-

288 965 428 1064 gendus
438 963 1101 1063 potius,quamleviter³inssectendus
1111 988 1188 1035 esse
1199 964 1346 1036 videare.

286 1076 405 1148 Finxit
417 1076 515 1148 enim
530 1089 566 1145 te
576 1075 651 1173 ipsa
663 1087 790 1146 natura
803 1074 848 1146 ad
863 1074 1111 1158 honestatem,
1126 1076 1348 1172 gravitatem,

287 1185 583 1282 temperantiam,
614 1183 900 1280 magnitudinem
931 1185 1066 1272 animi,
1093 1185 1283 1280 justitiam,
1309 1183 1349 1254 ad

288 1319 415 1366 omnes
433 1294 590 1393 denique
614 1299 765 1366 virtutes
783 1319 953 1393 magnum
978 1295 1163 1366 hominem
1182 1309 1220 1365 et
1238 1294 1349 1366 excel-

286 1431 379 1496 sum.
402 1407 557 1476 Accessit
580 1403 661 1474 his4
685 1418 741 1477 tot
763 1405 926 1478 doctrina
950 1430 1027 1476 non
1052 1404 1262 1492 moderata,
1287 1429 1350 1475 nec

285 1517 400 1602 mitis,
420 1515 501 1603 sed,
521 1529 561 1586 ut
581 1515 669 1587 mihi
688 1515 854 1604 videtur,
874 1514 998 1614 paullo
1020 1517 1199 1612 asperior,
1225 1529 1262 1586 et
1287 1513 1349 1586 du·

287 1630 378 1714 rior,
399 1649 508 1722 quarn
530 1628 658 1697 veritas
684 1641 745 1698 aut
769 1641 903 1698 natura*
921 1628 1085 1724 patiatur.
1116 1629 1161 1695 Et
1182 1625 1350 1722 quoniam

290 1761 366 1807 non
389 1749 442 1806 est
461 1733 566 1807 nobis
582 1735 659 1807 haec
684 1739 799 1808 oratio
821 1735 987 1808 habenda
1009 1749 1070 1805 aut
1089 1759 1172 1806 cum
1190 1735 1351 1831 imperita

290 1843 560 1932 multitudine⁵,
578 1859 642 1916 aut
658 1849 696 1915 in
713 1847 835 1944 aliquo
855 1860 1039 1916 conventu
1060 1845 1273 1942 agrestium,
1291 1868 1350 1914 an-

262 1961 267 1972 '
289 1955 412 2046 dacius
430 1955 553 2054 paullo
574 1955 619 2038 de
638 1955 766 2027 studiis
788 1956 1038 2040 humanitatis,
1058 1979 1138 2052 quae
1157 1967 1193 2026 et
1216 1954 1351 2025 mihiel

292 2065 393 2136 vobis
412 2080 500 2135 nota
518 2078 553 2135 et
568 2065 729 2160 jucunda
746 2080 851 2154 sunt,
872 2062 1074 2162 disputabo.

326 2182 379 2269 ΙΙη
402 2181 450 2246 Μ.
471 2179 633 2265 Catone,
658 2175 818 2271 judices,
835 2175 911 2248 haec
931 2174 1051 2261 bona,
1077 2199 1157 2272 quae
1176 2174 1350 2261 videmus,

292 2287 412 2358 divina
432 2300 467 2356 et
487 2288 646 2384 egregia,
665 2286 777 2385 ipsiu's
805 2289 931 2359 scitote
956 2311 1032 2357 esse
1059 2281 1229 2384 propria⁶
1250 2312 1258 2355 ε
1276 2310 1352 2382 quac

291 2417 570 2491 nonnumquam
592 2397 827 2492 requirimus,
847 2421 887 2468 ea
908 2411 994 2468 sunt
1021 2397 1142 2466 omnia
1164 2419 1275 2466 non—a
1293 2421 1351 2466 na·
1444 2481 1445 2486 ἵ

291 2519 390 2588 tura,
407 2502 468 2574 sed
487 2529 507 2574 a
526 2505 709 2602 magistro.
725 2507 806 2576 Fuit
822 2508 918 2576 enim
933 2497 1080 2602 quidam
1098 2529 1242 2576 summo
1255 2506 1351 2602 inge·
1444 2575 1445 2608 ,

324 2687 420 2734 mx.
438 2701 460 2735 r.
481 2685 538 2732 Non
558 2687 635 2734 multa
646 2703 742 2751 peccas.
756 2689 799 2752 Yi-
844 2697 893 2734 tur.
905 2685 969 2733 Vide
981 2687 1176 2750 Quintilianum,
1192 2689 1246 2745 11,
1268 2703 1296 2746 r,
1313 2687 1351 2734 65.

289 2765 361 2814 detur
373 2764 414 2812 hic
428 2763 547 2828 daigneri
563 2765 687 2825 Achilles,
701 2768 801 2831 ejusque
882 2765 903 2812 5.
917 2765 975 2813 Cum
982 2763 1095 2828 imperita
1101 2764 1260 2815 mutandus.
1268 2768 1352 2830 Opere

289 2846 402 2909 magister
423 2845 535 2894 Plroenix.
557 2845 636 2893 AEtate
657 2847 801 2909 Quintiliani
844 2845 950 2908 pretinm
967 2853 1003 2892 est
1027 2845 1217 2894 animadvertere
1240 2854 1351 2909 quantum

290 2935 348 2973 nota
362 2923 403 2970 illa
414 2922 494 2971 fabul·
502 2933 606 2984 erat,ut
620 2925 738 2989 exipsius
746 2941 801 2972 ver·
845 2939 922 2972 mnan
946 2924 1037 2971 serviat
1055 2923 1160 2983 Cicero,
1186 2925 1230 2988 qui
1256 2926 1352 2972 omnino

289 3003 329 3052 bis
350 3013 458 3060 constat,
480 3003 554 3058 Vlll,
577 3003 609 3060 o;
633 3019 700 3052 nunc
720 3015 800 3052 entem
845 3002 1086 3051 eontrarinalioloro
1096 3003 1247 3068 dehooipeo
1261 3019 1353 3052 consee-

291 3097 367 3146 quum
381 3097 408 3128 aa
421 3081 519 3145 penitus
531 3081 668 3145 ignoretur,
688 3097 762 3146 opert
775 3083 801 3130 in
845 3098 875 3130 su
885 3082 958 3140 dicit,
969 3082 1082 3130 eumdem
1092 3083 1209 3131 Catonem
1218 3083 1351 3146 alloquens,

291 3161 329 3208 hie
356 3159 494 3207 divinandi·
520 3161 659 3208 nominihus
679 3161 799 3224 perditur.
845 3177 917 3225 quem
925 3160 1075 3210 meranden
1084 3161 1265 3225 h.l.exagitat:
1278 3165 1352 3212 -non

294 3241 384 3286 Versus
397 3255 428 3286 ex
439 3240 520 3299 Ennii,
531 3240 570 3288 vel
579 3241 639 3288 Attii
647 3241 742 3290 Achille
757 3241 800 3289 de·
845 3255 890 3304 ego
904 3249 985 3288 mcum
996 3240 1047 3300 jam
1066 3240 1099 3288 ita
1112 3241 1214 3304 loquar,
1231 3252 1259 3290 ut
1269 3242 1351 3290 iisdem

293 3319 595 3381 promptnsessevidetur.
702 3359 704 3364 .
847 3318 885 3366 hir
899 3319 983 3378 robus,
996 3335 1071 3382 quum
1085 3322 1111 3370 L.
1126 3321 1351 3380 Murenamsteac·

328 3411 351 3444 a·
361 3396 463 3457 Quintil.
472 3397 546 3454 vlu,
557 3397 607 3455 6„
615 3407 652 3458 ct,
661 3399 681 3445 si
688 3414 803 3461 peccas».
848 3411 961 3462 ouante,
972 3397 1141 3458 defenderem,
1154 3401 1220 3464 apud
1231 3401 1351 3466 imperitos

327 3473 447 3523 &Edidit
457 3477 553 3524 Mannt.
563 3475 655 3524 leniter.
670 3481 696 3527 J.
706 3481 737 3525 V.
749 3481 793 3528 L.»
848 3489 906 3526 tnnc
930 3479 970 3526 illa
993 3479 1057 3526 diota
1078 3491 1149 3538 eunt,
1166 3479 1258 3544 aliquid
1283 3482 1350 3528 etiarn

328 3563 350 3610 4.
363 3554 469 3602 Accessit
479 3553 526 3602 lis.
538 3555 624 3603 Cicero
636 3557 729 3606 elevare
740 3575 803 3623 qno·
841 3574 945 3608 -ooronoe
966 3558 1063 3618 datum
1090 3574 1156 3608 nuno
1177 3559 1296 3623 agendum
1317 3569 1351 3606 ert

292 3632 423 3681 &mnodo
440 3633 572 3698 percallide
593 3637 695 3684 Catonia
715 3647 801 3686 aucto·
846 3637 989 3685 subtilius».
1004 3641 1041 3686 De
1054 3639 1108 3688 nin.
1121 3642 1165 3696 IV,
1178 3653 1221 3698 ²7·

291 3713 386 3761 n'tatern
406 3721 521 3770 conetur,
541 3730 612 3777 quern
636 3717 720 3780 pnnllo
746 3727 801 3765 ante
881 3717 905 3762 6.
923 3716 1100 3780 Esseproprr'a.
1118 3717 1211 3766 Callida
1229 3717 1351 3782 profitetur

290 3807 406 3841 summam
420 3791 593 3854 constituerat,
604 3810 680 3858 quum
690 3795 802 3846 absurde
846 3807 929 3843 orator
945 3810 989 3856 ea,
1007 3810 1062 3858 quae
1080 3795 1190 3846 dicturus
1208 3807 1258 3855 est,
1277 3797 1300 3844 in
1315 3797 1350 3844 ld.

290 3871 365 3920 fumo
383 3871 509 3933 eujusdam
524 3871 643 3922 doctrinae
660 3876 802 3938 opinionon
845 3874 963 3922 Catonem
977 3873 1057 3921 minus
1075 3890 1148 3938 quun
1164 3876 1302 3924 inStoioun
1315 3891 1350 3921 re-
1444 3865 1445 3882 l

290 3950 327 3998 illi
336 3951 466 3999 conciliare
476 3951 574 4014 studet,
584 3968 639 4016 qut
648 3968 699 4000 non
709 3963 802 4001 tantum
846 3964 908 4000 ctam
918 3967 969 3999 erae
979 3967 1105 4000 onaun.—
1111 3953 1272 4017 Requirimus.
1281 3952 1350 4018 Quod

288 4043 306 4086 av
316 4028 403 4092 populi
419 4031 512 4078 romani
529 4031 658 4093 gravitate,
673 4031 716 4079 aad
729 4033 800 4080 otiam
844 4031 1020 4092 desideremus,
1037 4033 1106 4097 qusai
1121 4033 1205 4097 paullo
1217 4035 1249 4108 pit
1266 4037 1350 4099 inper-

287 4105 318 4152 ah
336 4107 437 4156 hnmana
457 4109 573 4172 rapientia
588 4111 719 4158 abhorrere
733 4110 800 4159 vide·
845 4111 938 4160 tectius.
