3020 4666
263 361 333 432 ²7⁰
585 341 633 408 Μ.
655 341 695 408 Τ.
722 340 1011 410 CICERONIS

259 457 296 530 id
314 457 414 556 quod
432 456 667 530 dissimillima
689 460 829 540 ratione
855 459 989 534 factum
1008 463 1073 549 sit,
1097 458 1224 531 eodem
1244 459 1328 554 jure

259 584 365 668 putus
382 593 458 640 esse
477 569 672 665 oportere?

307 684 402 750 Xlll.
430 679 500 748 Dat
518 693 688 776 praeterea
713 693 948 776 potestatem,
973 678 1086 751 verbo
1105 679 1328 778 praetoriam,

258 797 298 862 re
316 814 399 860 vera
421 792 573 884 regiam,
596 789 722 860 delinit
738 791 776 860 iu
795 793 1108 888 quinquennium,
1126 788 1212 860 facit
1231 814 1328 860 sem·

258 901 459 998 piteruam:
481 903 590 974 tantis
608 902 704 974 euim
726 901 917 972 confirmat
934 899 1067 998 opibus
1085 915 1121 972 et
1135 899 1266 996 copiis,
1285 912 1328 970 ut

258 1009 378 1079 invitis
396 1010 487 1106 eripi
509 1009 611 1080 nullo
628 1009 739 1082 modo
758 1013 883 1108 possit.
905 1009 1044 1084 Deinde
1064 1024 1168 1083 ornat
1190 1011 1329 1108 appari·

258 1117 399 1192 toribus
413 1129 439 1208 ¹,
455 1119 597 1206 scribis,
613 1119 765 1192 librariis
778 1131 805 1208 ²,
821 1121 1071 1218 preconibus,
1087 1115 1327 1206 architectis³;

258 1245 430 1327 praeterea
445 1231 570 1318 mulis,
587 1230 850 1321 tabernaculis,
868 1233 1075 1319 centuriisl,
1094 1229 1326 1327 supellectili;

256 1353 446 1436 sumptum
463 1339 585 1412 haurit
595 1365 640 1414 ex
653 1345 798 1430 aerario,
813 1342 1019 1441 suppeditat
1034 1341 1190 1426 risoriis,
1199 1341 1330 1434 janito-

259 1446 344 1520 res⁵
365 1475 410 1522 ex
424 1451 584 1546 equestri
599 1450 681 1524 luco
696 1451 872 1524 ducentos
890 1455 1058 1524 inermos
1075 1450 1255 1546 singulos,
1272 1451 1330 1520 sti-

258 1573 402 1656 patores
418 1563 581 1656 corporis
596 1564 799 1648 constituit,
817 1559 964 1632 eosdem
980 1562 1165 1632 ministros
1178 1575 1213 1630 et
1227 1559 1328 1632 satel-

255 1671 338 1742 lites
357 1672 557 1766 potestatis.
578 1677 746 1742 Formam
764 1671 883 1744 adbuc
902 1669 1064 1759 habetis,
1089 1670 1268 1760 Quirites,
1291 1683 1329 1740 et

258 1778 417 1875 speciem
436 1779 551 1876 ipsam
576 1794 833 1875 tyrannorum3
856 1782 1009 1876 iusignia
1027 1779 1153 1852 videtis
1176 1792 1327 1876 potestte

260 1891 326 1974 tis,
346 1887 510 1961 nondum
533 1891 647 1985 ipsam
666 1904 891 1986 potestatem.
905 1893 1045 1963 Dixerit
1063 1891 1159 1963 euim
1177 1886 1327 1960 fortasse

261 1999 439 2094 quispiam
460 2025 468 2068 :
491 1998 588 2090 Quid
607 2003 748 2073 meista
771 1999 923 2088 laetluut,
942 1999 1077 2087 scriba,
1096 2000 1221 2085 lictor,
1237 2021 1327 2096 prae-

260 2131 323 2194 co,
345 2106 543 2204 pullarius?
563 2112 694 2180 Omnia
709 2126 794 2180 suut
810 2111 886 2182 hmo
901 2109 1132 2204 hujusmodi,
1150 2109 1327 2199 Quirites,

259 2230 360 2288 ut'ea
380 2218 446 2312 qui
467 2216 598 2290 habeat
616 2221 693 2290 sine
710 2221 836 2292 vestris
855 2219 1033 2318 suffragiis
1045 2219 1074 2306 ⁶,
1090 2234 1153 2292 aut
1167 2245 1233 2291 rex
1250 2243 1326 2290 uon

251 2323 445 2416 serendus,
463 2343 526 2400 aut
544 2334 703 2425 privatus
722 2328 877 2404 furiosus
892 2356 968 2406 esse
985 2330 1156 2402 videatur.

295 2573 367 2623 xm.
391 2587 413 2620 1.
434 2570 631 2636 Apparimribus.
653 2576 708 2624 Boe
722 2589 771 2622 uo·
815 2567 1025 2631 ormentionem
1039 2565 1247 2630 poeteetruhere.
1264 2567 1325 2618 Ant.

259 2649 501 2713 miuedicumur,qui
511 2650 660 2718 magistratpi
671 2667 770 2715 operam
814 2647 966 2709 Augustinus
975 2645 1090 2708 finitores
1103 2662 1149 2709 pro
1161 2644 1278 2708 janitores
1290 2645 1325 2693 le·

258 2741 382 2792 prestant.
816 2725 921 2792 gendum
935 2737 1004 2790 putet
1015 2741 1021 2774 ε
1031 2724 1099 2789 quod
1109 2724 1179 2772 valde
1187 2723 1325 2790 probarem,

296 2825 320 2856 u.
339 2807 462 2856 Librariis.
476 2809 525 2870 Qui
539 2819 592 2854 acta
615 2809 769 2874 scribebant,
815 2806 835 2850 ei
851 2805 930 2867 ulique
943 2807 1005 2852 MSS
1025 2805 1168 2850 auctoritare
1180 2801 1326 2851 lirmuretnr.

258 2887 334 2934 libros
343 2889 464 2935 rationum
480 2899 504 2934 et
514 2887 614 2934 ullarum
624 2905 703 2948 rerum
714 2907 771 2940 con·
815 2885 871 2932 Non
879 2886 941 2931 enim
953 2895 1035 2932 orator
1042 2901 1099 2930 sune
1107 2900 1150 2931 eos
1158 2882 1254 2929 silentio
1263 2899 1325 2946 prse-

259 2965 374 3014 finiebant
382 3002 389 3024 ,
398 2977 422 3013 et
432 2961 582 3030 magistratui
591 2952 725 3034 scribisque
733 2987 772 3034 pu·
816 2963 934 3036 ῑθΠξΙὶεῐῒ,
947 2961 977 3010 de
989 2962 1079 3026 qulbus
1093 2965 1179 3028 saepius
1197 2962 1288 3009 ³10⁰th
1298 2959 1328 3008 fit

261 3045 353 3094 rebant
364 3047 570 3102 -Prrrcouibns
583 3049 633 3110 Qui
652 3033 772 3099 decemvi·
815 3041 861 3090 hue
880 3043 906 3088 iu
920 3042 1042 3100 oratione,
1057 3043 1148 3106 quique
1162 3043 1264 3106 primum
1276 3041 1326 3088 lere

259 3141 342 3171 rorum
357 3123 434 3170 edicta
453 3128 653 3185 pronuntiarent,
675 3115 771 3179 ductio·
815 3123 841 3170 iu
854 3119 1045 3172 decemvirorum
1057 3121 1175 3173 comitatu
1185 3119 1267 3167 locum
1281 3118 1326 3166 ob·

261 3204 487 3266 nemquefucereut.
543 3197 545 3204 ⁴
815 3196 950 3250 tiuebnnt.¹

296 3281 449 3332 3.Gulielm.
462 3285 528 3344 conj.
541 3271 656 3332 arcensis.
668 3287 692 3334 J.
701 3289 733 3334 V
744 3287 770 3334 L.
852 3283 876 3330 6.
897 3281 953 3350 Siqe
974 3271 1058 3325 nestris
1079 3275 1218 3342 suffragiis.
1238 3277 1324 3324 (lmuin

297 3371 318 3417 4.
342 3359 440 3410 schlin.
461 3363 592 3410 arbitratur
612 3365 771 3428 glossatorem
816 3378 870 3425 quae
885 3359 1026 3408 deceruiiris
1046 3357 1201 3406 concedenda
1215 3357 1325 3405 deereve-

257 3441 413 3504 adscripsisse
424 3442 553 3502 tentoriis,
574 3460 605 3490 ex
618 3459 668 3506 quo
682 3443 770 3492 deiude
815 3452 851 3487 rat
865 3440 965 3502 Rullus,
978 3436 1227 3502 nonodeolinusitnta
1246 3447 1271 3484 et
1284 3437 1324 3483 iu·

258 3523 346 3568 litatum
356 3521 387 3566 sit
397 3521 518 3568 centuriis.
532 3523 694 3585 Pantagathus
699 3541 771 3582 ,eam
814 3520 896 3568 ruditu
910 3531 986 3566 eruut.
998 3517 1046 3565 Sed
1058 3533 1083 3564 eu
1095 3505 1258 3564 rebemeutius
1270 3533 1324 3564 ora·

257 3600 330 3648 teriis.
344 3602 442 3648 J.V.L.
814 3609 854 3646 tor
871 3600 994 3662 exagitat,
1015 3597 1082 3661 quod
1103 3597 1220 3661 suffragio
1238 3597 1324 3662 populi

295 3683 319 3728 5.
334 3679 464 3727 Ianitores.
474 3679 583 3725 Verbum
597 3679 658 3728 illud
668 3681 768 3729 mendo·
814 3679 866 3726 data
887 3694 938 3726 non
953 3688 1043 3734 essent,
1055 3688 1078 3723 et
1093 3675 1144 3722 sine
1157 3677 1270 3738 legitimis
1280 3692 1324 3723 eo·

257 3775 310 3806 sum
322 3759 406 3806 multis
417 3758 495 3804 visum
505 3769 548 3806 est.
559 3759 653 3806 Etenim
665 3777 715 3809 nou
726 3778 767 3809 ve·
812 3757 886 3804 mitiis
901 3755 1072 3806 tribuerentur.
1086 3759 1147 3817 Quae
1166 3756 1208 3818 qni
1219 3755 1325 3819 posside·

256 3840 356 3886 risimlle
366 3849 401 3885 est
414 3837 508 3900 equites
518 3854 631 3887 romanoe
642 3856 767 3889 serrorum
812 3836 861 3894 bit,
879 3835 990 3883 ostendet
1004 3851 1060 3883 sune
1072 3853 1097 3883 se
1110 3845 1231 3898 tamquam
1245 3851 1324 3898 regem

257 3929 300 3964 urit
311 3916 480 3963 libertinorum
488 3932 577 3964 munus
584 3918 695 3966 obituros
705 3933 768 3968 esee:
812 3915 899 3980 populi
909 3915 1025 3978 suffragio
1032 3916 1080 3975 ism
1089 3914 1249 3978 designatum,
1258 3913 1325 3960 brevi

256 4007 281 4041 et
294 3995 364 4041 ulmis
374 4009 430 4040 esne
442 4007 504 4042 esset
514 3995 662 4045 insidiosum
673 3998 768 4044 decem·
812 3992 951 4057 reipublice
962 3995 1071 4044 nocituro
1083 3993 1158 4060 magis
1168 4009 1218 4041 esse
1230 4007 1325 4056 eggres-

257 4073 326 4128 riris,
339 4074 402 4120 haur.
417 4083 464 4120 tam
478 4090 631 4126 numerosam
643 4077 719 4124 modo
731 4093 769 4124 re·
812 4089 903 4120 surum.
