2912 4654
232 353 298 402 ron
548 331 595 398 Μ.
623 331 661 396 Τ.
688 327 977 402 CICERONIS

229 453 381 524 aliorum
405 449 547 547 judiciis
576 448 805 548 discrepent,
832 447 1045 549 providere?
1072 449 1115 518 Et
1140 446 1211 534 illi,
1234 448 1299 544 qui

229 563 382 636 Fabricii
402 561 595 650 libertum,
614 565 699 660 quia
721 565 940 634 ministeriu
964 559 1140 632 maleficio
1159 557 1299 645 iuerat,

230 689 447 773 patronum,
480 677 566 770 quia
598 673 788 759 conscius,
819 671 1143 756 condemnassent;
1176 676 1300 770 ipsum

231 787 435 884 principem
461 799 571 881 atque
596 784 832 855 architectum
856 779 1024 856 sceleris⁶
1044 780 1301 853 absolverent?

231 901 276 968 Et
292 899 356 992 qui
373 911 532 982 ceteros,
553 894 655 966 nullo
677 893 885 992 praejudicio
900 893 1014 982 lacto,
1029 909 1148 964 tamen
1164 917 1208 962 ex
1223 895 1302 990 ipsa

232 1030 339 1077 causa
353 1005 671 1092 condemnassent;
688 1004 804 1092 bunc,
821 1029 932 1101 quem
947 1003 1004 1074 bis
1018 1001 1302 1074 condemnatum

230 1116 303 1211 jam
322 1131 555 1214 acceperant,
574 1115 793 1186 liberarent?
809 1119 901 1186 Tum
919 1139 1005 1186 vero
1018 1113 1078 1185 illa
1094 1111 1232 1208 judicia
1246 1135 1303 1182 se·

233 1227 373 1298 notoria
382 1238 407 1312 ⁷,
436 1252 512 1298 non
538 1225 625 1298 falsa
655 1225 807 1311 invidia,
837 1225 898 1296 sed
929 1249 1013 1296 vera
1038 1239 1148 1320 atque
1171 1221 1305 1318 insigni

234 1335 460 1433 turpitudine
470 1350 610 1424 notata,
621 1331 892 1434 atqueoperta⁸
905 1331 1083 1406 dedecore
1093 1348 1130 1404 et
1142 1331 1305 1418 infamia,

235 1443 461 1530 defensioni9
492 1446 612 1517 locum
640 1444 783 1518 nullum
812 1445 1050 1541 reliquissent.
1082 1441 1181 1532 Quid
1207 1443 1306 1511 enim

236 1555 382 1628 tandem
401 1555 450 1626 illi
466 1554 606 1650 judices
623 1555 906 1654 responderent,
929 1557 958 1624 si
976 1555 1057 1650 quis
1076 1550 1122 1636 ab
1141 1555 1184 1623 iis
1205 1575 1307 1648 quae·

236 1680 357 1736 reret:
380 1664 657 1736 Condemnastis
672 1676 702 1710 ¹⁰
727 1661 1008 1750 Scamandrum,
1034 1687 1111 1761 quo
1134 1661 1309 1734 crimine?

238 1799 371 1873 nempe
396 1775 497 1872 quod
525 1778 695 1863 Avitum,
721 1799 786 1873 per
815 1797 959 1846 servum
986 1771 1137 1858 medici,
1164 1795 1309 1843 veneno

238 1909 367 1957 necare
395 1884 578 1956 voluisset.
601 1885 699 1977 Quid
728 1885 818 1955 Aviti
843 1899 961 1954 morte
984 1881 1201 1954 Scamander
1219 1907 1310 1952 con-

239 1995 481 2093 sequebatur?
515 1995 630 2084 nihil;
662 1996 725 2066 sed
756 1993 968 2064 administer
995 2007 1072 2063 erat
1104 1991 1308 2090 Oppianici.

240 2104 517 2178 condemnastis
542 2110 579 2176 C.
611 2104 834 2190 Fabricium,
858 2103 947 2200 quid
973 2105 1044 2173 ita?
1066 2103 1168 2200 quia,
1193 2125 1311 2199 quum

239 2218 316 2314 ipse
344 2213 616 2287 familiarissime
649 2217 853 2314 Oppianico
880 2239 988 2301 usus,
1012 2213 1164 2285 libertus
1188 2229 1311 2284 autem

241 2327 319 2422 ejus
337 2329 375 2396 in
395 2325 570 2399 maleficio
591 2327 839 2432 deprehensus
862 2341 973 2412 esset,
1001 2325 1102 2396 illum
1123 2338 1313 2421 expertem

241 2438 319 2532 ejus
343 2438 483 2508 consilii
508 2437 617 2509 fuisse
644 2462 719 2509 non
738 2435 971 2536 probabatur.
999 2436 1035 2506 si
1060 2437 1170 2532 igitur
1190 2437 1313 2531 ipsum

242 2548 505 2645 Oppianicum,
527 2547 584 2620 bis
607 2551 680 2620 suis
699 2547 845 2644 judiciis
864 2547 1168 2634 condemnatum,
1192 2543 1314 2616 absol·

242 2730 345 2780 Fabricii
358 2730 458 2780 crimina
472 2747 528 2779 curn
541 2733 672 2797 Oppianici
682 2747 753 2778 cansa
798 2729 923 2786 Ceterum,
935 2743 1011 2791 quum
1032 2727 1096 2776 banc
1114 2727 1201 2792 agebat
1216 2742 1314 2776 ctusmn

242 2811 408 2858 communicet
419 2821 514 2867 orator,
534 2811 567 2858 ita
585 2822 614 2858 nt
631 2809 754 2874 prioribus
798 2809 899 2868 Cicero,
912 2808 1089 2854 communicata
1103 2807 1200 2854 filerunt
1213 2807 1315 2854 Aurelia

242 2889 447 2951 dnobnrJ'ndiciis
464 2889 541 2938 veluti
553 2890 700 2938 constrictos
709 2889 754 2949 jn·
797 2889 863 2952 lege,
886 2886 965 2935 tribur
985 2885 1129 2945 or‘dinibnt,
1149 2885 1269 2950 Pompeio
1290 2895 1315 2935 rt

241 2969 308 3018 dices
320 2971 445 3019 ostendat:
455 2979 480 3017 ot
493 2980 585 3028 tamen,
599 2968 755 3029 absolnt0,si
799 2967 885 3016 Crasso
895 2982 958 3014 coss.

242 3050 360 3098 innocens
371 3060 445 3108 met,
457 3049 609 3114 Oppianico,
618 3065 669 3096 non
688 3049 754 3113 prio·
834 3047 861 3094 8.
877 3047 976 3109 Oportet.
985 3041 1084 3092 Sobiitr.
1096 3060 1126 3092 ex
1136 3043 1200 3092 MSS
1206 3043 1316 3091 nonnul-

244 3128 312 3176 ribnr
325 3128 447 3176 nocebant
459 3129 573 3188 jndicii13
585 3143 660 3191 qnnrn
673 3129 700 3176 in
716 3128 755 3176 liis
798 3126 844 3184 lis,
861 3135 922 3174 teste
938 3125 1037 3172 Granio
1056 3133 1080 3173 et
1096 3116 1217 3174 Garatoni.
1232 3140 1315 3172 ucoo·

244 3222 365 3255 vencnum
378 3207 568 3272 deprehensum,
579 3207 604 3254 in
614 3207 658 3255 illo
675 3219 755 3256 nutam
800 3215 885 3270 parta·
895 3203 981 3252 edidit.

244 3288 275 3336 de
296 3287 435 3352 suspicione
459 3287 556 3336 sceleris
582 3303 633 3336 non
654 3290 756 3337 omnino
835 3301 862 3348 9.
886 3281 1039 3347 Πείθπεὶοηί.
1053 3282 1160 3332 Defendi
1182 3283 1253 3332 nullo
1264 3284 1317 3345 im

212 3427 214 3432 Ι
244 3367 348 3434 probata
364 3367 527 3416 docemerent.
802 3365 878 3412 modo
890 3373 915 3408 rt
935 3363 1045 3411 excusari
1061 3363 1199 3427 potuissent
1218 3373 1319 3412 sainte·

279 3449 306 3498 6.
323 3447 487 3496 Architectura
497 3448 600 3496 scaleni.
614 3446 690 3510 Qnod
705 3456 758 3494 erat
800 3459 854 3490 rnrn
865 3441 968 3502 indicia.

244 3526 589 3587 omninodnomtrandnrn,
607 3525 756 3590 nequeuntis
841 3537 878 3569 ro·
906 3519 1101 3571 Gordomaris.
1115 3523 1180 3570 Mira
1193 3537 1252 3570 sanc
1265 3531 1318 3570 arte

245 3607 371 3656 manifeste
381 3605 526 3655 ostenditur.
801 3612 825 3650 et
837 3601 881 3648 bnt
893 3600 1095 3663 interrogationes
1104 3611 1128 3650 et
1139 3601 1318 3666 hanapum·

282 3701 307 3746 7.
321 3686 456 3735 marona.
476 3688 537 3747 Qnae
554 3695 615 3731 tuno
628 3699 672 3746 per
691 3681 756 3730 solos
797 3679 922 3744 judicibus
943 3676 1038 3743 affingit
1060 3692 1156 3741 orator,
1175 3683 1209 3729 ita
1228 3691 1258 3728 nt
1269 3681 1319 3744 ipsi
1386 3731 1416 3744 ,-

244 3766 410 3814 administrata
426 3775 558 3819 senatores,
572 3763 677 3809 mxima
688 3761 757 3809 labo-
800 3761 849 3808 suis
866 3758 931 3806 ultro
945 3757 1026 3804 verbis
1044 3753 1141 3808 involvi
1160 3769 1186 3808 et
1203 3759 1320 3822 impediri

245 3845 331 3892 rabant
342 3845 448 3904 invidia,
462 3852 491 3892 nt
504 3842 585 3890 videm
598 3841 672 3890 estin
686 3841 755 3904 prio·
800 3839 937 3888 videantur.
954 3837 1009 3884 Hoc
1028 3849 1064 3888 est
1083 3838 1224 3902 dialogisml
1241 3853 1321 3885 exem·

246 3921 314 3970 ribus
326 3923 448 3982 verrinis,
458 3939 488 3972 sc
499 3921 621 3986 precipue
635 3920 660 3966 in
673 3921 729 3967 Act.
744 3923 756 3968 1
799 3919 877 3984 plum,
889 3935 940 3983 qno
949 3917 1118 3966 antecedentis
1130 3927 1276 3982 argumenta
1294 3917 1321 3964 in

245 4001 272 4048 in
293 3999 755 4064 Verr.13‚ubienipsaClnentitnr
800 4015 874 4046 unum
888 3999 963 4048 veluti
986 3998 1128 4046 fasciculum
1151 3995 1321 4060 colliguntur,

170 4121 180 4130 .,
244 4095 316 4128 mnu
329 4080 426 4131 diverso
440 4081 541 4131 omnino
552 4079 754 4128 modontrratur.
800 4076 1187 4140 undevimnovanrrclnlgorem
1195 4075 1320 4124 baurim.
