3018 4664
247 362 322 442 dio
430 358 479 426 M.
504 359 544 427 r.
570 359 657 428 c1c.
678 357 730 427 nt
754 357 794 426 s.
821 355 1096 445 CATILINAM,
1121 357 1148 432 1.

250 476 425 556 inlocum
439 493 723 576 congregentur3
744 502 851 553 muro
864 477 1042 575 denique,
1059 477 1096 549 id
1111 476 1214 575 quod
1226 503 1319 577 saepe

249 591 324 684 jam
337 587 432 679 dixi,
448 605 681 664 secernantur
696 588 853 677 anobis3
866 589 1032 662 desinant
1044 589 1205 662 insidiari
1219 589 1320 662 domi

249 725 322 772 suae
341 699 483 773 consuli
493 697 522 789 l,
538 697 797 774 circumstare⁵
815 699 974 772 tribunal
989 702 1149 798 praetoris
1164 699 1318 786 urbani,

249 807 419 882 obsidere
441 835 525 882 cum
545 809 671 907 gladiis
691 812 848 898 curiam,
869 808 1076 882 malleolos⁶
1100 824 1137 882 et
1161 808 1256 883 faces
1273 810 1320 881 ad

250 918 545 995 inflammandam
561 919 691 992 urbem
706 944 932 1019 comparare3
953 921 998 992 sit
1017 919 1177 1018 denique
1191 921 1319 992 inscri-

249 1044 381 1129 ptum⁷
405 1033 443 1102 in
467 1030 587 1104 fronte
607 1026 935 1129 uniuscujusque⁸,
958 1030 1051 1129 quid
1071 1029 1117 1102 de
1134 1031 1320 1132 republica

250 1145 392 1214 sentiat.
419 1141 593 1214 Polliceor
615 1141 687 1214 hoc
713 1140 836 1230 vobis,
860 1155 980 1241 patres
1004 1143 1221 1240 conscripti,
1244 1155 1320 1213 tan·

251 1267 324 1322 tam
347 1252 384 1324 in
405 1250 512 1324 nobis
537 1251 748 1326 consulibus
766 1251 845 1326 fore
866 1252 1107 1349 diligentiam,
1129 1267 1264 1324 tantam
1281 1253 1319 1323 in

249 1358 354 1436 vobis
371 1365 641 1453 auctoritatem,
662 1378 797 1436 tantam
816 1366 854 1436 in
869 1361 1052 1460 equitibus
1073 1367 1232 1434 romanis
1252 1366 1321 1434 vir·

251 1485 392 1562 tutem,
415 1487 550 1549 tantam
573 1476 610 1549 in
634 1473 806 1548 omnibus
828 1472 937 1546 bonis
960 1474 1256 1562 consensionem,
1279 1487 1320 1544 ut

251 1583 413 1654 Catilinae
434 1583 662 1682 profectione
685 1587 808 1664 omnia
830 1581 1025 1681 patefacta,
1045 1581 1239 1671 illustrata,
1257 1606 1320 1680 op·

251 1717 391 1791 pressu,
413 1694 594 1766 vindicata
613 1719 690 1766 esse
711 1693 870 1766 videatis.

299 1805 405 1875 Hisce
423 1800 629 1891 ominibus,
648 1804 820 1892 Catilina,
846 1827 929 1876 cum
949 1826 1091 1874 summa
1114 1800 1320 1900 reipublicae

252 1910 388 2000 salute,
406 1928 443 1986 et
461 1937 543 1986 cum
563 1928 626 1985 tua
647 1929 748 2013 peste
770 1939 811 1988 ac
824 1915 1003 2012 pernicie,
1019 1937 1176 2010 cumque
1193 1937 1320 1984 corum

249 2024 378 2114 exitio,
391 2027 506 2122 quise
520 2040 640 2100 tecum
655 2029 756 2100 omni
772 2024 907 2098 scelere
920 2022 1185 2123 parricidioque
1196 2024 1320 2118 junxe-

250 2149 357 2222 runt,
383 2133 612 2233 proficiscere
640 2137 686 2208 ad
717 2137 871 2236 impium
899 2136 1039 2208 bellum
1068 2159 1109 2206 ac
1130 2131 1318 2206 nefarium.

205 2341 207 2346 ,
250 2248 343 2317 Tum
359 2260 416 2336 tu,
437 2250 614 2344 Jupiter9,
634 2249 699 2346 qui
716 2245 862 2333 iisdem,
881 2245 1015 2345 quibus
1036 2244 1113 2317 haec
1132 2241 1238 2333 urbs,
1256 2269 1320 2316 au·

250 2356 370 2454 spiciis
396 2381 418 2428 a
446 2357 605 2430 Romulo
636 2382 673 2430 es
701 2359 941 2446 constitutus,
964 2380 1074 2454 quem
1100 2359 1276 2426 Statorem
1290 2364 1321 2399 ¹⁰

249 2465 361 2561 hujus
382 2466 483 2540 urbis
509 2483 620 2566 atque
645 2469 787 2568 imperii
809 2492 894 2541 vere
918 2469 1173 2538 nominamus:
1199 2463 1319 2552 hunc,

250 2591 290 2648 et
305 2576 416 2672 hujus
431 2582 548 2650 socios
569 2603 590 2651 a
605 2580 678 2650 tuis
691 2579 761 2650 aris
779 2579 980 2676 ceterisque
998 2576 1161 2674 templis,
1177 2599 1198 2648 a
1216 2575 1321 2646 tectis

251 2685 353 2759 urbis
366 2712 408 2759 ac
422 2687 626 2779 moenibus,
641 2690 748 2761 avita
763 2687 993 2786 fortunisque
1007 2688 1141 2759 civium
1156 2688 1321 2758 omnium

254 2795 414 2887 arcebis;
436 2813 473 2871 et
498 2825 626 2871 omnes
643 2801 808 2874 inimicos
830 2799 1032 2886 bonorum,
1046 2796 1169 2871 hostes
1183 2797 1323 2894 patriae,

243 2905 411 2988 ,latrones
427 2909 557 2998 Italiae,
577 2909 754 2982 scelerum
775 2908 911 2982 foedere
929 2911 1024 2981 inter
1043 2933 1103 2996 se,
1121 2932 1167 2980 ac
1187 2905 1322 2978 nefaria

253 3018 423 3090 societate
435 3018 667 3113 conjunctos,
680 3021 822 3094 aeternis
836 3019 1021 3118 suppliciis
1034 3021 1135 3089 vivos
1148 3031 1323 3089 mortuos·

251 3155 325 3227 que
339 3132 522 3208 mactabis.

286 3312 312 3360 t·
327 3305 431 3356 consuti.
443 3309 523 3372 Quem
535 3326 580 3374 per
594 3310 657 3358 duos
670 3309 765 3375 equites
809 3309 958 3359 incenderet.
973 3308 1036 3357 Vide
1049 3307 1125 3373 lipsii
1135 3307 1243 3356 Poliorc.
1254 3310 1286 3366 V,
1298 3307 1323 3366 5,

252 3399 315 3434 rom.
328 3383 464 3437 interficere
478 3401 535 3439 sunt
546 3390 659 3455 aggressi.
810 3401 834 3438 st
847 3389 970 3438 Drakenb.
984 3388 1016 3437 sd
1028 3387 1082 3438 Liv.
1092 3389 1247 3446 minu,
1261 3387 1287 3436 6.

289 3463 315 3512 5·
330 3463 501 3518 Cimunurare.
513 3471 548 3519 Ut
558 3469 694 3518 detonsam
705 3483 766 3533 pm·
847 3466 1324 3532 7.1mcriptuncPslsmquisqneostcn-

251 3554 329 3592 tosssn
338 3543 472 3607 urbanum,
481 3548 634 3598 L.Vsleriurn
645 3547 766 3607 Fhowm,
811 3548 872 3608 dat,
886 3563 932 3596 nec
942 3545 1088 3605 dissimulet,
1098 3557 1127 3595 nt
1138 3545 1232 3594 scilieet
1244 3544 1324 3594 bonos

251 3623 292 3684 ius
312 3622 433 3672 dicentem
450 3627 514 3674 inter
530 3628 597 3676 cives
618 3626 650 3676 ds
668 3626 767 3676 creditis
811 3629 876 3676 cives
889 3610 982 3674 amitis
995 3642 1119 3688 secernece
1130 3625 1202 3674 lscils
1215 3624 1297 3673 liceat.

251 3705 378 3768 pecuniis3
392 3718 467 3767 quum
473 3706 575 3756 Catilius
584 3717 608 3754 st
620 3707 719 3772 plurimi
727 3723 767 3756 so-
847 3707 872 3755 8.
896 3706 966 3765 Alit,
988 3727 1001 3748 ι
1015 3704 1207 3771 uuiuscujusque
1227 3703 1289 3754 civis
1299 3724 1322 3752 ι.

254 3782 350 3832 ciorum
365 3799 412 3837 sats
433 3784 514 3834 alieno
527 3785 647 3836 laborent.
846 3801 871 3849 9.
884 3783 987 3850 Jupiter.
1000 3786 1076 3847 Cujus
1087 3785 1113 3834 iu
1126 3783 1219 3849 templo
1228 3794 1325 3832 senatus

289 3863 315 3911 6.
333 3863 469 3914 Malleolus.
485 3865 607 3929 Manipuli
620 3875 689 3914 erant
708 3865 765 3928 pies
809 3864 952 3914 habebatur.

251 3939 363 4005 inducti,
376 3943 469 4006 quibus
479 3945 565 4008 sagitta
579 3945 667 3994 inserts
680 3943 764 4009 (unde
847 3960 887 3993 so.
901 3945 979 4008 Quem
987 3943 1115 3992 Statorem.
1121 3942 1326 3992 Conoervstoren

252 4019 360 4070 mmeoti
371 4020 502 4090 ligun)iu
513 4024 582 4086 cujus
592 4024 671 4089 capite
683 4023 763 4072 inclu·
808 4034 834 4072 et
846 4039 902 4072 eum
914 4037 959 4087 pst
977 4038 1050 4087 quens
1063 4021 1091 4070 in
1108 4031 1228 4070 aternum
1246 4019 1326 4068 stabit

256 4096 358 4147 dslsstur
368 4100 448 4166 ignis,
458 4103 501 4167 qui
509 4102 606 4152 hostilis
615 4102 763 4154 munimenta
808 4104 895 4151 Rom.
