2958 4670
179 335 183 342 ’
273 351 342 442 492
592 352 642 420 M.
667 353 705 419 ι.
732 353 1012 422 ctcueotvts

274 465 363 540 dum
387 482 451 540 est.
479 472 597 567 Atque
614 469 716 560 baec,
741 498 817 545 non
843 486 886 544 ut
910 495 992 561 vos,
1017 477 1081 570 qui
1103 473 1191 544 mibi
1216 473 1342 546 studio

272 602 374 676 paene
393 581 628 677 praecurritis‚
648 584 861 672 excitarem,
894 583 1067 681 loquutus
1088 609 1191 671 sum;
1212 583 1277 656 sed
1294 600 1343 655 ut

272 711 353 759 mea
367 712 455 776 vox,
478 714 558 787 quae
578 689 689 764 debet
711 717 790 766 esse
807 695 845 764 in
864 693 1050 792 republica
1067 694 1260 792 princeps,
1279 692 1340 765 of·

274 796 357 871 ficio
373 797 498 872 functa
515 801 694 875 consulari
711 802 903 875 videretur.

319 913 361 981 X.
378 915 483 984 Nunc
504 924 734 1010 antequam¹‚
753 928 874 1011 patres
894 913 1106 1011 conscripti,
1128 911 1173 984 ad
1191 926 1339 983 senten-

272 1023 357 1094 tiam
376 1020 506 1110 redeo,
525 1021 570 1094 de
584 1046 643 1093 me
659 1046 773 1120 pauca
790 1021 919 1095 dicam.
939 1029 1035 1120 Ege,
1054 1037 1190 1119 quanta
1207 1045 1340 1092 manus

273 1144 327 1201 est
353 1129 646 1225 conjuratorum,
673 1155 784 1229 quam
810 1130 938 1204 videtis
973 1157 1049 1204 esse
1083 1154 1339 1229 permagnam,

272 1250 409 1310 tantam
436 1263 493 1311 me
519 1240 749 1314 inimicorum
766 1241 1037 1314 multitudinem
1060 1243 1257 1338 suscepisse
1278 1244 1338 1311 vi-

272 1347 364 1422 deo:
386 1347 449 1420 sed
472 1373 550 1421 eam
567 1373 645 1422 esse
658 1350 784 1446 judico
804 1366 950 1450 turpem
972 1364 1010 1423 et
1027 1349 1227 1439 infirmam,
1248 1375 1339 1422 con-

272 1468 473 1554 temptam²
497 1471 533 1528 et
550 1457 738 1555 abjectam.
765 1461 874 1552 Quod
896 1461 1162 1560 si'aliquand0‚
1185 1459 1338 1555 alicujus

271 1563 393 1638 furore
415 1582 452 1638 et
469 1567 602 1640 scelere
618 1573 808 1660 concitata,
831 1595 960 1644 manus
983 1574 1051 1643 ista
1068 1569 1150 1668 plus
1163 1569 1338 1656 valuerit,

271 1701 381 1773 quam
401 1692 573 1750 vestreae
596 1680 805 1779 reipublicae
825 1682 1002 1780 dignitas:
1021 1705 1080 1752 me
1096 1695 1217 1752 tamen
1233 1703 1337 1750 meo-

271 1810 352 1856 rum
378 1785 556 1860 factorum
579 1805 690 1888 atque
713 1793 947 1865 consiliorum
969 1800 1189 1889 numquam,
1216 1807 1338 1890 patres

272 1897 487 1995 conscripti,
513 1900 715 1996 poenitebit.
744 1907 885 1974 Etenim
905 1927 1020 1990 mors,
1039 1925 1150 1999 quam
1174 1901 1225 1970 illi
1245 1901 1337 1972 mibi

271 2004 421 2086 fortasse
436 2009 662 2100 minitantur,
683 2011 853 2084 omnibus
874 2027 927 2084 est
946 2029 1069 2112 parata
1082 2042 1089 2084 :
1104 2013 1183 2082 vitre
1198 2026 1338 2090 tautam

271 2114 435 2203 laudem,
454 2136 665 2215 quantavos
687 2149 746 2195 mc
767 2123 892 2196 vestris
910 2120 1085 2196 decretis³
1101 2122 1338 2218 honestastis,

271 2251 380 2298 nemo
415 2242 468 2300 est
501 2249 726 2359 assequutus.
756 2237 892 2307 Ceteris
918 2234 1014 2307 enim
1046 2238 1212 2333 semperl
1240 2231 1339 2305 bene

190 2399 197 2416 .
271 2348 402 2432 gestor,
434 2339 522 2410 mibi
554 2344 616 2412 uni
647 2360 863 2418 conservatae
892 2345 1099 2472 reipublice
1126 2343 1339 2443 gratulatio-

272 2444 383 2518 nem⁵
403 2447 619 2524 decrevistis.

278 2560 371 2627 Sit
388 2557 530 2658 Scipio⁶
550 2563 665 2636 clarus
682 2564 766 2654 ille,
786 2567 890 2661 cujus
910 2564 1061 2637 consilio
1076 2577 1186 2662 atque
1202 2565 1339 2634 virtute
1367 2620 1371 2628 .

270 2663 448 2738 Hannibal
465 2669 502 2739 in
527 2669 681 2744 Afn'cam
700 2674 838 2763 redire,
857 2689 966 2772 atque
984 2699 1027 2746 ex
1043 2673 1143 2745 ltalia
1165 2671 1339 2744 decedere

271 2787 416 2846 coactus
443 2791 515 2869 est;
539 2797 690 2854 ornetur
694 2783 803 2908 plter
829 2785 959 2856 eximia
982 2783 1089 2856 laude
1110 2781 1339 2870 Africanum,

303 2955 338 3005 X.
354 2973 377 3006 ι.
390 2959 461 3005 Nune
474 2971 780 3028 antequam,patrescorr·
823 2981 877 3013 eam
886 2965 1073 3026 transeundum,
1087 2964 1280 3014 utlleuuibelab
1289 2966 1339 3013 lta-

270 3033 362 3098 ren'pti.
376 3035 454 3086 Abest
462 3041 491 3088 P.
504 3040 615 3089 a-Ad
625 3044 779 3091 senentiam.
823 3045 871 3100 lia.
885 3045 925 3092 cul
939 3044 1110 3109 septemdecim
1124 3059 1201 3091 annoe
1214 3043 1339 3102 herebat,

271 3112 377 3162 Subeud
396 3117 541 3180 rogandam.
824 3123 940 3172 decedere
948 3121 1187 3188 uodemellqueudo
1200 3135 1338 3187 cogerem.

306 3207 331 3240 a.
351 3193 385 3240 Et
396 3193 533 3262 infirmam,
558 3211 729 3265 contemptam.
748 3203 777 3250 Et
822 3229 858 3239 -
873 3201 1061 3266 Atqueuinnte.
1076 3203 1132 3250 Sine
1145 3217 1190 3266 qne
1205 3202 1337 3250 consilium

267 3267 401 3331 infirmem,
415 3284 438 3320 et
447 3285 622 3342 contemptam.
820 3281 908 3330 inutile
919 3281 1048 3330 luissetln
1057 3281 1140 3329 Africa
1152 3280 1337 3343 Carthaginien·

306 3349 331 3398 3.
351 3352 442 3399 Vestris
463 3354 576 3405 decretis.
597 3358 663 3420 Quid
683 3359 778 3408 intersit
823 3377 861 3408 ree
882 3359 994 3426 pluribus
1015 3360 1105 3425 preliis
1121 3360 1194 3422 vicit,
1211 3361 1243 3408 lta
1260 3371 1290 3408 ut
1310 3361 1337 3407 in

270 3441 367 3478 senatus
380 3429 521 3492 decretum,
538 3450 566 3483 ec
587 3440 779 3488 eeuetmconeul-
822 3439 940 3488 auxilium
957 3438 1063 3504 publicu·
1077 3438 1161 3487 uelutis
1175 3438 1336 3488 Hannibalem

270 3517 321 3556 tum
334 3526 348 3556 e
359 3509 413 3559 Sex.
425 3513 542 3576 Pompeio
560 3531 699 3580 cognosces.
824 3535 855 3566 ex
869 3519 936 3567 Italia
945 3529 1096 3567 revocarent.
1109 3517 1203 3566 bellum
1215 3519 1337 3568 Punicum

306 3598 329 3644 t.
349 3591 467 3638 Gruterus
481 3593 571 3654 ebJemt
582 3612 685 3661 semper
710 3597 779 3661 quod
824 3598 958 3647 secuudum
971 3598 1085 3648 coniecit.
1097 3599 1134 3646 De
1152 3599 1267 3663 Scipione
1281 3597 1338 3646 ride

270 3667 379 3716 Gravius
390 3685 487 3734 quoque
502 3671 600 3722 delevit.
609 3674 710 3724 Servant
719 3691 777 3724 veno
821 3677 924 3724 Livium.

269 3745 369 3795 bellem.
383 3747 477 3798 Erneet.
497 3751 529 3798 al.
545 3753 654 3800 Rectius.
666 3755 692 3802 J.
705 3756 736 3803 V.
750 3757 777 3803 1..
860 3775 884 3821 7.
896 3756 1040 3822 Africanus.
1058 3721 1225 3806 ebremud·
1237 3757 1337 3815 Minor,

307 3827 330 3873 5.
346 3827 549 3878 Gratulationem.
561 3828 636 3879 ldeet
644 3833 780 3900 ,supplice
823 3837 850 3884 L.
862 3835 951 3884 AEmilii
966 3835 1033 3904 Pauli
1047 3835 1111 3884 lilius
1119 3851 1212 3900 ‚equo
1229 3835 1338 3882 fimitis·

270 3903 361 3952 tionem
374 3920 422 3969 que
434 3905 481 3954 diis
490 3909 578 3972 gratiae
588 3910 699 3974 agebant.
823 3929 870 3962 nus
881 3912 972 3962 dicitur
980 3914 1053 3978 ,quia
1064 3913 1161 3962 familie
1172 3914 1275 3963 AEmllioe
1283 3913 1336 3962 luit.

305 3983 330 4031 d.
344 3983 381 4030 Sir
396 3985 484 4049 Scipio.
503 3989 530 4035 Ρ.
544 3989 672 4038 Cornelius
685 3990 785 4054 Scipio
823 3991 961 4056 Adoptatus
981 4005 1017 4042 eet
1037 4010 1052 4041 e
1079 3993 1212 4058 etperiorie
1227 3993 1338 4043 entant

272 4087 305 4095 -
314 4059 502 4123 Cujurcorrsilio.
512 4067 576 4128 Quia
582 4068 709 4132 putavitiu
719 4069 781 4118 etri-
824 4067 886 4118 lilio.
