2934 4680
224 321 272 412 74
533 319 580 388 rr.
603 319 644 388 r.
677 317 969 389 emenonis
1028 373 1031 378 .

221 435 384 537 pericula
403 435 617 536 depellenda
638 437 849 530 adhiberer,
878 463 955 512 non
980 435 1149 510 viderem.
1173 439 1291 512 Facile

222 549 405 646 intelligo,
420 573 497 620 non
514 547 625 622 modo
640 553 789 622 reticere
805 549 970 623 homines
983 562 1174 646 parentum
1193 550 1289 643 inju-

220 663 308 747 rias,
324 659 388 734 sed
406 659 516 733 etiam
529 661 651 734 animo
667 669 810 758 aequo¹¹
830 657 924 732 ferre
937 673 1117 758 oportere.
1137 657 1208 730 Sed
1222 683 1291 756 ego

221 793 279 859 ea„
300 794 381 867 quae
402 769 489 842 ferri
510 785 681 868 possunt,
706 768 871 860 serenda3
893 795 974 868 qnae
993 769 1119 859 taceri,
1139 769 1289 841 tacenda

222 903 299 952 esse
317 878 484 953 arbitror.
502 880 599 962 Nihil
618 884 657 952 in
674 882 746 954 vita
763 880 852 953 vidit
868 881 1075 952 calamitatis
1093 885 1132 952 A.
1154 878 1289 952 Cluen·

220 990 311 1080 tius,
323 991 465 1062 nullum
477 991 678 1089 perieulum
692 992 818 1064 mortis
833 992 937 1078 adiit,
955 990 1046 1062 nihil
1059 989 1142 1061 mali
1154 990 1288 1077 timuit,

221 1099 322 1198 quod
345 1125 422 1172 non
440 1116 558 1174 totum
579 1127 600 1174 a
618 1117 730 1177 matre
752 1116 846 1176 esset
867 1102 1063 1174 conflatum
1099 1115 1136 1172 et
1170 1098 1288 1198 perfe-

222 1224 321 1282 ctum
334 1220 376 1279 ¹².
389 1214 478 1302 Quae
499 1211 571 1284 hoe
584 1226 749 1310 tempore
766 1213 886 1284 sileret
903 1213 1035 1297 omnia,
1054 1225 1163 1307 atque
1183 1233 1240 1294 ea,
1259 1210 1289 1282 si

221 1319 405 1392 oblivione
428 1345 505 1394 non
528 1336 666 1419 posset,
695 1336 817 1395 tamen
839 1324 1080 1398 taciturnitate
1104 1341 1168 1392 sua
1195 1333 1289 1390 tecta

222 1453 299 1501 esse
318 1445 527 1529 pateretur:
546 1432 609 1504 sed
628 1457 668 1504 ea
686 1458 774 1505 vero
792 1435 842 1506 sic
856 1435 947 1532 agit,
972 1447 1014 1502 ut
1034 1453 1181 1530 prorsus
1202 1430 1288 1500 reti-

221 1562 302 1610 cere
326 1539 425 1611 nullo
452 1539 563 1613 modo
589 1545 710 1639 possit.
734 1549 811 1616 Hoc
835 1546 930 1616 enim
952 1543 1071 1640 ipsum
1090 1538 1292 1636 judicium,

221 1647 292 1720 hoc
310 1650 531 1746 periculum,
547 1652 609 1724 illa
625 1657 803 1734 accusatio
813 1651 856 1741 ¹³,
870 1655 988 1724 omnis
1000 1655 1146 1724 testium
1163 1649 1289 1745 copia,

222 1783 303 1856 quae
317 1759 439 1832 futura
452 1777 523 1850 est,
545 1779 691 1835 amatre
705 1765 808 1835 initio
826 1777 879 1835 est
892 1763 1064 1834 adornata
1073 1764 1125 1848 ¹⁴,
1143 1773 1289 1831 amatre

221 1867 292 1942 hoc
310 1883 472 1969 tempore
492 1875 700 1963 instruitur,
727 1888 836 1971 atque
860 1872 1030 1945 omnibus
1055 1873 1132 1968 ejus
1156 1869 1290 1967 opibus

222 1993 260 2050 et
281 1983 393 2080 copiis
422 1999 651 2082 comparatur
673 2013 680 2056 :
706 1987 784 2082 ipsa
814 1983 971 2080 denique
996 1983 1290 2081 nuperlnrino,

221 2088 332 2185 hujus
345 2093 575 2192 opprimendi
590 2120 693 2166 causa
703 2150 712 2184 ,
724 2099 874 2167 Romam
886 2093 1074 2164 advolavit.
1089 2097 1220 2164 Praesto
1234 2106 1290 2162 est

221 2202 352 2274 mulier
373 2205 507 2293 audax,
525 2212 739 2305 pecuniosa,
761 2205 916 2278 crudelis
933 2231 945 2302 ⁸:
968 2204 1124 2275 instituit
1146 2225 1289 2273 accusa·

223 2325 319 2395 tores
334 2309 365 2358 ¹⁵
375 2342 385 2404 ;
415 2316 561 2391 instruit
575 2331 702 2405 testes3
719 2316 886 2424 squalore
904 2309 1052 2411 hujus¹⁶
1071 2327 1108 2384 et
1120 2310 1290 2384 sordibus

220 2419 379 2511 laetatur;
401 2428 550 2496 exitium
581 2441 746 2525 exoptat;
770 2428 980 2524 sanguinem
1002 2447 1108 2510 suum
1135 2419 1289 2520 prosun-

220 2529 305 2602 dere
323 2557 466 2606 omnem
480 2539 581 2634 cupit
592 2547 642 2623 ι7,
658 2536 857 2608 dummodo
874 2533 1063 2633 profusum
1076 2533 1186 2629 hujus
1203 2546 1288 2602 ante

220 2640 441 2716 videat.Haec
451 2649 515 2718 nisi
531 2651 653 2719 omnia
664 2649 914 2746 perspexeritis
928 2648 965 2715 in
979 2667 1100 2726 causa,
1110 2657 1245 2714 temere
1256 2637 1288 2686 ¹⁸

259 2814 301 2848 rr.
312 2799 402 2849 Animo
412 2817 491 2867 oequo.
502 2804 643 2853 Parentibus
654 2805 731 2862 enim,
775 2803 878 2869 mnis
890 2813 967 2867 perat.
982 2803 1044 2848 Sunt
1052 2801 1096 2864 qui
1109 2798 1182 2846 verba
1192 2819 1204 2842 ι
1214 2797 1288 2846 insti·

222 2887 250 2930 ιιι
257 2877 323 2928 idem
330 2881 416 2930 Cicero
423 2882 470 2944 ait,
478 2884 591 2948 etpatriae
600 2899 731 2948 numquam
776 2885 823 2931 tuit
832 2905 844 2924 u
858 2892 883 2930 et
894 2905 907 2924 α
916 2882 1014 2929 instruit
1024 2901 1036 2922 a
1053 2878 1109 2926 loco
1116 2887 1288 2934 munierunt,

221 2970 258 3008 eet
270 2963 430 3012 irascendum.
776 2973 804 3010 ut
819 2963 881 3009 infra
902 2975 957 3023 esp.
971 2961 1013 3020 67.
1032 2956 1171 3006 oravisse
1189 2955 1289 3005 dnobus

261 3055 302 3090 aa.
322 3043 363 3088 sto
381 3041 463 3089 multe
480 3053 539 3090 vett.
550 3041 611 3098 edd.
633 3044 731 3092 Iallem.
777 3043 839 3090 MSS
855 3040 958 3088 malebat
980 3061 991 3082 ι
1002 3038 1106 3086 institnit
1121 3047 1287 3112 accusatorem

220 3129 279 3184 post
294 3122 391 3170 Gruter.
409 3126 525 3174 stom.
540 3121 731 3188 tetinnltprofe·
776 3119 997 3168 institutiones».

221 3209 299 3258 emm,
313 3199 382 3264 quod
394 3201 475 3250 minue
485 3201 611 3266 significat.
625 3205 650 3252 J.
660 3207 694 3252 V.
704 3205 731 3250 L.
801 3201 853 3260 tii.
866 3199 985 3263 squalore
996 3193 1076 3260 liujus.
1090 3197 1156 3242 Reos
1166 3194 1191 3241 in
1206 3195 1288 3242 torum

261 3279 300 3327 1³.
321 3279 370 3328 ma
389 3283 523 3332 sonnatio.
541 3284 636 3346 Nempe
654 3283 731 3348 digito
776 3278 841 3343 pulla
856 3289 922 3326 veste
936 3275 1034 3324 indutos
1049 3274 1080 3322 sd
1094 3273 1238 3322 movendam
1248 3275 1288 3334 iu·

221 3360 731 3411 scenmtoresdemonstrat.lluolstecverba
776 3357 858 3406 dicum
884 3354 1074 3405 misericordiam
1099 3353 1198 3418 prodire
1225 3352 1287 3401 nulli

222 3439 367 3488 Gulielmius
376 3439 479 3504 glossam
490 3442 732 3506 hsbebst‚probsnti·
775 3438 901 3501 ignoturus
914 3447 939 3485 et
952 3449 1044 3483 norum
1058 3433 1198 3498 exemplum
1210 3433 1236 3480 in
1249 3449 1288 3482 re-

221 3517 268 3566 bus
288 3520 386 3576 Gruter.
402 3530 426 3568 et
442 3521 538 3570 Ernest.
559 3531 585 3570 at
598 3520 731 3585 pericnlum
776 3533 834 3564 oens
846 3525 915 3564 eruta
930 3515 1014 3562 Rabir.
1028 3512 1138 3559 oratione
1150 3512 1270 3561 invenias.

220 3597 246 3647 h.
255 3598 273 3646 l.
283 3599 431 3648 vocabulum
442 3610 479 3648 est
488 3602 597 3664 generis,
606 3599 650 3648 illa
660 3616 733 3647 acca·
813 3611 852 3657 ¹7·
873 3595 951 3660 Cupit.
969 3591 1122 3642 Atrooissimi
1138 3591 1190 3638 odii
1206 3603 1242 3638 est
1254 3592 1289 3639 si-

220 3677 283 3728 satio
294 3679 398 3729 refertur
411 3679 442 3728 sd
455 3679 512 3729 illos
524 3681 591 3744 ipsos
603 3681 645 3744 qni
658 3695 731 3727 aeon-
776 3673 899 3740 gnificatio
909 3690 937 3722 so
946 3670 1074 3730 cumulus,
1088 3685 1162 3732 quum
1172 3669 1286 3732 gravissi-

222 3757 322 3818 sebsnt3
336 3759 372 3808 sio
386 3760 449 3807 inim
466 3759 592 3808 :instituit
608 3769 731 3806 accussto-
776 3771 814 3803 ma
831 3771 881 3802 non
897 3753 1040 3818 deprecetur
1052 3752 1129 3798 Sassia
1143 3751 1199 3809 ills,
1214 3750 1286 3798 dnm·

223 3851 276 3897 res,
288 3849 335 3887 eto.
350 3860 360 3881 ι
776 3837 850 3887 modo
859 3848 883 3885 et
892 3838 943 3900 ipse
951 3833 1017 3882 iilius
1025 3834 1119 3883 subest.

260 3925 301 3972 rt.
321 3919 460 3966 Adonrata.
479 3919 622 3980 Compsrsta
635 3927 659 3964 et
671 3917 730 3964 suls·
813 3919 852 3966 rs.
863 3935 865 3942 ¹
875 3917 980 3963 Temere.
997 3913 1166 3978 Imprudentes·
1184 3921 1208 3958 et
1224 3911 1287 3958 rnsle

223 4006 316 4045 ⁰¹7¹·ss-
775 4007 868 4052 remur,
882 3994 950 4058 qnod
965 3997 1017 4055 ejus
1029 3995 1055 4041 in
1070 3993 1119 4041 hoo
1130 3991 1224 4053 judicio
1238 4005 1287 4038 no-

261 4077 300 4126 15.
315 4077 422 4126 Instituit
436 4089 596 4126 accusatores.
617 4079 666 4126 Eos
683 4067 730 4124 sibi
775 4091 830 4124 men
840 4073 998 4124 recitaverim.
