3020 4668
243 355 315 451 396
568 357 617 426 Ill.
643 357 683 424 Τ.
711 355 990 462 utcauouls
1019 371 1023 379 '

241 473 671 576 imperiidisciplinaeque
688 477 868 571 majorum
888 480 1077 574 proprium
1101 481 1174 564 est,
1194 474 1315 548 lacere

239 588 405 659 nondum
429 588 571 659 audeo:
596 585 721 658 faciam
742 587 798 676 id,
819 587 920 684 quod
942 585 1063 658 estad
1086 589 1313 658 severitatem

239 695 378 785 lenius,
400 711 435 768 et
449 707 479 741 ¹⁰
502 696 548 767 ad
569 719 800 767 communem
823 697 976 768 salutem
1000 695 1134 768 utilius.
1156 699 1264 786 Nam,
1280 700 1311 767 si

240 821 277 877 te
309 805 464 886 interfici
492 807 655 902 jussero,
689 804 863 878 residebit
887 807 926 876 in
956 804 1143 903 republica
1170 804 1312 903 reliqua

240 917 516 1012 conjuratorum
546 941 696 1004 manus;
729 918 784 987 sin
813 930 853 987 tu
878 916 1004 1015 (quod
1034 930 1073 988 te
1094 915 1310 1012 jamdudum

239 1027 396 1124 hortor)
422 1029 572 1116 exieris,
597 1027 878 1099 exhaurietur-¹¹.
897 1053 942 1099 ex
967 1025 1058 1098 urbe
1078 1039 1223 1096 tuorum
1247 1049 1309 1097 co·

240 1141 370 1210 mitum
393 1162 523 1234 magna
542 1152 577 1208 et
598 1138 798 1234 perniciosa
817 1138 959 1209 sentina
976 1135 1193 1234 reipublicae.
1212 1135 1311 1228 Quid

240 1261 315 1338 est,
335 1245 515 1319 Catilina?
534 1271 623 1317 num
640 1247 783 1320 dubitas
797 1247 855 1333 id,
868 1271 927 1318 me
941 1248 1160 1344 imperante,
1178 1243 1311 1335 lacere,

240 1356 340 1456 quod
358 1359 432 1452 jam
452 1372 513 1428 tua
533 1372 663 1455 sponte
681 1356 901 1430 faciebas¹²i
921 1359 1026 1428 Exire
1044 1381 1088 1428 ex
1110 1355 1201 1428 urbe
1225 1381 1308 1428 con·

239 1468 295 1541 sul
317 1465 460 1538 hostem
477 1466 606 1563 jubet:
626 1470 825 1564 interrogas
850 1493 930 1553 me,
957 1493 1047 1538 num
1065 1467 1103 1538 in
1122 1466 1311 1538 exsilium?

240 1602 316 1650 non
331 1577 445 1672 jubeo
457 1575 508 1665 ¹³3
526 1577 588 1650 sed
606 1579 713 1649 sime
731 1577 908 1665 consulis,
927 1576 1071 1648 suadeo.

214 1770 217 1776 Ι
287 1691 347 1758 vl.
367 1687 466 1777 Quid
488 1690 583 1758 enim
595 1696 623 1776 ¹,
645 1688 815 1775 Catilina,
834 1702 905 1773 est,
927 1684 1027 1784 quod
1043 1701 1080 1756 te
1096 1685 1168 1782 jam
1187 1689 1225 1756 in
1241 1683 1310 1757 hac

239 1795 331 1869 urbe
350 1796 526 1869 delectare
545 1799 683 1896 possit?
702 1801 737 1868 in
765 1823 836 1896 qua
861 1823 970 1869 nemo
991 1811 1062 1885 est,
1084 1811 1184 1868 extra
1205 1798 1308 1867 istam

240 1907 531 2002 conjurationem
548 1908 774 2006 perditorum
791 1909 1000 1996 hominum,
1019 1909 1082 2004 qui
1098 1921 1135 1978 te
1150 1931 1227 1978 non
1240 1929 1311 1979 me

239 2030 337 2102 tuat;
360 2040 489 2104 nemo,
519 2019 584 2114 qui
612 2043 688 2088 non
715 2017 844 2089 oderit.
870 2022 960 2109 Quoe
988 2031 1074 2088 nota
1103 2017 1308 2088 domesticae

239 2125 477 2225 turpitudinis
500 2153 575 2198 non
596 2131 715 2198 inusta
738 2133 816 2199 vitae
839 2141 910 2198 tuae
930 2129 1009 2198 est?
1032 2127 1133 2226 quod
1148 2130 1308 2226 privata·

238 2262 321 2309 rum
340 2262 463 2309 rerum
485 2237 643 2310 dedecus
664 2262 740 2309 non
755 2239 867 2310 haeret
879 2235 1074 2309 inlamiae²l
1096 2261 1177 2334 quae
1195 2237 1308 2308 libido

241 2345 287 2418 ab
317 2347 452 2436 oculis,
483 2347 584 2445 quod
609 2345 749 2420 facinus
778 2374 799 2419 a
825 2348 993 2420 manibus
1018 2371 1193 2445 umquam
1218 2350 1308 2435 tuis,

241 2455 343 2552 quod
372 2455 546 2554 flagitium
570 2481 590 2527 a
613 2470 693 2528 toto
724 2481 877 2556 corpore
902 2456 1044 2529 abluit?
1068 2459 1132 2542 ¹cui
1155 2473 1195 2528 tu
1221 2457 1307 2530 ado·

237 2565 454 2656 lescentulo,
474 2592 585 2665 quem
606 2569 894 2668 corruptelarum
914 2566 1093 2640 illecebris
1113 2569 1307 2656 irretisses,

239 2698 314 2747 non
329 2692 391 2750 aut
405 2678 451 2751 ad
464 2679 650 2752 audaciam
668 2679 828 2770 ferrum,
847 2694 909 2751 aut
926 2677 971 2750 ad
990 2677 1179 2750 libidinem
1194 2677 1307 2752 facem

277 2905 317 2941 ao.
329 2890 407 2940 Abest
415 2904 445 2940 et.
457 2895 473 2942 J
475 2927 481 2940 .
490 2896 522 2942 V.
536 2895 564 2940 L.
769 2911 773 2926 =
793 2893 884 2957 possit,
893 2891 936 2940 ubi
947 2891 1027 2941 oderit
1037 2907 1120 2940 omnes
1128 2925 1136 2950 ‚
1145 2891 1204 2940 odio
1214 2891 1246 2939 sit
1254 2906 1308 2939 em-

275 2985 316 3018 ar.
327 2971 503 3022 &tannetum
516 2973 581 3021 Mire
597 2971 662 3020 idem
674 2987 752 3020 servs·
793 2971 880 3030 albus,
899 2972 942 3020 ubi
962 2973 1052 3020 nefaria
1069 2972 1145 3036 ipsius
1158 2971 1258 3020 consilis
1275 2971 1306 3018 ab

238 3059 279 3097 tur
294 3049 441 3113 metaphorae
460 3061 538 3100 tenor.
555 3050 668 3099 desidere
687 3052 751 3099 enisu
795 3051 964 3112 omuibusjsm
978 3050 1199 3116 deprehenduntnr.
1211 3051 1305 3099 Athea

239 3130 339 3194 proprie
353 3129 384 3177 de
404 3130 498 3180 fecibus
518 3131 608 3180 dicitur
625 3132 653 3178 in
672 3130 750 3180 sunda
794 3131 904 3179 simulata
912 3131 992 3178 suasio
1000 3129 1307 3194 longeamarissimsmCa-

239 3209 302 3256 vasis
323 3209 516 3268 remanentibus,
538 3219 561 3257 et
584 3209 677 3274 optime
694 3225 751 3258 eum
794 3210 871 3260 tiliae
882 3211 1067 3258 insectationem
1080 3209 1200 3258 eontinet.

238 3285 335 3334 sentina
344 3287 459 3350 quadran
470 3289 510 3336 eui
520 3287 687 3338 exhauriendi
696 3305 750 3337 ser-
831 3305 856 3339 a.
869 3289 993 3354 Infamia.
1006 3290 1100 3353 Nempe
1117 3299 1173 3336 tum.
1185 3291 1242 3351 Quo
1261 3284 1306 3334 fla·

238 3363 297 3412 lsum
310 3365 413 3412 maxime
422 3366 495 3414 etiarn
509 3367 633 3415 convenit.
794 3368 908 3432 gitlorum
930 3384 1015 3432 genere
1036 3379 1131 3431 turpem
1154 3378 1220 3416 tuum
1232 3365 1304 3412 vitam

279 3457 320 3494 ra.
333 3442 461 3493 Faciebas.
478 3445 566 3492 Facere
580 3444 687 3494 volebas.
794 3463 844 3495 non
852 3447 963 3512 polluisti
971 3464 1000 3495 ac
1010 3443 1306 3512 contaminastillnfamia

277 3520 552 3587 repensandam
568 3523 632 3570 enim
650 3523 750 3586 idjuris
794 3527 878 3586 enim,
896 3537 924 3575 ut
945 3525 1114 3574 animadvertit
1133 3525 1222 3572 Olivet.
1244 3523 1307 3571 nihil

240 3601 289 3666 ipsi
298 3599 393 3650 consuli
407 3612 467 3650 erat.
552 3605 555 3614 '
794 3603 861 3652 aliud
874 3615 911 3652 est
926 3606 952 3652 iu
967 3605 1065 3653 homine
1084 3603 1147 3652 mslo
1170 3619 1242 3666 quam
1255 3604 1307 3663 ejus

274 3682 318 3728 Vl.
333 3697 355 3728 ι.
370 3679 437 3742 Quid
447 3679 518 3728 euim.
532 3681 621 3743 Quasi,
639 3681 749 3746 deposita
794 3683 896 3748 pessima
909 3683 980 3732 fama.
1001 3684 1064 3732 Satis
1082 3683 1238 3730 eummodum
1252 3697 1306 3730 sen·

239 3759 347 3808 eonsulis
360 3775 479 3823 persona,
489 3763 594 3808 suasoris
608 3773 688 3826 partes
697 3779 750 3810 sus·
793 3780 847 3810 snm
860 3763 946 3822 habet3
959 3763 1026 3827 quod
1040 3773 1110 3826 negat
1118 3763 1252 3818 Ernestius,
1263 3762 1306 3826 qui

241 3839 314 3902 cipit,
324 3848 365 3897 ut,
381 3837 450 3903 quod
460 3851 543 3903 postea
552 3839 616 3889 dicet
625 3841 750 3901 ,videatur
793 3859 839 3906 pro
852 3841 962 3907 insamloe
979 3842 1063 3891 suadet
1073 3842 1152 3906 legere
1165 3838 1304 3907 velfamce,

240 3933 293 3965 non
304 3919 376 3978 odio,
389 3919 433 3966 sed
452 3919 618 3968 misericordia
640 3919 750 3970 Catilium
795 3921 833 3968 vel
839 3918 923 3987 fama
937 3934 994 3970 tuoe.
1013 3921 1098 3970 lamb.
1110 3922 1176 3982 conj.
1189 3921 1214 3968 in
1220 3919 1305 3985 sum.

240 3998 397 4045 commoveri.
410 3997 500 4046 Suadet
514 3999 589 4064 igitur
601 4011 629 4048 ut
642 4015 673 4048 ex
685 4001 751 4048 Urbe
795 4001 934 4050 Heumann.
950 4001 1042 4050 nodum
1055 4009 1133 4060 must,
1152 4009 1176 4048 et
1187 3999 1305 4065 glossema

240 4086 321 4134 exeat,
334 4076 401 4139 quod
419 4077 469 4126 vita
491 4079 514 4127 ei
533 4081 614 4128 suavis
635 4095 686 4128 esse
700 4096 751 4128 non
796 4095 827 4129 ex
837 4081 1037 4157 suteoedentibus
1049 4091 1128 4145 putat.
