2934 4680
241 349 286 422 38
562 353 610 419 Μ.
637 352 675 418 Τ.
703 351 983 422 CICERONIS

238 472 437 573 plurimum
470 473 591 571 possit.
623 461 865 545 Vehementer
896 487 1017 545 autem
1046 474 1228 571 pertinere
1259 475 1306 546 ad

237 582 332 656 belia
354 581 653 670 administranda,
673 581 762 679 quid
783 582 926 674 hostes,
949 583 1039 682 quid
1060 585 1147 654 socii
1167 583 1213 655 de
1235 587 1305 654 im·

238 692 467 793 peratoribus
496 695 621 766 vestris
650 695 874 782 existiment,
900 696 981 792 quis
1004 698 1163 791 ignorat,
1189 719 1305 792 quum

238 806 409 891 sciamus,
427 803 592 874 homines
610 805 648 874 in
662 807 771 876 tantis
782 803 909 892 rebus,
924 819 966 875 ut
978 818 1041 875 aut
1057 819 1305 892 contemnant,

236 929 299 987 aut
323 929 507 1002 metuant,
526 927 587 984 aut
605 912 765 1001 oderint,
789 927 852 984 aut
869 929 1009 1004 ament,
1032 915 1206 1012 opinione
1227 939 1304 985 non

234 1023 475 1097 minusfamae
486 1033 513 1112 ²,
530 1047 641 1122 quam
659 1023 778 1122 aliqua
797 1037 893 1096 certa
908 1027 1046 1096 ratione
1061 1023 1305 1096 commoveri?

236 1135 347 1226 Quod
369 1135 478 1233 igitur
497 1159 633 1206 nomen
656 1157 832 1232 umquam
856 1136 894 1204 in
919 1133 1010 1205 orbe
1035 1148 1213 1205 terrarum
1231 1134 1329 1220 cla·x

235 1246 311 1315 n'us
327 1243 420 1314 fuiti
437 1245 541 1340 cujus
559 1269 616 1315 res
636 1259 743 1341 gestae
759 1245 888 1342 pares?
904 1243 948 1316 de
965 1269 1040 1342 quo
1054 1244 1203 1315 homine
1220 1265 1304 1334 vot,
1346 1239 1350 1246 ”

235 1355 272 1426 id
286 1353 385 1453 quod
402 1358 557 1426 maxime
573 1352 658 1426 facit
671 1357 943 1443 auctoritatem,
958 1368 1058 1426 tanta
1073 1369 1109 1425 et
1124 1369 1197 1424 tam
1213 1377 1303 1453 prae·

235 1465 329 1536 clara
354 1461 509 1560 judicia³
536 1464 691 1536 fecistis?
719 1469 773 1536 An
801 1489 887 1538 vero
914 1465 1024 1537 uliam
1045 1489 1200 1564 usquam
1225 1491 1302 1538 esse

235 1598 335 1645 oram
355 1588 427 1645 tam
447 1573 625 1647 desertam
642 1578 794 1674 putatis,
813 1600 888 1675 quo
900 1601 974 1646 non
988 1575 1084 1647 illius
1096 1575 1191 1647 dicit
1207 1575 1303 1647 fama

234 1673 448 1783 pervaserit,
461 1709 574 1783 quum
588 1688 778 1757 universus
791 1685 949 1784 populus
960 1709 1133 1756 romanus
1144 1740 1153 1773 ,
1166 1684 1302 1757 referto

234 1793 334 1883 foro,
357 1794 577 1893 repletisque
605 1794 775 1867 omnibus
801 1797 945 1893 templis
956 1793 984 1883 ⁵,
1012 1821 1056 1866 ex
1082 1794 1217 1893 quibus
1242 1796 1302 1867 hic

234 1903 337 1974 locus
360 1906 519 2002 conspici
545 1918 684 2004 potest,
708 1929 821 1976 unum
850 1905 917 1976 sibi
940 1905 985 1976 ad
1007 1929 1200 1987 commune
1222 1933 1301 1977 om·

233 2015 336 2082 nium
356 2014 519 2109 gentium
537 2012 703 2085 bellum⁶
724 2019 788 2086 Cn.
811 2018 1023 2113 Pompeium
1043 2019 1300 2114 imperatorem

232 2123 472 2221 depoposcit?
487 2129 633 2222 Itaque,
652 2139 693 2195 ut
712 2125 816 2223 plura
829 2149 906 2195 non
921 2123 1058 2212 dicam,
1077 2149 1197 2222 neque
1216 2127 1301 2196 alio·
1400 2193 1405 2203 .

232 2257 315 2304 rum
343 2235 519 2333 exemplis
541 2233 775 2323 confirmem,
799 2238 976 2334 quantum
1001 2241 1216 2307 auctoritas⁷
1238 2261 1300 2308 va·

231 2342 302 2415 leat
319 2345 357 2414 in
374 2344 495 2434 bello,
516 2344 562 2416 ab
577 2344 704 2417 eodem
719 2350 783 2418 Cn.
802 2348 975 2444 Pompeio
992 2347 1158 2416 omnium
1175 2369 1300 2417 rerum

231 2455 456 2550 egregiarum
481 2455 646 2552 exempla
668 2470 880 2526 sumantur:
903 2457 968 2551 qui
987 2479 1062 2553 quo
1082 2455 1140 2527 dic
1158 2453 1178 2526 ¹a
1196 2455 1299 2528 vobis

231 2565 412 2632 maritimo
440 2561 538 2634 bello
564 2568 777 2662 praepositus
804 2579 857 2636 est
884 2567 1095 2664 imperator,
1118 2579 1217 2638 tanta
1239 2589 1297 2639 re·

232 2686 341 2770 pente
366 2668 507 2744 vilitas⁸
534 2697 687 2746 annonae
716 2699 762 2747 ex
788 2699 929 2746 summa
951 2677 1074 2775 inopia
1094 2691 1131 2748 et
1152 2678 1298 2749 caritate

230 2783 282 2853 rei
300 2780 543 2856 frumentariae
566 2797 792 2883 consequuta
810 2799 881 2872 est,
901 2789 1010 2857 unius
1032 2786 1216 2858 hominis⁹
1234 2813 1297 2884 spe

230 2905 267 2966 et
282 2897 447 2982 nomine,
462 2909 635 2993 quantam
652 2897 712 2965 vix
730 2919 774 2966 ex
790 2917 930 2966 summa
946 2894 1112 2967 ubertate
1127 2919 1297 2992 agrorum

264 3075 288 3108 a.
309 3058 431 3122 Opinione
447 3075 497 3107 non
510 3061 588 3108 mnus
598 3058 689 3126 samse.
709 3061 740 3109 td
819 3057 843 3108 6.
860 3059 990 3109 &menuae
1003 3061 1112 3110 ornninm
1123 3063 1234 3128 gentium
1247 3065 1298 3112 bel-

226 3147 278 3194 est‚
292 3137 344 3200 ipsa
358 3137 433 3197 fama,
455 3150 498 3186 aut
515 3141 600 3204 potius
615 3141 738 3190 existima-
783 3139 840 3186 inm.
856 3139 995 3189 Piraticum.

229 3213 310 3272 tione,
320 3231 348 3262 ac
358 3229 455 3264 rumore
466 3232 479 3263 a
492 3217 554 3264 t'ama
564 3229 632 3268 nato.
817 3231 842 3284 7.
854 3217 894 3266 nl.
905 3239 916 3260 ι
925 3217 997 3279 hujus
1005 3219 1137 3268 auctoritas
1145 3241 1166 3269 a.
1177 3220 1204 3269 J,
1212 3223 1246 3270 V.
1257 3223 1284 3270 L.

263 3285 289 3334 3.
303 3285 411 3335 Iudicia.
424 3287 507 3349 Quum
520 3303 593 3352 eques
606 3289 686 3338 adbuc
697 3305 737 3338 ro·
818 3297 843 3344 8.
860 3299 940 3344 Tanta
953 3309 1051 3360 repente
1063 3297 1157 3348 uilitas.
1171 3300 1295 3348 Mercato-

224 3377 310 3412 manus
319 3375 376 3413 aute
389 3375 484 3416 eutem
496 3367 641 3415 senatoriam
652 3369 737 3417 trium·
781 3391 819 3423 m
828 3376 894 3424 enim
903 3376 974 3424 simui
983 3389 1012 3424 ac
1020 3378 1163 3441 Pompeium
1173 3379 1295 3428 maritimo

171 3463 175 3470 ·
223 3441 323 3509 pharit;
343 3443 375 3491 ad
391 3443 439 3492 boc
460 3456 566 3508 questos
583 3457 663 3494 umen
678 3461 736 3510 pro·
779 3453 845 3502 bello
870 3455 1028 3518 prepositum
1053 3456 1201 3514 audieruut,
1234 3459 1294 3505 certi

223 3523 346 3571 consulari
357 3523 461 3588 imperio
472 3525 588 3573 adversus
601 3526 735 3575 Sertorium
779 3531 907 3598 praedones
916 3547 947 3580 ex
958 3533 1084 3581 maritimis
1095 3534 1157 3581 loeis
1168 3548 1293 3596 cessuros,

222 3604 309 3652 misem
320 3605 367 3666 sit,
379 3604 467 3652 iterum
481 3619 554 3668 eques
567 3603 734 3670 triumpheriu
779 3621 873 3660 tautam
883 3612 979 3677 copiam
998 3611 1113 3660 frumeuti
1131 3615 1235 3661 Romam
1249 3615 1293 3664 de·

222 3684 374 3732 consulatum
385 3693 442 3733 ante
450 3683 511 3734 aiios
520 3685 673 3751 magistratus
681 3701 733 3751 ges·
778 3703 906 3750 vexerunt,
922 3702 949 3739 ut
959 3692 1001 3740 viii
1012 3693 1093 3758 pretio
1102 3693 1208 3743 vendere
1221 3711 1294 3760 coge.

221 3762 295 3821 serit,
309 3764 424 3813 utinsra.
778 3781 871 3818 rentur.
898 3771 938 3820 Sic
962 3781 1060 3830 contm,
1084 3783 1183 3821 mortuo
1207 3787 1292 3824 nostro

258 3849 281 3898 t.
297 3841 367 3890 tttim
381 3843 433 3892 diei
435 3840 520 3910 sarna.
537 3845 595 3908 Quo
607 3844 684 3908 legem
700 3845 731 3892 da
775 3849 918 3910 meursio,
939 3851 1020 3899 vitiam
1041 3851 1140 3916 quidam
1165 3853 1291 3920 vendidit,

221 3919 339 3983 Pompeio
357 3933 441 3971 eontra
456 3923 546 3988 piratas
562 3921 682 3972 mittendo
699 3923 729 3972 A.
780 3937 867 3991 utpote
880 3941 952 3992 quam
964 3931 1014 3992 iam
1026 3931 1109 3981 hostes
1120 3933 1272 3994 invaderent.

222 3997 341 4046 Gabinius
351 3999 464 4049 atheum
473 4002 551 4068 piebis
559 4003 626 4051 tutu.
813 4021 840 4066 9.
852 4006 943 4058 Aberat
953 4008 1065 4062 bomittis.
1074 4014 1140 4060 Dant
1150 4027 1208 4060 veno
1218 4013 1288 4066 MSS.

260 4076 397 4142 trampus.
405 4081 467 4144 Quae
476 4083 568 4130 circum
577 4083 656 4130 forum
668 4091 731 4129 sunt.
777 4085 800 4132 J.
811 4085 842 4134 V.
855 4087 881 4136 t.
