3026 4680
275 324 342 396 512
592 326 640 394 M.
666 325 705 390 T.
731 323 1022 396 CICERONIS

275 446 498 544 voluptatem
516 457 553 515 et
575 443 752 515 luxuriam
774 445 934 540 expetita
952 459 1026 531 est,
1050 444 1112 516 sed
1139 449 1178 516 in
1200 445 1349 518 militari

276 557 399 660 labore
422 565 617 652 peragrata.
636 553 709 642 Qui
728 554 757 623 si
776 550 1001 643 adolescens,
1024 570 1125 651 patre
1140 578 1207 626 suo
1228 561 1350 654 impe·
1460 549 1461 556 '

277 683 415 753 rmore,
427 689 503 737 non
515 663 702 736 meruisset
712 667 749 752 ⁴3
767 677 830 733 aut
848 663 1010 752 hostem,
1025 680 1089 736 aut
1104 668 1215 764 patris
1228 669 1349 764 impe-

277 780 371 850 rinm
398 776 583 860 timuisse3
609 786 670 843 aut
699 795 719 842 a
744 787 895 870 parente
919 773 1130 872 repudiatus
1149 775 1347 848 videretur.

279 893 354 972 An,
371 907 486 982 quum
500 881 624 954 sedere
637 885 675 952 iu
687 882 790 978 equis
803 883 1103 980 triumphantium
1119 883 1347 981 praetextati5

216 1031 225 1048 ·
280 997 507 1096 potissimum
520 991 753 1080 filiisole'ant‚
770 989 970 1064 buiedonis
983 992 1220 1068 militaribus⁶
1233 997 1349 1093 patris

278 1105 505 1205 triumphum
516 1103 684 1176 decorare
692 1100 902 1199 fugiendum
918 1103 1054 1192 fuit,ut
1064 1104 1174 1177 rebus
1181 1129 1349 1178 commus

280 1221 375 1290 niter
391 1217 499 1315 gestis
516 1237 619 1312 paene
633 1212 741 1284 simul
754 1235 837 1282 cum
851 1227 953 1310 patre
968 1213 1261 1313 triumpharet⁶l
1280 1216 1351 1287 Hic

195 1378 201 1395 .
281 1353 385 1414 vero,
404 1324 543 1422 judices
555 1320 582 1413 ³,
598 1338 633 1396 et
647 1322 717 1395 fuit
735 1325 774 1392 in
787 1324 890 1411 Asia,
905 1337 942 1394 et
959 1325 1037 1396 viro
1050 1322 1265 1414 fortissimo,-
1281 1349 1348 1422 pa·

280 1439 374 1510 renti
388 1459 474 1522 suo,
492 1457 624 1530 magno
646 1431 858 1528 adjumento
877 1433 914 1502 in
931 1435 1125 1532 periculis,
1159 1435 1286 1508 solatio
1308 1436 1350 1505 in
1460 1497 1461 1500 ,

281 1545 488 1632 laboribus,
510 1544 740 1643 gratulationi
765 1543 803 1612 in
824 1545 972 1616 victoria
993 1542 1073 1615 fuit.
1098 1549 1159 1634 Et,
1183 1547 1213 1616 si
1236 1540 1350 1616 habet

282 1661 363 1731 Asia
374 1657 617 1756 suspicionem
630 1656 780 1727 luxuria*
792 1655 985 1755 quamdam
996 1683 1006 1743 3
1021 1680 1097 1726 non
1108 1657 1226 1728 Asiam
1237 1678 1350 1726 num·

282 1791 392 1866 quam
399 1765 540 1852 vidisse,
556 1764 671 1838 sedin
686 1767 767 1836 Asia
782 1767 1011 1837 continenter
1030 1766 1176 1854 vixisse,
1196 1764 1348 1838 laudan*

283 1878 370 1950 dum
386 1886 449 1948 est.
976 1891 978 1898 ’

332 1984 579 2079 Quamobrem
588 2010 662 2055 non
677 1989 766 2057 Asiae
780 2010 914 2058 nomen
928 1985 1173 2082 objiciendum
1187 1991 1349 2058 Murenae

284 2099 370 2186 fuit,
394 2123 439 2170 ex
456 2119 529 2192 qua
559 2095 637 2167 laus
656 2093 813 2185 familiae,
830 2098 1003 2170 memoria
1018 2103 1158 2194 generi,
1175 2095 1296 2168 bonos
1312 2110 1350 2168 et

284 2208 396 2307 gloria
414 2207 552 2277 nomini
567 2207 762 2278 constituta
779 2221 860 2278 ¹est:
880 2207 942 2278 sed
961 2208 1109 2304 aliquod
1129 2222 1191 2278 aut
1208 2191 1249 2278 in*
1264 2209 1349 2278 Asia

283 2331 510 2416 susceptum,
528 2330 591 2386 aut
613 2339 658 2386 ex
678 2317 759 2387 Asia
782 2315 1012 2415 deportatum
1030 2315 1206 2414 flagitium
1221 2339 1262 2386 ae
1282 2315 1349 2387 dea

284 2429 405 2500 decus.
438 2429 637 2498 Meruisse⁹
658 2450 745 2498 vero
774 2427 952 2525 stipendia
979 2432 1017 2499 in
1038 2451 1082 2498 eo
1103 2425 1227 2513 bello,
1245 2423 1350 2523 quod

282 2555 359 2612 tum
373 2537 531 2636 populus
545 2561 715 2608 romanus
725 2564 800 2609 non
816 2539 926 2610 modo
935 2541 1150 2626 marimum,-
1161 2536 1223 2610 sed
1238 2539 1349 2608 etiam

258 2665 264 2692 ¹
284 2651 401 2722 solum
416 2647 580 2746 gerebat,
595 2650 758 2732 virtutis3
772 2663 872 2746 patre
881 2651 1098 2747 imperatore
1111 2647 1348 2719 libentissime

284 2759 474 2846 meruisse,
493 2760 655 2856 pietatis3
672 2757 782 2830 finem
802 2759 1087 2858 stipendiorum,
1108 2759 1218 2856 patris
1237 2759 1348 2828 victo

192 2887 194 2892 '
284 2873 373 2942 riam
396 2894 437 2941 ac
457 2869 684 2968 triumphum
705 2867 836 2958 suisse,
857 2868 1035 2942 felicitatis
1052 2868 1134 2939 suit.
1156 2865 1347 2938 Maledicto

283 3111 355 3160 nibus
378 3109 510 3160 libidinum
540 3107 659 3160 illecebris
682 3112 792 3175 repleta,
873 3115 898 3161 6.
913 3115 990 3163 Bonis
1005 3113 1158 3162 militaribus.
1177 3113 1216 3162 0b
1229 3112 1343 3161 virtutem

282 3191 384 3238 maxime
390 3188 566 3254 deplorandam
572 3191 677 3238 romanis
684 3190 794 3240 moribus
837 3205 931 3258 epatre
944 3194 1058 3258 arreptis.

282 3269 403 3317 luxuriam
412 3268 548 3318 invexerat.
874 3292 898 3335 7.
911 3271 1224 3337 Campatrettiumpliurot.
1235 3270 1342 3318 Μυκη

318 3349 406 3408 &Non
415 3347 547 3396 meruisset.
554 3347 648 3411 Nempe
658 3346 792 3410 stipendia:
837 3364 917 3416 pater,
940 3353 1013 3402 Snlloe
1034 3351 1140 3416 legatus,
1160 3351 1191 3398 de
1205 3348 1345 3403 Mltbrfflil‘

283 3445 335 3476 nou
346 3425 480 3476 militasset.
838 3430 1010 3496 triumphavit,
1021 3442 1049 3480 ut
1071 3430 1143 3478 etism
1154 3429 1181 3478 in
1195 3427 1297 3476 Manilia
1308 3426 1344 3476 di·

319 3505 345 3555 5.
367 3503 518 3554 Proeteoetmi.
537 3502 616 3556 Mons
629 3515 693 3564 erat,
710 3515 737 3552 ut
751 3505 793 3568 qui
837 3512 910 3559 eitur.

282 3585 434 3650 triumphans
446 3585 473 3631 in
485 3581 577 3632 Urbem
586 3582 718 3640 introibat,
730 3583 793 3632 libe·
873 3591 898 3640 3,
912 3590 959 3638 His
970 3604 1043 3648 vem,
1057 3587 1165 3650 judiees.
1178 3585 1290 3636 Gloriosa
1303 3583 1347 3632 ob·

282 3681 322 3712 ros
336 3664 461 3728 utriusque
479 3678 562 3722 sexus,
573 3662 677 3710 simodo
689 3673 793 3729 praetex·
834 3669 894 3730 ieeti
906 3669 1013 3718 oriminis
1029 3667 1151 3716 mulesdo
1162 3675 1187 3714 et
1198 3665 1291 3728 egregia
1304 3662 1346 3710 de·

282 3745 326 3794 tati
339 3735 434 3805 essem,
446 3744 473 3790 tn
485 3758 558 3790 eurrn
565 3743 634 3803 juxta
644 3759 670 3790 se
680 3742 791 3802 haberem
836 3749 924 3797 fensio.

281 3825 319 3871 sin
333 3822 573 3886 guatinensem,
591 3823 660 3887 equis
672 3821 794 3886 jugalibus
873 3844 899 3892 9.
921 3828 1038 3877 uertente
1056 3841 1117 3873 nero
1135 3821 1255 3888 stipendiis
1275 3821 1300 3869 iu
1318 3833 1345 3866 eo

282 3900 450 3965 funalibusque
462 3901 604 3966 imponeret.
619 3899 723 3964 Quodsi
737 3900 793 3964 plu·
838 3905 1121 3969 bollo,stu.Couelusio,
1130 3919 1177 3967 qus
1189 3913 1342 3966 pentesqnsm

280 3989 317 4025 re!
327 3980 493 4044 essemque
500 3980 660 4044 singularibus
667 3980 730 4028 mu
740 3995 793 4028 our-
836 3987 983 4046 bonanus,
1002 3984 1153 4036 fortudinis
1168 3983 1239 4030 emm
1253 3995 1280 4028 se
1294 3979 1344 4042 pte·

279 4063 788 4130 rumproseqnebnntur.Cl.Suet.inTib.5.
836 4067 891 4115 tatis
902 4066 954 4114 leus
968 4067 1115 4114 continetur.
