2958 4670
431 383 486 460 m
512 391 549 460 n.
574 387 876 474 CAT1L1NAM,
901 389 961 458 1v.
1163 401 1235 494 479

215 521 276 588 IV.
308 513 422 584 Video
453 511 573 583 duae¹
606 509 724 581 adhuc
744 529 836 580 'esse
866 513 1093 583 sententias:
1124 537 1235 592 unam

91 645 95 654 “
167 633 211 698 Ι).
241 625 390 712 Silani¹,
416 623 480 720 qui
506 635 649 705 censet,
679 619 1237 716 eos,quil1aec'delereconati

168 751 272 822 sunt,
297 749 414 806 morte
442 753 520 804 esee
537 729 775 819 multandos3
806 729 952 824 alteram
981 731 1050 804 C.³
1081 739 1238 830 Caesaris,

169 849 233 946 qui
246 849 372 918 mortis
385 867 530 942 poenam
550 855 731 928 removet,
753 855 958 912 ceterorum
979 845 1239 943 suppliciorum

170 977 296 1030 omnes
318 954 530 1028 acerbitates
551 951 793 1050 amplectitur.
824 955 988 1049 Uterque
1012 967 1049 1024 et
1078 981 1146 1053 pro
1175 983 1240 1032 sua

170 1066 360 1164 dignitate,
376 1078 412 1134 et
432 1087 498 1162 pro
518 1083 643 1132 rerum
656 1059 907 1157 magnitudine
925 1063 964 1132 in
982 1087 1122 1137 summa
1141 1089 1240 1142 seve·

170 1179 274 1248 ritate
293 1189 466 1248 versatur.
482 1173 582 1244 Alter
601 1194 682 1260 eos,
703 1174 767 1268 qui
785 1195 853 1242 nos
871 1195 1019 1260 omnies,
1034 1179 1099 1273 qui
1119 1203 1239 1279 popu.

171 1279 247 1359 lum
279 1307 471 1356 romanum
498 1287 570 1353 vita
594 1282 735 1379 privare
760 1285 880 1352 conati
904 1299 1009 1372 sunt,
1035 1290 1097 1384 qui
1120 1288 1241 1365 delere

172 1397 383 1493 imperium,
412 1394 476 1488 qui
502 1390 631 1489 populi
661 1392 802 1462 romani
827 1416 964 1464 nomen
993 1399 1240 1497 exstinguere,

174 1518 355 1601 punctum
368 1503 544 1600 temporis
557 1499 628 1571 frui
642 1503 730 1588 vita,
749 1517 786 1573 et
803 1501 873 1574 hoc
887 1509 1099 1578 communit
1114 1515 1244 1610 spiritu

175 1639 252 1686 non
267 1627 371 1708 putat
385 1628 574 1712 oportere3
593 1627 702 1710 atque
721 1611 791 1684 hoc
807 1635 922 1712 genus
938 1616 1083 1714 poeuae⁵
1099 1646 1194 1721 saepe
1207 1626 1244 1696 in

177 1724 365 1823 improbos
373 1726 468 1796 cives
477 1725 514 1794 in
529 1722 597 1794 hac
609 1721 797 1821 republica
811 1747 888 1796 esse
900 1743 1113 1825 usurpatum
1129 1753 1246 1805 recor·

178 1835 286 1906 datur
296 1832 324 1905 ⁶.
346 1835 446 1910 Alter
466 1833 653 1930 intelligit,
675 1849 830 1904 mortem
854 1858 875 1905 a
893 1833 961 1906 diis
982 1839 1247 1916 immortalibus

178 1971 254 2018 non
272 1969 349 2017 esse
367 1943 535 2043 supplicii
557 1967 661 2015 causa
686 1945 939 2033 constitutam,
961 1946 1024 2017 sed
1042 1964 1105 2020 aut
1121 1972 1246 2024 neces·

180 2060 319 2128 citatem
336 2071 494 2141 naturae,
512 2069 577 2125 aut
597 2051 760 2125 laborum
783 2077 824 2126 ae
841 2057 1066 2128 miseriarum
1087 2063 1247 2157 quictem

182 2189 257 2236 esse
272 2173 295 2235 ⁷.
316 2168 442 2262 Itaque
461 2187 538 2235 cam
558 2165 739 2261 sapientes
761 2187 960 2261 numquam
977 2169 1079 2239 inviti
1092 2165 1120 2260 ⁸,
1139 2170 1249 2248 fortes

182 2275 287 2346 etiam
310 2299 402 2372 saepe
422 2267 605 2346 libeutcr⁰
625 2275 892 2372 oppetiverunt.
914 2279 1067 2351 Vincula
1086 2306 1191 2370 vero,
1213 2298 1250 2356 et

218 2453 263 2501 tv.
286 2470 308 2501 r.
324 2451 400 2520 l'rlieo
412 2453 482 2500 duas.
495 2453 615 2502 Nondum
629 2453 694 2501 euim
738 2451 800 2504 vidit
815 2455 923 2519 Tullius,
935 2459 1070 2506 orationem
1080 2461 1143 2510 bunc
1156 2463 1252 2514 babuit.

187 2533 250 2582 cato
263 2531 407 2582 tentantium
419 2527 522 2581 dixmut.
775 2534 799 2593 4.
814 2535 865 2582 Hoc
878 2536 1001 2584 communi
1010 2539 1105 2606 spiritu.
1120 2541 1140 2589 l.
1150 2560 1172 2590 e.
1182 2559 1251 2602 aare,

222 2626 246 2658 a.
266 2613 345 2658 Unam
358 2611 390 2657 D.
406 2610 494 2658 Silani.
513 2613 545 2660 t).
556 2611 645 2660 Juniut
658 2611 696 2660 Si·
740 2613 930 2676 quicommuuia
946 2626 992 2664 eet.

184 2689 255 2738 lanus
268 2690 359 2754 primun
372 2690 517 2738 sententiam
532 2703 632 2753 rogatur
644 2701 696 2748 eut,
778 2693 802 2738 5.
818 2693 868 2739 Hoc
876 2709 953 2757 genus
961 2711 1053 2758 poeuoe.
1065 2729 1072 2744 .
1084 2730 1090 2742 .
1101 2699 1251 2748 recordatur.

185 2768 697 2834 quincoueulentdmignntue.Qulenim,
741 2769 895 2834 Autclegem
917 2772 1045 2831 Porciam,
1058 2787 1112 2836 quae
1131 2775 1252 2839 virgusub

187 2860 214 2898 ut
224 2851 274 2911 jum
287 2849 407 2906 diximus,
421 2851 504 2913 priore
513 2850 571 2897 locu
584 2850 697 2912 detlgnu-
743 2852 852 2897 omnium
862 2852 1029 2898 Romanorum
1038 2865 1142 2915 corpore
1150 2857 1256 2916 amovlt3

189 2940 227 2976 tua
245 2937 298 2975 erut
313 2928 413 2986 mul,
431 2929 453 2975 ir
465 2929 491 2975 in
504 2939 589 2976 uenatu
606 2928 700 2991 primns
744 2944 799 2975 nam
812 2937 868 2992 poet
878 2942 930 2975 eum
938 2926 1015 2992 legem
1025 2945 1089 2993 sape
1100 2931 1166 2978 ciret
1175 2947 1255 2982 roma-

188 3007 297 3054 omuium
310 3007 454 3054 mteutiaut
464 3005 603 3068 rogabatur.
613 3005 702 3052 Decre-
743 3017 791 3053 noa
797 3017 875 3054 morte
882 3005 998 3056 multator
1004 3007 1076 3056 nuce
1082 3020 1132 3056 non
1142 3009 1256 3064 arbitror.

190 3095 256 3133 verat
270 3089 349 3131 aulem
362 3085 388 3132 iu
403 3099 458 3144 ene,
477 3083 555 3147 quiin
566 3083 700 3132 euxodium
780 3072 807 3125 ὅ.
828 3079 879 3124 Ant
896 3077 1059 3126 ”multatum
1072 3089 1177 3130 numm.
1192 3083 1256 3146 inn

192 3161 275 3212 traditi
288 3173 357 3211 eruut
370 3161 482 3209 ultimum
500 3159 658 3226 suppliutum.
745 3156 868 3220 quidquid
882 3157 1044 3221 compeditum
1057 3159 1139 3219 est,itl
1148 3160 1256 3228 aliquun-

229 3244 254 3292 3.
272 3241 301 3304 Ι0.
323 3241 434 3290 Caesaris.
455 3241 506 3290 Ubi
517 3241 549 3288 ud
562 3243 592 3291 C.
610 3241 703 3290 Julian
748 3236 781 3283 do
794 3235 1045 3285 dissolvaturnecetse
1056 3247 1101 3286 eet.

193 3323 312 3372 &urent
326 3331 457 3386 pratorum
478 3321 632 3386 designatum
643 3335 703 3368 ven.
785 3316 1133 3376 7.Ladoramuomisetiurnrt
1141 3319 1258 3383 quiesctt,

193 3412 245 3450 tum
258 3413 309 3459 eu,
329 3413 408 3449 morte
421 3399 617 3450 eoenfficiaudor
629 3415 703 3464 ηομ,
749 3397 809 3443 ileu
824 3407 861 3443 eat
878 3395 979 3460 Epicuri
996 3397 1130 3456 teutmtlr,
1143 3401 1259 3464 quaejam

194 3482 244 3540 vita
258 3481 301 3530 ted
318 3479 466 3546 bublleundu
484 3481 565 3542 bonu,
581 3481 648 3546 iprae
662 3496 705 3544 per
749 3474 1261 3542 corruptiemoribua,pleruntqueinvalne·

195 3559 324 3624 municipia
343 3559 536 3624 dispertiendos,
546 3561 605 3610 etin
619 3561 705 3608 vinou-
749 3565 794 3603 tut.
808 3557 880 3610 Hune,
890 3556 984 3615 Cesar,
1001 3557 1095 3625 quippe
1116 3570 1194 3606 caueae
1210 3574 1260 3610 ωε

195 3639 225 3685 lio
244 3649 362 3704 perpetuo
374 3639 501 3690 habendos
521 3643 624 3689 censuit.
639 3632 705 3687 Tuu-
750 3631 888 3693 lavantem,
915 3636 1050 3685 lunenatu
1077 3636 1188 3700 proliterl
1209 3655 1262 3690 nou

196 3727 298 3780 tumque
317 3719 394 3766 valuit
409 3719 530 3780 dicendo,
542 3731 572 3768 ut
592 3717 707 3767 nonnulli
750 3713 910 3763 dubitaverat.

196 3809 228 3844 ex
238 3793 269 3842 iia
277 3797 321 3860 qui
331 3799 413 3861 priore
420 3801 476 3848 locu
485 3803 630 3848 tententiarn
640 3799 708 3847 dlxe·
789 3797 812 3842 8.
826 3797 890 3842 Eum
907 3794 1029 3858 sapientes
1037 3809 1178 3858 'numquam
1188 3795 1262 3850 inviti.

198 3886 267 3935 runt,
285 3889 349 3932 catu,
373 3877 449 3941 ipelue
462 3881 573 3926 oratione
586 3877 707 3942 pennoti,
750 3876 817 3938 Quin
829 3875 953 3921 meliorem
962 3884 1059 3937 eperunt
1076 3873 1159 3924 vitam.

197 3958 356 4015 mutaverint,
370 3957 433 4004 inter
450 3971 513 4021 quoe
525 3959 578 4021 lpeo
599 3958 709 4015 silanus,
789 3969 814 4016 9.
836 3954 918 4000 Fortes
937 3952 1011 4000 etiam
1032 3967 1098 4016 serpe
1108 3951 1213 4005 libenter.
1232 3955 1265 4006 llt

199 4035 221 4082 at
229 4034 345 4084 &limato
356 4035 454 4095 meum
468 4047 494 4084 et
505 4035 632 4100 Q.,cioero
645 4039 708 4100 ipio,
754 4031 1149 4090 oodm‚matnententum,ut
1160 4033 1268 4094 curtius.

201 4113 273 4160 l'rutcr
295 4114 421 4176 nonnulla,
435 4115 456 4160 ei
468 4115 595 4164 Suetonio.
610 4115 673 4176 Quae
686 4125 714 4162 ut
759 4124 785 4160 ut
796 4111 876 4170 Decii,
895 4120 940 4159 etc.
