3026 4680
217 347 288 432 (μί,
530 345 578 413 u.
596 346 645 413 r.
672 339 960 415 elcuu'oms

217 491 300 540 cum
317 464 453 538 bellum
471 480 607 554 manet3
622 464 1024 553 int11sinsidiaesunt203
1046 464 1143 535 intus
1161 461 1278 537 inclu-

217 599 296 647 sum
306 575 507 678 perieulum
517 589 571 646 est
582 599 591 661 ;
604 575 702 646 inlus
714 590 767 646 est
774 573 898 646 hostis.
908 573 1147 645 Cumluxuria
1159 575 1277 664 nobis,

217 709 299 760 cum
320 685 494 771 amentia,
512 707 595 754 eum
622 683 754 754 scelere
775 683 985 755 certandum
1003 699 1067 755 est.
1093 687 1185 756 Huic
1210 709 1278 782 ego

216 821 274 868 me
292 794 407 882 hello,
428 795 606 884 Quirites,
626 791 801 891 profiteor
815 792 945 864 ducem
959 804 990 838 ²¹
1010 821 1019 862 ε
1036 795 1193 892 suscipio
1210 797 1279 865 ini·

216 907 366 977 micitias
377 904 565 975 hominum
577 903 813 1002 perditorum.
824 905 913 993 Quae
925 905 1041 976 sanari
1052 913 1276 1001 poterunt²²‚

216 1039 446 1115 quacumque
467 1015 605 1085 ratione
631 1013 766 1084 sanabo
795 1039 802 1082 :
832 1037 912 1110 quae
938 1014 1131 1086 resecanda
1151 1029 1277 1102 erunt,

215 1151 292 1197 non
313 1127 427 1225 patiar
448 1125 492 1196 nd
516 1125 712 1222 perniciem
733 1123 883 1195 civitatis
901 1147 1047 1196 manere
1057 1121 1102 1195 ²³.
1123 1123 1278 1196 Proinde

217 1249 279 1307 aut
300 1249 447 1323 exeant,
465 1246 526 1305 aut
548 1234 734 1330 quieseant
757 1248 864 1322 :aut,
884 1234 913 1304 si
934 1236 1024 1306 etin
1043 1233 1157 1323 urbe,
1184 1250 1220 1306 et
1238 1239 1278 1306 in

217 1345 343 1420 eadem
359 1360 481 1416 mente
504 1356 739 1442 permanent,
758 1369 818 1433 ea,
838 1367 919 1440 quae
946 1360 1134 1418 merentur
1142 1347 1193 1432 ²⁴,
1217 1369 1277 1415 ex·

215 1469 391 1555 spectent.

265 1570 326 1637 Vl.
347 1572 392 1637 At
412 1567 518 1637 etiam
537 1573 667 1654 sunt¹,
687 1563 862 1653 Quirites,
882 1566 946 1662 qui
964 1564 1105 1652 dicant,
1126 1590 1145 1636 a
1164 1590 1222 1636 me
1241 1567 1279 1636 in

218 1673 381 1747 exsilium
399 1675 552 1770 ejectum
569 1698 646 1746 esse
662 1673 862 1746 Catilinam.
889 1673 998 1765 Quod
1020 1699 1088 1771 ego
1110 1676 1140 1746 si
1165 1674 1279 1747 verbo

219 1784 360 1881 assequi
372 1795 551 1882 possem²‚
560 1788 648 1855 istos
661 1785 758 1881 ipsos
765 1783 950 1878 ejicerem,
963 1782 1109 1881 quihaec
1122 1785 1281 1880 loquun-

218 1910 287 1966 tur.
314 1900 433 1965 Homo
453 1889 576 1964 enim³
606 1894 771 1965 videlicet
797 1893 946 1964 timidus
965 1907 1002 1965 et
1029 1894 1280 1992 permodestus

218 2027 345 2075 vocem
365 2003 523 2076 consulis
543 2001 637 2074 ferre
656 2027 730 2074 non
752 2005 898 2102 potuit:
919 2003 1025 2074 simul
1046 2017 1155 2100 atque
1172 2007 1225 2074 ire
1241 2009 1280 2075 in

219 2114 383 2186 exsilium
394 2115 514 2208 jussus
531 2127 602 2200 est,
619 2114 755 2210 paruit,
771 2115 869 2183 ivitl.
890 2117 1066 2184 Hesterno
1080 2111 1153 2202 die,
1165 2137 1282 2210 quum

220 2222 319 2295 domi
333 2217 442 2294 meae⁵
453 2245 554 2320 poene
563 2220 770 2294 interfectus
782 2246 915 2310 essem,
934 2236 1096 2294 senatum
1114 2224 1153 2294 in
1168 2222 1281 2294 aedem

219 2335 316 2408 Jovis
345 2329 517 2406 Statoris⁶
545 2337 670 2405 vocavi
690 2361 698 2405 :
720 2359 798 2406 rem
820 2357 967 2406 omnem
986 2333 1030 2405 ad
1052 2348 1172 2431 patres
1192 2358 1281 2404 con-

256 2525 300 2558 uo.
311 2511 378 2556 Intus
389 2507 485 2556 insidia
494 2518 555 2554 sune.
563 2507 602 2556 Sic
611 2507 638 2556 iu
647 2507 729 2555 deleu-
809 2514 851 2563 η.
859 2505 898 2553 Ea
906 2521 963 2572 quoe
970 2505 1221 2556 manumulierum
1227 2523 1283 2573 sup·

220 2589 289 2640 sione
302 2589 417 2637 Murena·
428 2587 544 2648 tuimur,
556 2587 622 2634 intus
631 2597 679 2646 eet,
692 2587 730 2633 iu·
773 2582 882 2650 plieium.

221 2684 306 2736 quem,
327 2682 404 2731 equus
423 2667 550 2728 trojanum
565 2681 640 2729 equo
659 2681 731 2712 num·
808 2665 891 2714 v1.1.
907 2663 1285 2716 Aeoumsuneuondeennt

221 2764 307 2813 quem,
318 2745 480 2806 mesomio,
492 2745 639 2802 dormientes
649 2743 730 2812 oppri-
774 2743 816 2808 qui
824 2741 940 2790 iuvidiam
950 2741 1062 2796 Cioeroui
1071 2741 1175 2800 conflare
1184 2744 1283 2807 eupieu·

222 2826 320 2876 memini
328 2847 349 2875 n.
774 2832 823 2882 tes,
834 2832 991 2886 quererentur
1004 2819 1284 2886 deuimiailliuspnteu-

258 2921 300 2954 21.
314 2905 380 2963 Alii,
392 2893 638 2968 uduoem‘profiteor,
649 2900 732 2963 Quiri·
774 2899 818 2961 tiu,
826 2899 980 2965 quodcireru
989 2915 1115 2956 romonum
1123 2901 1192 2952 elerii
1203 2913 1284 2950 orrum

222 2997 289 3036 m»,
298 2985 359 3034 Π.
368 2985 395 3034 L.
773 2979 919 3041 melonibus,
931 2980 1023 3046 maguis
1035 2979 1194 3044 inrepublica
1205 2981 1284 3028 hono-

259 3081 300 3115 ur.
314 3065 374 3127 ραι
384 3060 471 3112 sonari
477 3070 599 3126 poterunt.
612 3057 684 3106 Unde
695 3058 730 3105 ul·
774 3057 840 3107 ribus
853 3057 976 3115 functum,
988 3059 1012 3106 ri
1022 3069 1047 3107 er
1055 3057 1127 3106 minis
1136 3059 1162 3106 iu
1172 3059 1284 3108 exsilium

222 3144 314 3208 legerit
326 3143 399 3190 duem
412 3141 453 3204 sit,
466 3148 578 3196 constan
590 3138 638 3187 hue
650 3147 732 3186 eutem
774 3137 894 3198 misissem
909 3153 961 3185 eam
974 3153 1041 3186 uuuc
1054 3153 1103 3186 use
1114 3138 1199 3188 multis
1211 3137 1285 3188 rario-

222 3223 446 3290 pertinentem
467 3217 593 3268 Neronis:
613 3239 626 3259 ι
637 3219 730 3268 Cunetr
774 3217 846 3264 nibus
868 3231 979 3264 emovere
994 3227 1108 3266 conetur.

221 3304 291 3369 prius
303 3299 433 3358 tentanda,
445 3299 488 3347 sed
496 3295 672 3346 immedicabile
680 3295 731 3344 rul-
809 3311 836 3344 u.
852 3294 924 3357 Quod
936 3310 981 3359 ego
995 3293 1103 3343 simonio
1118 3291 1216 3358 assequi
1224 3310 1286 3358 pos·

223 3399 270 3432 uus
280 3383 344 3429 Eure
355 3377 512 3430 recidendum
522 3388 571 3436 eet,
580 3393 611 3429 ue
620 3391 675 3441 pero
683 3375 731 3422 eiu-
774 3389 831 3422 sem.
842 3373 871 3422 Id
889 3383 940 3432 eet,
950 3373 971 3420 si
982 3389 1034 3424 uno
1048 3371 1123 3425 verbo
1132 3388 1228 3436 ponem
1238 3371 1284 3418 uli-

223 3477 278 3510 eere
290 3459 427 3508 enh-tur».
437 3459 468 3505 Et
479 3455 520 3504 ille
529 3455 598 3504 loeus
608 3466 730 3504 exesura
774 3469 845 3522 quem
857 3453 883 3502 in
897 3451 1006 3500 exsilium
1023 3451 1124 3516 pellere.

223 3541 359 3605 Philippiee
370 3554 377 3588 :
387 3540 546 3602 «incorpore
562 3532 731 3600 siquidejus·
810 3531 834 3580 3.
847 3531 971 3588 Ernestius
984 3527 1048 3578 delet
1061 3529 1141 3588 euim,
1154 3527 1283 3578 demumte

223 3620 291 3670 modi
301 3615 424 3682 eet‚quod
431 3616 526 3679 reliquo
533 3613 631 3678 eorpori
637 3623 731 3668 noemi,
775 3607 887 3662 Goereus.
900 3609 932 3657 ed
944 3609 1022 3659 Aertl.
1036 3610 1078 3670 11,
1093 3610 1133 3658 13.
1143 3611 1168 3657 J.
1178 3611 1211 3658 V.
1226 3611 1255 3658 l..

223 3703 262 3748 uri
283 3699 406 3762 semrique
429 3696 568 3760 pellamur,
590 3701 617 3739 ur
639 3688 732 3754 aliquid
811 3699 836 3747 4.
848 3689 888 3738 ΔΙ.
901 3689 999 3754 qru'evit.
1014 3689 1032 3737 J
1034 3723 1040 3735 .
1055 3691 1088 3738 V.
1101 3689 1128 3736 L.
1172 3743 1176 3750 1

223 3779 387 3828 membrorum
400 3775 567 3840 potiusquam
580 3782 659 3820 torum
674 3784 732 3816 eor·
812 3769 836 3817 5.
851 3770 930 3832 Quum
943 3765 1012 3816 domi
1028 3782 1097 3816 Μ.
1111 3767 1230 3813 Hesterno
1247 3765 1288 3814 die

223 3851 612 3924 pusinrerertgsicinreipublieoe
620 3863 733 3914 corpore,
776 3857 884 3898 murrum
899 3846 1043 3906 oouvoeeri,
1057 3859 1133 3910 quum
1143 3843 1210 3892 domi
1227 3861 1288 3893 mere

223 3949 253 3990 ut
264 3948 344 3986 totum
354 3934 447 3984 ulrum
457 3934 502 3991 sit,
510 3929 631 3996 quidquid
640 3937 676 3978 ert
689 3943 732 3993 pe·
776 3927 806 3976 rh
818 3925 929 3974 immissis
941 3923 1052 3976 catium
1062 3923 1154 3972 simii·
1167 3939 1235 3988 pene
1246 3925 1286 3971 iu·

225 4016 333 4063 etiterum
346 4021 512 4076 amputetur».
777 4008 890 4056 terleetue
903 4021 986 4054 essem.
1130 4019 1133 4028 ⁴

262 4093 303 4141 ιδ.
316 4091 356 4142 ΔΙ.
370 4105 479 4138 mare.
488 4089 513 4136 J.
523 4089 554 4135 V.
565 4087 593 4134 L.
813 4087 837 4134 6.
847 4087 878 4133 In
888 4085 966 4136 eedem
976 4081 1158 4132 lavissemus.
1171 4083 1287 4130 Seuerum
