3018 4664
465 397 517 464 IN
543 398 579 464 L.
605 397 907 480 CATILINAM,
935 397 1006 464 Ill.
1197 388 1267 476 453

111 577 119 593 ,
204 517 381 586 lotionem
395 513 438 600 ¹⁶,
464 530 544 614 post
573 517 742 616 Capitolii
765 531 885 588 autern
906 518 1193 588 incensionem¹⁷
1215 515 1267 582 ri-

203 629 367 696 cesimus.
404 631 504 698 Hanc
536 642 656 699 autem
686 621 891 725 Cethego¹⁸
920 650 1002 698 cum
1033 624 1161 696 ceteris
1180 649 1267 696 con-

204 737 413 808 troversiam
443 735 551 810 fuisse
582 737 777 826 dixerunt,
804 737 906 836 quod
932 734 1088 807 Lentulo
1115 749 1153 805 et
1176 734 1269 818 aliis,

203 846 335 917 caedem
368 847 617 920 Saturnalibus
634 861 665 908 ¹⁹
697 847 800 938 fieri,
831 863 940 946 atque
968 845 1098 918 urbem
1127 843 1271 916 incendi

203 957 381 1052 placeret;
403 959 563 1056 Cethego
582 960 734 1030 nimium
754 958 791 1030 id
807 958 1001 1056 longum²⁰
1016 957 1184 1027 videri²¹.

250 1071 292 1136 V.
316 1071 389 1156 Ac,
406 1093 454 1139 ne
471 1068 624 1167 longum
644 1070 709 1157 sit,
727 1069 906 1161 Quirites,
933 1064 1099 1139 tabellas¹
1119 1060 1273 1161 proferri

199 1179 391 1270 jussimus,
417 1203 497 1276 quae
525 1204 546 1251 a
570 1204 720 1277 quoque
748 1177 963 1251 dicebantur
987 1175 1272 1254 datae.Primum

201 1286 426 1358 ostendimus
446 1289 607 1387 Cethego
639 1293 831 1387 signum²;
851 1288 1032 1386 cognovit.
1060 1289 1135 1357 Nos
1159 1284 1272 1355 linum

203 1395 430 1486 incidimus³3
452 1398 611 1496 legimus.
632 1402 716 1470 Erat
732 1401 906 1496 scriptum
929 1399 1041 1494 ipsius
1059 1392 1195 1464 manui
1209 1392 1270 1462 Al-

242 1533 280 1580 16.
302 1534 360 1578 Post
380 1533 505 1598 virginum
526 1534 712 1582 absolutionem.
761 1532 852 1582 bantur
867 1547 911 1598 per
925 1531 1034 1597 quinque
1047 1529 1087 1576 vel
1101 1538 1194 1593 septem
1209 1526 1274 1588 dies;

202 1609 299 1658 Scilicet
315 1610 452 1660 vestalium.
470 1639 503 1650 -
513 1612 714 1662 'Absolutionem
759 1627 862 1674 quorum
873 1612 967 1675 primus
979 1609 1031 1658 dies
1040 1620 1092 1658 erat
1103 1625 1148 1656 xva
1160 1609 1207 1657 hal.
1217 1610 1270 1669 jan.

204 1691 239 1737 De
261 1691 364 1738 incestu.
389 1691 516 1740 Absoluta
538 1703 596 1740 sunt
614 1692 714 1740 vestoles
758 1689 852 1738 idcirco
867 1701 945 1737 autem
958 1689 1078 1749 conjurati
1090 1687 1225 1735 Saturnalia
1240 1686 1272 1734 ad

204 1771 325 1833 virgines,
338 1771 375 1817 Μ.
395 1773 485 1819 Pisone
504 1770 661 1828 defendente,
683 1771 714 1818 de
759 1769 892 1817 faciendam
907 1767 997 1816 caedem
1009 1769 1274 1831 constitues-ant,qoo·

201 1863 252 1912 quo
263 1851 297 1896 sic
310 1849 335 1896 iu
349 1851 440 1910 Bruto,
455 1866 509 1914 cap.
518 1853 550 1911 67
564 1864 571 1897 ι
584 1871 597 1892 u
605 1855 629 1902 ts
639 1866 714 1913 quum
758 1849 822 1896 uiam
832 1849 916 1896 civitas
924 1859 976 1898 tum
986 1848 1102 1896 totarino
1112 1846 1275 1910 atquehilari·

202 1929 258 1976 satis
266 1927 386 1977 floruisset
394 1929 535 1978 adolescens
544 1928 714 1977 minorhaberi
759 1929 801 1976 tati
812 1925 893 1975 dedita
905 1926 1019 1974 facillime
1028 1925 1157 1974 ridebatur
1165 1926 1274 1990 opprimi

201 2017 235 2054 cst
245 2020 340 2072 coeptus
349 2018 446 2072 poetea;
457 2007 545 2055 deiude
554 2021 584 2055 ex
592 2007 713 2070 virginum
758 2023 840 2070 posse.

201 2085 294 2144 judicio
302 2103 412 2150 magnam
423 2086 519 2134 laudem
532 2097 567 2134 est
581 2086 682 2150 adeptus
691 2107 712 2134 ι.

201 2164 283 2228 Vulgo
295 2162 325 2212 de
339 2165 409 2212 l'ahis
421 2165 519 2224 vestali,
531 2181 614 2212 sorore
623 2167 714 2212 Teren·

202 2246 254 2302 tiae,
267 2231 391 2292 Ciceronis
404 2245 499 2300 uxoris,
514 2245 712 2308 interpretantur,

202 2325 232 2372 de
247 2339 294 2388 qua
311 2324 343 2370 its
357 2325 479 2371 Asconius
494 2325 519 2371 in
533 2335 594 2372 orat.
616 2325 643 2372 lu
657 2335 713 2388 toga

187 2410 190 2418 ’
202 2403 319 2452 candidas
330 2426 342 2444 ιι
349 2404 421 2450 Fabia
429 2404 497 2468 virgo
505 2404 609 2462 vestalia,
617 2421 712 2452 cauum

201 2483 286 2530 incesti
297 2482 398 2540 dixerat,
408 2499 483 2546 quum
498 2484 519 2528 ei
534 2484 636 2531 Catilina
647 2484 712 2545 obji-

201 2573 308 2620 ceretur;
319 2571 417 2626 eratque
427 2563 536 2610 absoluta
546 2563 598 2609 bac
608 2563 680 2612 Fubia
690 2585 711 2610 n.

201 2641 269 2688 Illam
280 2651 433 2688 accusaverat
446 2641 563 2703 Clodios,
576 2642 713 2706 multasque

200 2721 257 2768 ullas
276 2721 381 2784 virgiaaes
399 2721 559 2786 implicuerat.
580 2721 642 2769 Cato
654 2721 712 2768 ¹aitte

201 2799 330 2848 crediderit
344 2801 456 2849 vestalem
474 2801 643 2858 innocentem,
660 2801 711 2846 sive

199 2879 280 2928 Clodii
296 2897 397 2944 pravum
411 2879 540 2927 consilinm
558 2881 710 2942 introspexe-

201 2959 246 3018 rit,
265 2958 301 3006 illi
313 2969 405 3006 tantum
419 2958 522 3006 incussit
532 2958 669 3022 pudorem,
685 2968 712 3005 ut

201 3037 260 3084 urbe
268 3037 335 3084 exire
343 3037 457 3099 coegerit.
465 3036 539 3098 Quod
549 3035 658 3097 ofrgbres
666 3052 711 3098 up·

201 3113 341 3176 pellarerit,
361 3113 423 3160 nihil
443 3113 549 3170 mirum,
571 3129 646 3176 quum
660 3130 710 3162 uon

201 3209 247 3239 nno
261 3193 331 3239 Fabia
342 3209 383 3240 rea
394 3204 468 3248 esset,
478 3205 502 3239 et
511 3193 654 3240 Ciceronem
667 3192 709 3239 de·

202 3273 270 3320 rebat
286 3273 346 3320 nihil
362 3273 516 3340 peculiariter
529 3273 560 3320 de
570 3273 653 3320 uxorIa
666 3288 709 3320 so·

201 3367 255 3398 roro
269 3351 357 3398 dicere.

240 3448 277 3492 ¹7·
297 3433 355 3478 Post
368 3431 481 3495 Capitolii
493 3443 574 3478 erstem
591 3431 709 3480 incensio·

200 3525 263 3556 nem.
279 3511 304 3555 L.
315 3508 428 3572 Scipione
442 3520 466 3556 et
478 3510 506 3557 C.
516 3509 636 3556 Norbano
646 3525 709 3559 coss.

794 2101 835 2134 ao.
845 2085 946 2149 Cethego
956 2083 1058 2132 ninnium
1066 2081 1206 2146 Minagara.
1214 2083 1273 2132 Erat

758 2167 821 2214 enirn
834 2165 955 2228 Cethegus
964 2165 1085 2229 praecipiti
1096 2163 1227 2210 admodum
1242 2177 1270 2210 ae

759 2247 884 2298 temerario
898 2245 1011 2310 ingenio,
1023 2243 1089 2292 unde
1100 2254 1124 2290 et
1137 2243 1223 2291 Cicero
1233 2243 1272 2288 in·

758 2327 792 2374 fra
803 2343 856 2392 cap.
872 2345 896 2388 7,
908 2327 937 2375 C.
949 2325 1050 2389 Cethegi
1063 2323 1179 2371 furiosam
1195 2333 1271 2369 tente-

756 2406 851 2454 ritatem
859 2403 928 2464 dicit,
934 2404 1003 2468 quod
1009 2402 1137 2451 confirmat
1144 2401 1272 2448 Sallustios

757 2501 810 2549 cap.
824 2487 867 2542 43.

793 2581 834 2612 ar.
846 2562 937 2610 Videri-
945 2563 1038 2627 Nempe
1047 2561 1191 2610 referebant.
1203 2557 1273 2609 Nihil

756 2661 815 2709 ergo
828 2661 884 2691 cum
897 2643 979 2690 θην.
993 2643 1115 2705 corrigere
1128 2641 1216 2688 attinet
1230 2641 1268 2688 oi-

756 2723 866 2784 deretur,
879 2733 981 2786 propter
998 2721 1148 2768 manifestam
1162 2721 1267 2781 coujuu-
1372 2746 1376 2762 .

756 2803 861 2849 ctionem
875 2817 931 2848 eum
943 2799 1150 2848 antecedentibus.

792 2883 823 2928 V.
844 2897 866 2928 r.
885 2879 1003 2926 Tabellas.
1029 2881 1058 2925 Iu
1076 2880 1162 2926 ceratis
1181 2877 1270 2925 tabulis

755 2958 902 3022 scriptitasse
915 2969 1006 3005 veteres
1016 2969 1102 3006 notum
1113 2968 1156 3006 est.
1171 2957 1269 3020 EpIsto·

755 3039 791 3086 las
803 3037 930 3086 mittebant
942 3037 994 3084 liuo
1007 3037 1125 3102 obligatas
1138 3049 1163 3085 et
1174 3036 1266 3084 annulo

755 3133 800 3164 suo
810 3117 955 3179 obsigrmtas.
966 3115 1033 3163 Idem
1043 3131 1095 3163 mos
1106 3116 1152 3163 fuit
1161 3117 1187 3162 in
1197 3119 1271 3162 Fran·

755 3194 1023 3258 ciausqueadseculum
1030 3197 1141 3258 proxime
1151 3196 1266 3259 elapsum.

754 3275 854 3323 Plautus
866 3290 891 3320 a·
904 3274 1052 3323 Phuuicium
1066 3275 1207 3325 Calidoro...
1223 3291 1266 3340 per

754 3369 833 3401 ceram
851 3364 876 3402 et
894 3353 984 3415 linum,
1001 3353 1129 3420 literaeque
1142 3355 1265 3420 iuterpre-

754 3445 824 3482 τοι...
835 3433 937 3481 satutem
946 3433 1021 3481 mittit
1031 3455 1052 3480 ».

791 3529 816 3560 a.
831 3511 938 3578 Signum.
951 3513 1008 3559 Mos
1019 3523 1126 3560 veterum
1140 3523 1206 3572 erat,
1221 3514 1264 3561 ubi

199 3587 328 3636 custodum
342 3587 487 3651 negligentia
506 3587 653 3652 Capitolium
670 3603 709 3638 au.
752 3593 856 3657 aliquem
863 3591 1265 3655 literisabipsoacriptispremere,

200 3665 261 3712 llrb.
277 3666 350 3714 cond.
363 3667 414 3728 670
427 3667 595 3732 conflagravit3
613 3667 680 3732 quod
695 3684 709 3715 a

200 3746 231 3806 Q.
242 3743 337 3802 Catulo,
343 3755 426 3808 postea
434 3749 565 3796 Hortensio
574 3760 598 3797 et
609 3747 709 3797 Metello

200 3837 261 3869 coss.
273 3823 410 3870 restitutum
423 3836 467 3872 est.

238 3898 278 3950 18.
293 3899 409 3966 Cethego.
427 3903 475 3952 llic
488 3915 525 3952 est
538 3907 566 3953 C.
584 3905 710 3955 Gemellos

200 3980 321 4044 Cethegus
331 3992 436 4029 senator.

239 4076 278 4121 ¹9·
290 4059 468 4108 Sawrnolidus.
484 4062 617 4110 Saturnalia
628 4065 653 4110 in
668 4066 709 4112 Sa-

201 4140 265 4184 turni
274 4137 392 4186 honorem
403 4140 505 4188 maxima
515 4141 598 4188 teritis
606 4141 710 4191 celebra-

753 3687 782 3720 ae
791 3673 936 3720 convincere
945 3671 1074 3730 volebant,
1082 3683 1212 3736 antequam
1225 3689 1264 3722 sas

754 3751 914 3814 resignarent,
922 3751 1007 3810 jubere
1014 3784 1021 3808 ,
1029 3761 1058 3798 ut
1066 3749 1162 3814 signum
1174 3765 1265 3814 cogno-

754 3842 847 3888 scerot;
870 3832 939 3890 cujus
956 3831 990 3876 rei
1013 3829 1107 3893 aliquot
1127 3831 1265 3880 testimonia

755 3908 855 3972 collegit
872 3911 898 3956 P.
907 3909 1029 3955 Victorias
1043 3911 1068 3956 in
1082 3911 1155 3958 variis
1167 3909 1235 3960 lectt.

792 3990 816 4036 3.
829 3989 880 4035 Nos
890 3987 966 4035 finam
977 3987 1112 4041 focalia'mus.
1124 3993 1263 4054 Quoliterae

755 4068 842 4116 clausas
854 4077 929 4114 erant.

793 4157 816 4203 t.
830 4146 878 4194 Alii
889 4180 897 4208 ‚
909 4168 921 4187 ι
931 4161 1019 4209 manu,
1029 4148 1124 4200 Allobr.
1134 4175 1146 4194 u
1160 4155 1176 4200 J
1179 4191 1184 4203 .
1195 4159 1224 4203 V.
1238 4163 1264 4208 L.
