2988 4668
257 381 327 456 632
431 381 801 454 OBSERVATIONES
825 377 1153 450 APOLOGETICAE

259 517 419 583 narratur,
432 525 534 590 quum
550 503 736 568 AEtolorum
747 504 860 592 legati,
877 501 1059 591 gratulandi
1072 523 1184 566 caussa
1198 501 1239 567 ad
1250 527 1329 570 eum

259 610 363 692 missi,
379 607 487 672 fictilia
502 629 575 672 vasa
598 609 722 689 inejus
745 631 857 673 mensa
875 607 1047 690 vidissent,
1072 624 1250 697 posteaque
1272 635 1327 674 ar-

257 732 392 806 gentea,
411 737 529 804 magno
545 713 709 801 pondere,
728 731 761 778 et
774 713 932 802 exquisita
947 729 1016 777 arte
1031 713 1206 795 fabricata,
1221 715 1328 804 gentis

257 843 324 884 suar
334 821 467 884 nomine
483 819 524 884 ad
541 841 617 884 eum
635 815 842 900 detulissent,
855 819 989 900 jussisse
1006 818 1117 901 illum,
1130 820 1191 883 hos
1206 821 1327 909 legatos

256 925 344 990 abire
362 925 526 1006 monitos,
550 945 618 988 ane
640 924 848 989 continentiae
878 924 971 1012 quasi
993 926 1175 1012 paupertati
1197 947 1331 990 succur-

254 1030 394 1096 rendum
416 1045 568 1120 putarent
577 1025 703 1111 »sQuis
726 1044 836 1093 autem
859 1045 1011 1096 nostrum
1031 1045 1101 1112 est,
1126 1031 1183 1118 qui
1206 1030 1328 1095 horum

254 1139 401 1202 virorum
431 1145 654 1225 paupertatem
686 1151 718 1212 et
747 1135 940 1199 industriam
966 1158 1033 1199 non
1057 1135 1253 1217 laudaverit,
1268 1139 1328 1224 qui
1450 1137 1451 1156 ³

258 1245 348 1308 nulla
360 1241 510 1308 mercede
523 1239 667 1322 inducti,
685 1242 812 1308 nullum
833 1257 1014 1330 sperantes,
1032 1241 1095 1306 nisi
1107 1242 1226 1306 civium
1236 1265 1327 1306 amo-

256 1372 345 1432 rem,
363 1371 469 1438 opcrar
484 1351 757 1435 intepretatum,
773 1345 835 1411 «da
850 1363 955 1414 'nocte
979 1347 1171 1436 vigilabant,
1192 1363 1230 1412 nt
1247 1369 1328 1412 con·

261 1455 438 1520 sultoribns
456 1453 692 1542 responderent
703 1453 789 1540 (r)·,
806 1469 921 1542 atque,
944 1469 983 1516 ut
1003 1454 1112 1542 patriae
1131 1453 1179 1540 (a)
1195 1451 1329 1543 prodes-

261 1577 349 1642 sent,
365 1559 425 1623 «ad
443 1557 766 1626 aliorum'arbitriutn
784 1581 851 1622 non
869 1555 909 1622 ad
924 1577 1060 1640 sunm»,
1076 1559 1214 1648 negotiis
1232 1575 1264 1622 ct
1277 1581 1328 1622 oo

261 1665 490 1754 cupationibns
508 1665 653 1760 plenam,
673 1664 893 1752 transigebant
907 1664 1032 1728 vitam?
1052 1665 1135 1746 Quis
1150 1663 1248 1728 hodie
1261 1667 1328 1752 Ap-

260 1774 351 1861 pium
368 1769 460 1834 illum
481 1771 610 1834 Coeoum
622 1769 685 1858 (3),
699 1769 772 1855 quis
789 1771 824 1833 C.
840 1771 985 1833 Drusum
1001 1767 1048 1857 (4)
1064 1770 1226 1848 imitetur,
1249 1769 1325 1856 quir

254 1877 435 1942 luminibus
448 1873 533 1940 lieet
541 1875 644 1938 orbati
655 1922 666 1956 ,
678 1875 797 1939 civium
809 1895 943 1939 suorum
956 1875 1136 1940 commodis
1146 1897 1325 1963 numquam

259 2005 295 2048 se
311 1973 782 2068 subtraxerunt5quoruii1quc
802 2003 931 2068 semper
950 1979 1068 2044 domus
1086 1981 1325 2046 constdtoribus

257 2087 413 2176 compleri
431 2085 577 2150 solebat?
592 2087 656 2149 tut·
665 2108 747 2173 ergo*
756 2085 922 2167 laborum,
939 2101 989 2149 tot
1001 2084 1326 2174 difficultatum,q1ms

257 2194 496 2258 exsorbucrunt
507 2191 572 2256 uiri
588 2189 843 2279 diligentissimi,
867 2192 935 2274 haec
955 2191 1016 2256 erit
1035 2194 1270 2274 remuneratio,
1288 2209 1326 2261 ut

257 2464 316 2515 pag.
332 2449 381 2505 343
406 2462 473 2510 seqq.
497 2445 608 2494 Perison.
633 2443 803 2493 Animadvers.
827 2447 919 2495 ilistor.
939 2461 996 2509 paq.
1018 2447 1060 2494 61.
1082 2445 1211 2510 Quidquid
1234 2449 1279 2506 sit,
1302 2457 1326 2496 et

261 2537 384 2586 Eliorum
404 2535 538 2591 Catonum,
559 2543 583 2580 et
595 2532 774 2592 Tuberonum,
795 2533 909 2582 ismilism
927 2533 996 2584 JCtis
1018 2533 1106 2582 chum
1133 2535 1206 2583 inisse
1224 2545 1325 2584 constst.

258 2625 393 2688 Utriusque
418 2633 500 2670 amun
519 2620 647 2686 n'ngnlaris
672 2621 721 2670 fait
748 2621 865 2669 sobrietas
885 2637 892 2668 z
917 2620 1071 2669 esexdecina
1100 2623 1187 2671 eodem
1219 2635 1326 2688 tempore

256 2715 356 2764 suerunt
374 2711 445 2770 AElii,
461 2709 551 2774 quibus
573 2725 623 2764 una
642 2719 692 2761 erat
715 2707 898 2774 dpmunculs».
918 2706 1044 2772 (Valerius
1066 2711 1204 2771 Maximus,
1224 2711 1267 2760 lib.
1282 2715 1325 2772 IV,

256 2817 311 2868 cap.
328 2809 362 2862 a,
385 2817 424 2850 ex.
447 2797 484 2864 8.)
508 2800 540 2864 Q.
563 2797 629 2848 AElio
651 2797 775 2846 Traberoai
796 2800 824 2869 1.τ
846 2797 936 2850 Paulus
960 2813 1029 2848 socer
1051 2798 1159 2864 quinque
1181 2799 1266 2864 pondo
1289 2817 1326 2850 sr-

257 2893 326 2962 genti
339 2907 372 2940 ax
384 2889 468 2956 praeda
484 2887 643 2937 Macedonica
658 2887 725 2935 dono
744 2887 827 2946 dedit,
840 2901 916 2952 quum
933 2899 1005 2942 antes
1021 2904 1053 2936 ne
1072 2890 1214 2954 scrupulum
1228 2889 1325 2958 quidem

259 2980 353 3044 argenti
364 2977 498 3027 habuisset.
511 2975 603 3042 (valer.
613 2977 682 3024 Max.
696 2973 758 3022 ibid.
770 2991 810 3023 ex.
820 2977 858 3042 9.)
871 2977 950 3037 Hujus
963 2973 1044 3035 filius,
1057 2977 1089 3040 Q.
1102 2977 1201 3026 Tubero
1209 2979 1324 3039 (Stoicus,

261 3077 292 3116 ut
305 3067 417 3132 plerique
431 3065 510 3128 Jcrt),
525 3079 602 3128 quum
612 3063 637 3111 ln
652 3064 737 3112 sunere
749 3064 859 3112 Africani
866 3063 986 3112 avunculi
997 3065 1052 3126 sui,
1068 3077 1158 3130 rogatu
1169 3068 1202 3130 Q.
1210 3067 1324 3124 Maximi,

260 3157 394 3207 triclinium
413 3153 508 3218 populo
525 3162 654 3210 armaret,
668 3151 772 3200 lectulos
792 3131 930 3200 Punicanos
948 3151 1068 3216 pelliculis
1083 3152 1188 3202 haedinis
1204 3155 1324 3213 consede,

261 3255 287 3294 et
297 3259 352 3291 rasa
364 3243 441 3295 Samia
454 3241 581 3306 esposuit3
595 3256 668 3304 qaam
680 3256 831 3304 perversam,
846 3250 874 3289 ut
882 3239 997 3299 aiebant,
1014 3241 1157 3305 sapientiem
1171 3242 1276 3306 populus
1286 3259 1323 3290 ro·

259 3347 364 3388 manua,
378 3329 500 3382 luxuriam
510 3331 559 3392 jam
570 3329 676 3392 primurn
690 3327 806 3385 edoctus,
821 3339 869 3376 tssn
882 3327 988 3392 gratim
1000 3329 1070 3388 tulit,
1082 3340 1110 3377 nt
1119 3329 1196 3378 bomo
1204 3331 1323 3394 integerri-

256 3437 327 3482 nus,
342 3419 402 3467 ciris
411 3419 520 3482 optimus
528 3451 536 3478 ,
545 3427 652 3481 praetura
663 3416 818 3478 dejiceretur.
834 3415 897 3481 (Cic.
906 3433 954 3481 pro
964 3419 1063 3466 Mursa.
1074 3433 1130 3482 cap.
1142 3417 1197 3484 36.)

289 3507 330 3576 (1)
346 3506 398 3556 Cis.
407 3521 454 3570 pro
464 3505 563 3554 Mareu.
572 3521 627 3568 cup.
639 3520 665 3567 9.

290 3593 328 3661 (a)
346 3597 420 3660 «Ego
437 3597 470 3658 Q.
485 3595 618 3644 scevolam
638 3592 898 3656 Augurcm'snemoria
916 3603 1006 3657 teneo,
1022 3593 1091 3642 bello
1112 3595 1233 3654 Memico,
1250 3611 1322 3660 quun

257 3694 319 3734 esset
336 3693 583 3740 summasunmna,
601 3693 626 3729 et
638 3677 732 3744 perdita
745 3681 893 3740 valitudine,
912 3681 1023 3744 quotidie
1037 3681 1109 3730 simul
1126 3695 1201 3747 atque
1221 3683 1322 3744 luceret,

256 3775 334 3822 lacera
346 3769 458 3819 omnibns
472 3768 635 3817 conveniendi
650 3769 689 3816 aui
701 3780 862 3834 potestatema
881 3785 960 3834 neque
976 3785 1032 3818 eum
1049 3771 1179 3834 quisquam
1197 3771 1241 3820 illo
1259 3771 1322 3820 bello

220 3903 222 3920 ,
256 3862 318 3909 vidit
329 3860 356 3908 ia
367 3859 443 3918 lecto,
458 3873 581 3921 senexque
592 3867 616 3905 et
629 3857 715 3906 debilis
726 3857 819 3922 primus
832 3857 945 3906 seuiebat
961 3857 989 3905 in
1002 3857 1095 3905 curiam
1107 3879 1128 3907 s.
1142 3859 1196 3908 cio.
1216 3859 1321 3924 Philipp.
1350 3863 1355 3878 '

261 3950 334 4008 vin,
352 3965 406 4012 cap.
421 3947 501 4003 ro‚in
516 3947 533 3995 f.

292 4035 332 4100 (3)
349 4039 435 4099 Pomp.
445 4035 475 4081 de
488 4034 557 4096 θεὶς.
568 4035 622 4082 Jur.
633 4033 649 4098 S
659 4035 702 4082 36.
713 4033 777 4082 Vide
790 4037 896 4098 Rupert.
910 4051 966 4100 pag.
979 4038 1040 4085 311.

293 4121 333 4188 (4)
349 4121 403 4172 cic.
415 4122 516 4169 Tusonl.
525 4121 594 4185 Disp.
609 4121 651 4169 lib.
661 4125 696 4184 V,
710 4137 764 4187 osp.
777 4124 825 4180 383
839 4122 892 4172 Vel.
907 4125 974 4177 Max.
988 4123 1106 4182 titvtll,
1120 4139 1206 4189 capp,
1218 4139 1255 4172 ss.
1265 4129 1289 4177 t·
