3020 4668
241 390 311 480 toa
558 389 606 462 Μ.
632 393 670 462 Τ.
698 391 995 466 c1cuaou1s

241 532 282 588 tu
299 513 466 588 videlicet
485 529 522 586 et
543 513 589 586 ad
607 513 888 586 custodiendum
914 531 949 589 te
977 517 1316 616 diligentissimum,

241 644 278 700 et
297 626 341 699 ad
360 623 617 724 suspicandum
635 625 919 722 sagacissimum,
937 643 974 700 et
992 628 1038 700 ad
1058 627 1315 701 vindicandum

240 736 479 810 fortissimum
497 733 575 806 fore
594 737 739 833 putasti.
760 735 830 807 Sed
848 761 959 834 quam
981 736 1117 836 longe⁶
1134 739 1278 812 videtur
1294 765 1316 810 a

239 873 381 920 carcere
401 859 510 942 atque
532 869 553 917 a
575 845 729 918 vinculis
750 846 875 930 abesse
897 847 1051 934 debere,
1072 851 1135 947 qui
1154 875 1191 921 se
1210 855 1313 949 ipse⁷

237 959 312 1055 jam
327 958 476 1053 dignum
494 954 658 1027 custodia
672 956 911 1052 judicaverit?
925 961 1016 1051 Quae
1031 985 1146 1058 quum
1166 957 1215 1032 ita
1228 964 1314 1050 sint,

239 1068 411 1154 Catilina,
440 1065 605 1154 dubitas,
626 1067 656 1136 si
680 1065 741 1138 hic
769 1062 906 1138 emori⁸
937 1095 1043 1167 aequo
1080 1072 1203 1143 auimo
1236 1096 1314 1142 non

239 1193 364 1278 potes,
382 1176 482 1249 abire
498 1178 536 1248 iu
556 1176 694 1273 aliquas
710 1191 843 1266 terras,
861 1195 898 1250 et
915 1181 1025 1251 vitam
1044 1183 1168 1270 istam,
1189 1181 1314 1253 multis

238 1289 423 1388 suppliciis
451 1289 557 1384 justis
589 1286 793 1386 debitisque
820 1302 1000 1388 ereptam,
1026 1286 1120 1388 fugae
1147 1289 1315 1363 solitudi-

237 1403 349 1499 nique
369 1398 563 1470 mandare?

288 1509 413 1599 Refer,
439 1512 581 1607 inquis,
606 1507 651 1579 ad
671 1523 863 1579 senatum:
885 1507 921 1579 id
939 1509 1035 1581 enim
1055 1509 1235 1608 postulas,
1256 1523 1313 1597 et,

239 1624 269 1695 si
296 1621 357 1694 hic
380 1619 500 1693 ord09
523 1618 665 1718 placere
688 1617 757 1690 sibi
783 1617 1003 1710 decreverit,
1027 1633 1063 1692 te
1087 1623 1140 1693 ire
1162 1625 1201 1692 in
1223 1621 1313 1692 exsi-

220 1719 352 1822 lium,
375 1732 714 1831 obtemperaturum
742 1744 778 1802 te
801 1755 879 1802 esse
908 1730 1006 1802 dicis.
1032 1735 1116 1804 Non
1137 1728 1313 1821 referam,

240 1847 278 1920 id
293 1849 393 1947 quod
410 1846 584 1919 abhorret
601 1871 621 1917 a
635 1849 723 1919 meis
739 1845 904 1918 moribus
914 1857 964 1935 ¹⁰;
983 1862 1153 1919 ettamen
1167 1845 1314 1934 faciam,

239 1974 281 2031 ut
306 1958 535 2056 intelligas¹¹,
560 1956 652 2055 quid
680 1957 719 2028 hi
743 1953 788 2028 de
817 1971 853 2028 te
879 1959 1047 2029 sentiant.
1070 1955 1249 2056 Egredere
1267 1981 1314 2030 ex

237 2068 352 2158 urbe,
376 2067 549 2156 Catilina3
577 2066 691 2138 libera
718 2064 982 2165 rempublicam
1007 2083 1132 2156 metu;
1156 2067 1194 2138 in
1218 2072 1314 2139 exsi-

241 2181 351 2267 lium,
386 2181 415 2250 si
445 2178 539 2250 hanc
564 2201 690 2249 vocem
716 2193 922 2276 exspectas,
949 2176 1191 2278 proficiscere.
1214 2176 1315 2270 Quid

241 2306 295 2365 est
328 2289 507 2363 Catilina?
534 2288 665 2386 ecquid
694 2289 875 2362 attendis?
900 2289 1032 2386 ecquid
1060 2288 1315 2362 animadvertis

242 2401 377 2474 horum
396 2400 603 2472 silentium?
626 2401 832 2498 patiuntur,
856 2415 998 2474 tacent:
1020 2398 1110 2499 quid
1128 2415 1314 2498 exspectas

242 2513 493 2585 auctoritatem
517 2508 771 2606 loquentium,
798 2535 957 2608 quorum
978 2512 1203 2584 voluntatem
1227 2515 1312 2582 taci-

241 2637 365 2694 torum
397 2619 594 2718 perspicis?
624 2624 670 2691 At
698 2622 728 2690 si
756 2619 828 2694 hoc
858 2620 952 2692 idem
984 2621 1072 2694 buic
1094 2618 1314 2694 adolescenti

277 2858 757 2928 &QuamlongeQumvlsplernmque
797 2859 1314 2923 jucundum»,i.e.enrnirmllomtevivere

240 2943 284 2992 ille
300 2959 327 2991 re
343 2928 461 2990 custodia
480 2939 585 3003 publice
602 2937 696 2996 tradat,
713 2938 757 3001 qni
800 2953 948 3003 nonpone,
958 2939 1099 2988 alterumn
1112 2940 1251 3006 eligendum
1263 2949 1314 2998 eet,

244 3021 384 3072 innocentia
393 3019 469 3068 fretus
479 3019 600 3077 videatur,
608 3017 668 3065 illud
676 3028 757 3064 umen
799 3027 828 3066 ut
840 3017 881 3066 vel
894 3018 957 3076 vita,
974 3018 1014 3066 vel
1027 3017 1088 3067 urbe
1103 3019 1188 3067 saltem
1203 3018 1314 3070 excedat.

242 3103 270 3152 in
278 3101 409 3153 Catilinam
418 3109 587 3164 argumentum
596 3107 696 3160 torquet
704 3111 758 3144 ora·
800 3097 909 3161 eiigitur
917 3097 1081 3163 :quoanimo
1089 3099 1153 3147 mori
1162 3113 1214 3147 non
1223 3098 1315 3163 pouit,

243 3193 292 3243 tor,
306 3180 375 3245 quati
391 3178 547 3226 conscientie
564 3176 669 3225 stimuli·
687 3186 757 3224 nctus
800 3188 909 3242 eupemt
919 3189 947 3226 ut
959 3178 1031 3228 abeat
1043 3179 1070 3226 in
1082 3179 1203 3228 exsilium.
1216 3179 1314 3230 umet.

243 3277 269 3309 ee
282 3260 364 3323 legum
376 3256 477 3306 arbitrio
486 3255 574 3305 dedere
587 3267 696 3320 cogetur.
800 3259 888 3306 frustra
908 3267 966 3322 post
986 3256 1045 3310 edd.
1065 3276 1103 3324 pr.
1123 3259 1256 3308 onerari·
1272 3257 1314 3307 de-

281 3355 306 3400 p.
320 3339 351 3385 Se
362 3336 412 3400 ipse
420 3335 477 3400 jam
490 3333 600 3400 dignum.
611 3334 691 3398 Olim,
707 3355 719 3378 ι
730 3349 757 3382 ιο
800 3335 889 3388 fendit.

243 3418 324 3483 ipsum
337 3437 359 3464 ι.
378 3413 489 3464 hmbin.
513 3414 621 3475 deinde,
642 3413 757 3476 «iudiea-
837 3432 864 3480 9.
882 3414 930 3465 Ht'c
944 3415 1012 3465 ordo.
1026 3415 1315 3466 siaemtoremiltm

244 3499 277 3546 rit
285 3518 307 3543 a.
317 3497 342 3544 J.
352 3494 385 3541 V·
393 3494 421 3542 Ia.
801 3506 871 3545 tunm
880 3495 1042 3544 decreverint.

281 3577 306 3623 8·
329 3574 370 3624 sle
388 3572 485 3621 Victor.
506 3573 588 3622 θην.
610 3569 708 3620 Lenem.
732 3582 758 3620 et
840 3579 918 3623 10.A
933 3574 1116 3625 cucumeribus.
1132 3574 1235 3624 Alienus
1248 3575 1314 3622 enim

243 3647 758 3721 nuperroltuogmtemeeeksehflu.
801 3655 888 3703 Cicero
904 3669 918 3702 a
931 3654 1020 3703 duritia
1032 3653 1093 3712 fuit,
1111 3654 1217 3719 ideoque
1228 3653 1262 3704 ed
1275 3669 1315 3702 ee·

243 3734 405 3787 absententia
412 3731 523 3782 habeut:
534 3733 758 3796 Sinonpoteute
801 3744 884 3782 natum
899 3734 989 3782 referre
1007 3732 1103 3795 noluit,
1122 3733 1167 3798 qui
1185 3749 1241 3782 eum
1262 3733 1316 3782 nine

242 3819 372 3882 impetrare
380 3810 758 3876 uthicmorlarimttranquille
800 3811 878 3861 dubio
902 3813 1045 3862 damnasset.
1069 3813 1130 3861 lude
1157 3829 1241 3862 verum
1263 3827 1315 3860 non

243 3899 317 3944 vitam
335 3893 419 3956 dulae,
435 3893 478 3942 eed
497 3891 584 3941 debite
606 3906 686 3956 prena
707 3906 757 3939 mt-
800 3891 874 3940 fuisse
882 3893 1153 3956 patet,Carilinam‚nt
1162 3890 1316 3950 nemenio,

243 3985 316 4037 nent,
326 3975 383 4039 luge
391 3974 450 4023 hinc
460 3972 486 4020 in
494 3971 660 4022 solitudinem.
673 3971 756 4034 Quum
800 3987 831 4020 ex
840 3971 905 4021 scto
914 3971 975 4020 urbe
983 3971 1159 4032 abirejneaum.

244 4041 309 4102 enirn
322 4055 409 4105 Cicero
418 4053 469 4113 jam
485 4063 555 4103 antea
573 4051 663 4100 dixerit
680 4069 703 4100 c.
718 4052 754 4100 e:
839 4067 879 4099 ιι.
895 4053 926 4099 Ut
939 4050 1070 4116 intellr'gas.
1091 4052 1183 4100 Eorum
1200 4049 1316 4111 silentio,

243 4156 256 4176 κ
265 4133 324 4182 Νοιι
336 4147 408 4198 poete
418 4131 529 4182 Catilinae
538 4133 602 4180 hanc
615 4131 694 4180 lucem
704 4145 756 4180 eece
799 4147 876 4196 quum
889 4141 914 4180 te
924 4129 1007 4196 egredi
1013 4129 1098 4191 jubeo.
