2956 4676
371 328 565 398 onorio
589 332 693 400 ruo
719 333 760 400 A.
785 279 1072 404 ctu-nnrro.
1179 333 1253 407 ns

176 464 282 524 serat.
296 451 370 542 Qui
384 449 456 522 hoc
465 449 708 540 confitentur,
731 467 886 550 possunt
903 453 994 525 illud
1010 453 1143 526 iidem²
1156 455 1256 553 judi·-

177 564 274 634 cium
292 561 402 634 fuisse
414 558 611 634 defendere
621 559 636 605 ³
647 565 661 636 l
674 569 770 660 Ergo
785 563 939 656 idcirco,
949 566 1089 662 inquit,
1104 565 1257 638 infestus

175 687 259 744 tum
277 673 432 771 praetori
450 673 558 744 lunio
577 669 667 761 fuit,
691 671 793 771 quod
816 673 905 746 illud
927 673 1105 768 judicium
1127 700 1256 748 corru-

176 797 282 882 ptum
299 807 366 880 per
385 807 467 854 eum
489 782 697 883 putabatur.
726 786 823 857 Num
855 785 965 881 igitur
989 784 1063 856 boc
1090 798 1258 883 ternpore

176 915 286 966 causa
305 907 442 964 mutata
460 895 532 965 est?
546 917 637 966 num
653 894 722 966 alia
735 919 809 982 res,
824 894 891 966 alia
903 895 995 966 ratio
1008 895 1102 967 illius
1114 893 1257 989 judicii,

175 1004 247 1076 alia
268 1019 399 1076 natura
416 1005 527 1076 totius
545 1005 681 1102 negotii
701 1029 801 1077 nunc
817 1019 888 1091 est,
905 1029 947 1078 ac
969 1019 1047 1076 tum
1065 1002 1156 1086 fuit?
1173 1010 1255 1078 Non

175 1117 331 1213 opinor,
355 1115 457 1186 exiis
474 1113 604 1204 rebus,
628 1139 709 1212 qnae
727 1129 834 1213 gestae
848 1129 949 1204 sunt,
966 1139 1046 1186 rem
1064 1113 1176 1186 ullam
1191 1141 1256 1213 po-

174 1227 288 1296 tuisse
303 1224 446 1296 mutari.
459 1225 557 1314 Quid
571 1248 658 1324 ergo
676 1239 731 1296 est
744 1249 874 1314 musto,
896 1224 996 1322 quod
1013 1221 1113 1296 nunc
1129 1239 1255 1300 nostra
1322 1239 1325 1246 '

173 1332 341 1407 defensio
364 1334 532 1410 audiatur
559 1349 660 1406 tanto
681 1335 844 1427 silentio,
873 1351 962 1408 tunc
991 1336 1100 1407 iunio
1127 1334 1251 1407 delen-

172 1443 290 1516 dendi
310 1445 365 1518 sui
383 1457 543 1543 potestas
567 1459 691 1544 crepta
707 1446 775 1517 sit?
791 1446 886 1538 Quia
900 1461 977 1517 tum
991 1447 1029 1516 in
1043 1469 1150 1522 causa
1163 1445 1256 1518 nibil

174 1570 271 1644 erat,
295 1569 424 1653 praeter
445 1553 638 1643 invidiam,
664 1580 850 1646 errorem,
877 1557 1140 1654 suspicionem,
1165 1577 1253 1626 con·

171 1667 299 1738 ciones
311 1665 560 1764 quotidianas,
571 1665 740 1738 seditiose
750 1691 792 1738 ac
804 1664 1029 1764 populariter
1042 1667 1256 1740 concitatas..

169 1775 376 1848 Accusabat
389 1775 560 1846 tribunus
576 1774 692 1874 plebis
708 1775 805 1848 idem
823 1777 861 1846 in
878 1774 1135 1865 concionibus,
1156 1776 1253 1848 idem

173 1886 222 1959 ad
242 1885 427 1975 subsellia;
448 1884 494 1957 ad
502 1886 680 1983 judicium
697 1913 773 1959 non
785 1886 896 1960 modo
913 1884 959 1960 de
975 1891 1171 1975 concione,
1189 1885 1253 1958 sed

169 1999 281 2070 etiarn
295 2022 379 2069 cum
391 1997 468 2096 ipsa
478 1997 656 2070 concione
670 1997 848 2069 veniebat.
864 1997 1007 2071 Gradus
1020 1998 1070 2069 illi
1081 1997 1217 2070 Aurelii
1225 1995 1252 2085 ⁵,

170 2123 256 2180 tum
269 2109 372 2196 novi,
394 2109 497 2205 quasi
513 2132 581 2205 pro
595 2108 738 2180 theatro
755 2108 808 2180 illi
823 2109 960 2205 judicio
978 2105 1142 2180 aedificati
1153 2106 1251 2178 vide·

170 2219 309 2292 bantur
322 2249 331 2291 :
344 2243 440 2318 qnos
451 2217 516 2290 ubi
526 2234 714 2291 accusator
726 2222 912 2293 concitatis
925 2217 1136 2291 hominibus
1151 2242 1248 2288 com-

170 2331 303 2430 plerat,
324 2357 401 2404 non
420 2331 532 2402 modo
557 2330 701 2402 dicendi
721 2330 768 2402 ab
796 2328 898 2417 reo⁶,
918 2329 983 2403 sed
1003 2354 1051 2401 ne
1074 2327 1248 2426 surgendi

170 2439 323 2539 quidem
342 2455 503 2540 potestas
521 2455 607 2512 erat.

221 2553 349 2650 Nuper
358 2551 456 2651 apud
468 2556 509 2623 C.
521 2551 736 2624 Orchinium
744 2551 954 2650 7,collegam
966 2573 1107 2639 meum,
1120 2545 1245 2621 locus8

169 2766 242 2809 reus,
255 2759 280 2798 et
292 2765 334 2798 sue
348 2749 436 2813 cuique
450 2746 574 2813 questioni
587 2765 629 2797 eeu
641 2748 685 2796 tsi·
766 2758 790 2807 4.
808 2751 910 2798 Proetor.
925 2749 983 2812 Quo
1003 2757 1127 2812 quarente
1145 2746 1175 2795 de
1189 2763 1245 2796 cor·

168 2829 257 2878 buneli
269 2827 386 2877 attribute
398 2829 499 2877 crimina
512 2838 606 2887 essent,
622 2827 685 2876 sole·
728 2826 944 2892 nrptisjndicibne
959 2827 1085 2876 demortui
1097 2835 1135 2874 est
1147 2827 1244 2874 innius.
1328 2863 1330 2870 ,

168 2909 215 2958 bet
240 2919 323 2957 umen
345 2919 472 2958 eecnutor
498 2917 523 2956 et
548 2919 628 2956 oeten
650 2909 685 2956 rei
765 2907 791 2956 6.
805 2906 903 2955 Gradus
915 2905 954 2955 itti
964 2904 1069 2955 Aurelii.
1084 2906 1159 2953 Erant
1170 2903 1206 2952 illl
1217 2905 1243 2952 in

166 2987 354 3048 sententiose
365 2989 398 3036 ed
406 3004 456 3036 rem
466 3004 517 3036 non
529 2987 684 3052 pertinentis,
728 2985 784 3034 foro
797 3002 899 3035 romano
914 2985 983 3034 bend
998 2982 1114 3049 procule
1130 2982 1247 3032 tribuneli

168 3070 281 3136 proferre
293 3067 383 3132 quibus
394 3067 484 3132 saepius
491 3066 587 3129 jndices
597 3065 684 3129 impel-
728 3076 753 3114 et
761 3083 775 3114 a
784 3063 917 3124 subselliis,
928 3063 1070 3124 ubijudicie
1080 3061 1242 3111 habebuntur.
1345 3053 1347 3064 ¹

167 3147 291 3197 lebenter.
323 3148 409 3212 lteqne
440 3146 524 3194 Attius
556 3143 686 3194 contendit
728 3145 903 3209 Digitoeutem
916 3143 972 3193 illos
985 3143 1136 3192 monstrabat
1150 3151 1241 3193 orator.

168 3227 252 3294 specie
261 3226 361 3291 quidem
369 3237 470 3290 propter
479 3225 542 3274 dnae,
552 3225 618 3288 leges
629 3223 685 3271 vio·
728 3225 767 3275 Cl.
778 3241 825 3290 pro
841 3225 941 3283 Flacco,
955 3225 1004 3283 eli;
1021 3239 1068 3288 pro
1081 3225 1185 3282 Sextio,
1199 3225 1242 3282 15;

169 3307 245 3366 larse,
258 3305 302 3354 sed
312 3307 391 3370 seipse
405 3315 506 3371 propter
516 3313 659 3369 corruptum
670 3319 684 3351 a
727 3305 754 3353 in
767 3305 817 3354 Ple.
837 3305 862 3354 5.
876 3330 912 3342 -
928 3302 999 3352 Nori.
1018 3303 1114 3368 Nempe
1127 3302 1242 3351 videntur

168 3386 285 3437 menno
306 3385 426 3447 juilleinnr
447 3385 522 3434 inisse
544 3384 684 3432 demnatum
728 3381 1242 3446 edilioetie.U.C.678,qnoC.Anrelius

168 3466 282 3516 ludum.
449 3451 452 3458 ¹
727 3465 799 3514 Corte
813 3463 966 3512 consulatum
979 3477 1035 3510 enin
1050 3463 1154 3510 Osterio
1170 3461 1243 3524 gessit

206 3561 234 3594 n.
253 3545 318 3594 uate
329 3545 389 3594 olim
403 3545 482 3605 idun,
497 3555 522 3596 et
534 3561 584 3595 non
590 3543 681 3611 fuisse.
727 3555 753 3593 et
767 3544 798 3593 eb
813 3559 843 3592 eo
859 3559 949 3592 nornen
967 3542 1099 3606 recepisse.
1116 3539 1242 3589 Jndioiurn

169 3624 289 3673 Voculam
309 3643 359 3674 non
381 3626 453 3691 plene
474 3627 587 3690 ignorent
605 3624 680 3676 codd.
727 3625 963 3673 eutemJnniienno
975 3623 1027 3684 ⁶⁷9
1041 3621 1131 3668 lectum
1145 3627 1189 3666 est.

168 3704 240 3768 regii.
251 3705 315 3754 m.
329 3707 357 3755 L.
761 3706 788 3754 6.
807 3704 847 3752 Ab
863 3719 915 3753 reo.
933 3705 983 3752 Pro
1002 3715 1100 3748 reo.-
1114 3696 1242 3763 Suoeendt'ss

206 3787 231 3836 3.
247 3787 389 3852 Defenden.
402 3788 453 3850 in
463 3787 568 3834 fatentur
579 3787 681 3835 tuntum
725 3785 831 3848 Propter
841 3783 946 3831 turbem.

167 3863 208 3914 bie
224 3865 319 3931 legibue
336 3851 525 3914 condemnetnin
537 3883 603 3924 esse,
614 3868 683 3930 qnod
765 3881 788 3926 7.
811 3863 837 3911 G.
858 3859 1009 3908 omnnium.
1032 3857 1076 3905 Ille
1089 3857 1115 3904 ln
1136 3865 1242 3921 pitture

167 3957 253 3995 contre
271 3947 344 3995 atum
362 3945 438 4009 legens
447 3945 603 4011 peccavisset,
621 3961 683 4011 quo·
727 3942 852 3994 Ciceronis
862 3939 954 4012 college
965 3949 1031 3996 eret,
1044 3951 1073 3984 ee
1087 3935 1117 3982 de
1126 3935 1239 3998 peculatu

165 4025 242 4075 modo
258 4038 363 4092 possunt
379 4025 528 4075 contendere
541 4024 602 4073 illud
614 4025 683 4088 judi·
727 4021 867 4089 qnoerebet,
882 4017 1002 4066 atridem
1013 4025 1047 4064 est
1060 4031 1113 4080 rep.
1128 4015 1170 4064 ⁵3.

169 4106 234 4156 cium
244 4123 330 4156 serum
341 4107 466 4169 etinctum
475 4105 567 4154 fuisse?
766 4103 789 4150 Β.
810 4102 896 4147 Locos.
915 4099 999 4170 anns
1016 4105 1142 4144 arcueetue
1158 4095 1242 4142 inissa
