2976 4670
388 393 581 462 orsrro
606 393 709 482 rao
736 399 776 465 L.
804 397 1042 468 nonnas.
1183 393 1254 493 569

181 515 327 613 collegae
344 518 398 584 tui
413 513 451 583 i:
470 527 597 586 contra
615 539 726 611 quern
749 514 905 588 multum
931 532 992 591 tua
1014 541 1137 608 mens,
1161 521 1253 591 mul·

179 638 257 694 turn
272 645 400 694 omnes
409 622 498 693 boni
509 623 766 722 providerunt,
783 629 848 722 qui
863 641 899 698 te
914 627 960 698 ad
970 626 1178 700 tribunatus
1192 653 1254 728 pe-

181 733 348 804 titionem
366 747 598 804 vocaverunt.
620 736 771 824 Omnia,
788 759 869 833 quae
885 759 950 833 per
967 736 1039 810 hoc
1055 741 1256 810 trienninm

176 835 309 940 agitata
333 857 437 930 sunt,
456 843 529 938 jam
550 841 596 913 ab
620 867 664 914 eo
686 858 873 942 tempore,
895 869 971 942 quo
991 871 1013 916 a
1034 851 1073 917 L.
1097 847 1252 920 Catilina

177 968 214 1024 et
232 957 297 1024 Cn.
312 956 441 1023 Pisone
460 952 592 1024 initum
612 952 803 1026 consilium
819 952 991 1026 senatus⁵
1010 953 1254 1030 interficiendi

177 1065 274 1135 scitis
289 1087 384 1152 esse3
399 1063 438 1133 in
453 1062 520 1134 hos
534 1061 627 1152 dies,
643 1068 680 1133 in
693 1064 760 1136 hos
778 1089 940 1154 menses,
959 1067 997 1136 in
1016 1066 1088 1139 hoc
1103 1081 1249 1167 tempus

176 1188 385 1272 erumpunt.
405 1177 478 1266 Qui
494 1174 596 1246 locus
614 1189 686 1263 est,
700 1174 862 1270 judices,
877 1177 979 1274 quod
997 1191 1166 1276 tempus,
1182 1181 1248 1277 qui

176 1283 273 1372 dies,
288 1307 370 1382 quae
384 1309 481 1372 nox,
503 1309 619 1383 quum
641 1309 708 1382 ego
728 1310 804 1357 non
823 1309 867 1357 ex
884 1289 1038 1359 istorum
1056 1289 1194 1360 insidiis
1208 1313 1251 1362 ac

177 1391 448 1482 mucronibus⁶‚
460 1420 536 1466 non
553 1394 669 1467 solum
685 1419 790 1484 meo,
804 1398 865 1469 sed
885 1398 1002 1470 multo
1018 1402 1123 1470 etiam
1138 1403 1252 1498 magis

176 1504 300 1576 divino
319 1506 492 1578 consilio⁷
517 1508 649 1607 eripiar
671 1507 961 1605 atqueevoleml
976 1513 1104 1609 Neque
1117 1511 1177 1582 isti
1190 1533 1249 1581 me

175 1637 258 1686 meo
290 1618 438 1688 nomine
468 1615 645 1702 interfici,
671 1618 735 1690 sed
763 1619 971 1715 vigilantem
993 1620 1179 1692 consulem
1201 1617 1248 1691 do

175 1725 381 1823 reipublicae
411 1728 576 1825 praesidio
602 1726 825 1800 demovere⁸
855 1731 1004 1818 volunt3
1031 1755 1103 1802 nec
1128 1733 1248 1802 minus

174 1835 328 1925 vellent,
351 1841 460 1926 Cato,
481 1852 518 1910 te
539 1838 830 1936 quoque-aliqua
848 1843 1005 1929 ratione,
1027 1843 1057 1914 si
1076 1856 1245 1939 possent,

210 2069 234 2126 4.
249 2067 353 2133 Collega
366 2067 409 2118 ersi.
423 2067 453 2116 Id
464 2079 516 2131 est,
529 2069 624 2118 Metelli
637 2071 688 2120 Ne·
732 2070 838 2120 delestis
849 2069 1076 2120 interficiendorum
1083 2087 1167 2135 essu,
1176 2089 1247 2138 pere·

174 2147 253 2210 potis,
264 2147 382 2212 designati
397 2148 498 2198 trilruni.
513 2151 563 2213 Qni
576 2165 687 2214 quumse
731 2147 822 2198 visses.

172 2225 220 2272 hoo
229 2243 295 2274 anno
307 2227 456 2278 tribunatum
467 2229 687 2294 plebispetiturum
769 2228 793 2274 6.
804 2227 846 2275 Ex
860 2228 961 2276 istorum
973 2229 1068 2277 ineidir’s
1080 2247 1112 2276 cc
1123 2230 1247 2288 muerorsr'-

173 2319 224 2352 esse
243 2305 412 2369 profiteretur,
427 2309 465 2358 Μ,
485 2311 564 2371 Ceto,
582 2309 645 2357 male
658 2309 688 2358 de
732 2304 782 2355 bas.
797 2307 863 2354 Hinc
879 2307 920 2355 ills
931 2309 1091 2367 exclamatio,
1107 2309 1246 2358 oret.1Vin

173 2383 216 2430 illo
236 2385 355 2444 sentiens,
378 2386 527 2437 tribunatum
540 2389 643 2452 etipse,
660 2399 688 2437 nt
732 2381 1029 2452 Catilin.«1igosumille
1044 2388 1145 2448 consul,
1163 2399 1245 2453 patres

173 2466 224 2526 eius
238 2464 331 2528 perdite
344 2465 446 2514 consilis
458 2467 592 2532 frangeret,
605 2480 687 2532 perere
731 2465 880 2530 conscripti,
902 2467 944 2514 cui
964 2481 1017 2515 non
1035 2468 1130 2530 sorum,
1149 2468 1176 2514 in
1195 2483 1245 2530 quo

172 2543 267 2604 voluit;
277 2543 425 2612 quodquam
432 2545 582 2606 Plutarchus,
588 2557 639 2595 tum
647 2549 687 2596 ct.
731 2543 811 2591 omnis
831 2547 930 2609 equitas
942 2547 1082 2594 continetur
1092 2563 1099 2608 3
1111 2561 1162 2594 non
1180 2561 1248 2596 esm-

172 2639 230 2672 cero
243 2624 297 2689 ipse
321 2623 393 2674 docet
406 2625 565 2690 sequentibus
585 2623 687 2675 verbisr
729 2635 791 2684 put,
803 2623 972 2674 consules-ibere
990 2625 1106 2690 auspiciis
1121 2639 1246 2676 conescw

171 2704 279 2752 «Contra
289 2719 361 2768 qnem
372 2704 629 2762 mahometanum»,
638 2716 684 2754 etc.
730 2709 782 2759 tue;
801 2716 853 2748 non
876 2704 960 2762 curie,
983 2721 1104 2754 summum
1124 2704 1243 2756 suxilium

171 2783 280 2846 [inprobi
289 2785 364 2831 enimi
374 2786 470 2848 signum
479 2784 540 2832 illuri
550 2785 592 2832 hic
602 2784 686 2832 Metel·
729 2779 839 2825 omnium
853 2782 975 2842 gentium
989 2799 1040 2830 non
1053 2778 1160 2842 domus,
1177 2800 1245 2831 com-

170 2863 222 2920 lus,
235 2865 400 2927 magistratum
419 2865 555 2928 ingressus,
579 2863 684 2927 primum
728 2873 802 2904 mune
827 2861 980 2923 perfugium
1014 2877 1066 2908 non
1091 2861 1183 2919 lectus,
1210 2862 1243 2910 erl

171 2941 254 2998 dedit,
266 2957 340 3004 quum
350 2941 430 3005 pridie
441 2941 488 2990 kei.
496 2944 546 3002 jen.
554 2941 684 2989 abeuntem
728 2937 833 3000 quietem
844 2937 925 2998 elatem
936 2956 987 2988 non
1000 2941 1105 3005 deniqne
1111 2941 1164 2989 lues
1173 2941 1244 2990 sedes

171 3020 311 3083 magistratu
336 3020 479 3069 Ciceronem
501 3019 684 3068 concionislrs-
726 3014 910 3078 honoris,eells
923 3019 1241 3084 eurulis,umqussrvecrss

171 3098 258 3147 hercles
265 3100 336 3162 copis
344 3100 464 3163 priserit,
473 3097 572 3147 dicendi
580 3109 684 3162 poteste-
727 3095 812 3142 mortis
823 3097 934 3160 periculo
945 3131 954 3156 ,
967 3107 1040 3162 atque
1052 3097 1147 3146 insidiis
1161 3099 1208 3148 init
1218 3120 1240 3146 n.

171 3191 221 3227 tem
233 3179 255 3225 ei
268 3175 321 3225 fleri
340 3193 431 3242 negans
449 3190 576 3243 oportere,
596 3179 683 3240 quiin
764 3190 788 3233 7.
808 3174 896 3224 nstro
919 3177 1031 3226 consilio,
1053 3178 1088 3226 ilt
1099 3189 1124 3225 et
1138 3179 1164 3226 in
1182 3195 1238 3226 ore-

169 3257 231 3306 slios
255 3257 464 3307 animadvertisset
485 3257 578 3306 indicte
601 3273 682 3306 esua.
727 3252 795 3300 tione
808 3267 854 3316 pro
869 3253 1235 3314 salmaonttinmosselee,

171 3335 249 3400 Epist.
258 3338 295 3394 V,
309 3351 334 3384 s,
727 3331 798 3380 robis
810 3331 877 3380 enin
890 3333 994 3382 tribum
1006 3345 1062 3398 qaae
1075 3345 1155 3384 vestre
1166 3347 1239 3393 sust,

206 3415 231 3466 5.
247 3419 350 3464 &natus
360 3415 528 3484 rieterfieiersds'.
539 3417 576 3464 M.
587 3415 682 3480 lepido
726 3427 771 3458 neo
784 3427 843 3460 rem
855 3426 956 3476 possum
967 3429 1022 3462 meo
1032 3424 1127 3462 tuton
1138 3415 1237 3476 ingenio

169 3506 194 3544 et
205 3496 320 3545 Volcatio
334 3496 407 3544 Tollo
421 3511 484 3544 coes.
504 3495 608 3544 Cetilins
627 3511 682 3544 curn
727 3490 798 3550 dare,
812 3501 841 3539 ot
854 3502 892 3540 tot
905 3508 955 3550 res,
975 3503 1070 3552 renus,
1084 3503 1134 3540 tans
1147 3493 1237 3554 rsrise,

170 3575 257 3622 Pisone
273 3577 380 3639 primurn
401 3575 457 3624 iniit
478 3575 680 3636 conjurationem.
728 3579 776 3617 tem
784 3569 1021 3634 repentinss,inilla
1032 3569 1239 3620 turbulentissime

170 3653 258 3703 Cimo
269 3656 380 3702 omilim
401 3654 480 3718 prim
497 3655 525 3701 in
537 3653 683 3706 Catffimm:
728 3657 872 3712 impellite
882 3649 1025 3714 reipultllcae
1038 3665 1092 3698 mel
1104 3661 1193 3712 §ponte
1207 3649 1244 3696 tli-

169 3753 182 3774 «
191 3735 308 3782 Potestne
319 3734 364 3781 tibi
373 3734 445 3794 huius
456 3734 512 3782 vitae
520 3733 563 3781 lux
571 3734 683 3795 Catilina,
728 3729 849 3791 spexerim
859 3749 880 3776 s.

169 3823 213 3860 eut
225 3812 300 3873 hujus
308 3813 361 3860 eseli
373 3813 473 3877 spiritus
481 3829 533 3860 esse
543 3813 683 3873 jucundus,
765 3807 788 3854 Β·
796 3806 1027 3869 ὒσΜνσνσ.Νι“ε-
1036 3805 1241 3860 Hert-Mitule·

169 3905 245 3954 quum
259 3892 320 3938 scias
333 3891 420 3938 horum
434 3907 486 3939 esee
495 3893 628 3950 neminem,
642 3893 685 3956 qni
729 3893 858 3943 dimovere.
870 3893 953 3940 lamb.
967 3889 1166 3951 dimoverirejue
1176 3907 1248 3956 repes

168 3971 260 4018 nesciet
274 3981 299 4018 te
314 3967 394 4033 pridie
412 3970 460 4019 ksl.
477 3971 528 4031 jen.
543 3970 636 4034 Lepido
658 3983 683 4020 et
727 3973 813 4020 tiroree
835 3971 961 4018 demovere
988 3969 1020 4019 sd
1050 3985 1136 4018 ornnes
1157 3983 1242 4033 postea

168 4049 242 4098 'Iirllo
264 4065 326 4097 coss.
349 4050 442 4097 stetisse
460 4049 488 4097 in
504 4050 604 4098 comitio
626 4065 682 4098 curn
727 4051 886 4099 transmisisse
899 4051 934 4097 sit
947 4047 1146 4112 Gerston.quorl
1162 4059 1241 4096 tarsen

63 4183 67 4188 Ι
167 4129 234 4176 telo?
244 4129 495 4188 transsumentem
509 4140 532 4177 et
542 4130 680 4194 principum
726 4147 739 4177 s
753 4129 818 4178 binis
831 4129 931 4176 Venetis
944 4127 1052 4193 antiquis
1066 4124 1234 4176 confirmetur.
