2958 4670
271 357 339 430 510
588 357 635 425 M.
662 353 701 424 T.
728 355 1016 428 CICERONIS

271 479 362 578 grati
369 475 396 546 ⁶.
416 474 526 566 Quod
544 477 573 546 si
586 475 669 546 licet
686 473 850 547 desinere
862 489 887 564 ⁷,
902 481 930 546 si
950 493 985 548 te
1002 494 1148 552 auctore
1167 505 1335 578 possum,

271 593 299 662 si
315 590 414 662 nulla
433 588 588 676 inertiae,
613 585 712 657 nulla
732 586 909 684 superbiae
932 589 1140 686 turpitud0,
1160 591 1259 663 nulla
1276 597 1336 664 iu·

266 699 612 795 humanitatisoulpa
623 699 828 795 suscipitur,
850 721 918 794 ego
932 723 1018 770 vero
1034 697 1186 773 libenter
1195 701 1335 774 desino.

264 816 325 884 Sin
342 825 464 882 autem
488 807 573 906 fuga
594 807 728 880 laboris
750 805 942 894 desidiam,
971 809 1177 908 repudiatio
1195 813 1336 910 suppli·

267 945 351 993 cum
372 917 604 1018 superbiam,
631 920 829 988 amicorum
858 918 1036 1015 neglectio
1063 921 1336 1018 improbitatem

266 1033 428 1129 coarguit
442 1057 450 1099 ε
464 1030 634 1099 nimirum
648 1028 724 1099 baee
743 1051 847 1102 causa
864 1044 918 1100 est
936 1029 1131 1124 ejusmodi,
1149 1057 1257 1129 qnam
1268 1059 1338 1106 nec

266 1141 483 1228 industrius,
514 1163 582 1212 nec
603 1140 825 1227 misericors,
853 1165 922 1211 nec
956 1139 1139 1212 officiosus
1170 1143 1338 1215 deserere

267 1254 388 1350 possit.
410 1256 529 1348 Atque
549 1249 702 1346 hujusce
720 1251 773 1320 rei
795 1251 1043 1346 conjecturam
1065 1250 1111 1322 de
1133 1265 1198 1322 tuo
1224 1253 1339 1350 ipsius

267 1362 405 1446 studio,
421 1362 538 1447 Servi,
554 1358 722 1430 facillimo
740 1355 910 1459 ceperisss.
935 1363 1026 1433 Nam
1045 1363 1074 1432 si
1097 1361 1164 1433 tibi
1190 1385 1338 1434 necesse

266 1485 393 1571 putas,
409 1472 517 1542 etiam
544 1469 753 1542 adversariis
780 1472 979 1543 amicorum
1000 1487 1166 1560 tuorum,
1185 1471 1339 1568 dejure

268 1578 564 1666 consulentibus,
582 1579 826 1677 respondere;
843 1594 898 1666 et,
917 1583 946 1652 si
960 1593 1067 1680 turpe
1084 1583 1280 1671 existimas,
1299 1599 1339 1657 te

269 1689 490 1772 advocatos,
507 1687 612 1759 illum
631 1691 769 1788 ipsum,
785 1715 897 1786 quem
914 1694 1213 1778 contraveneris,
1232 1717 1341 1765 causa

269 1799 398 1872 endere
421 1825 429 1867 ε
450 1799 528 1870 noli
549 1817 622 1870 tam
641 1823 722 1897 esse
735 1801 910 1896 injustus,
937 1817 999 1890 ut,
1018 1825 1132 1900 quum
1150 1808 1203 1875 tui
1224 1802 1344 1876 sontes

167 1915 172 1936 '
271 1911 331 1982 vel
347 1911 501 1980 inimicis
516 1911 588 1980 tuis
607 1925 772 2007 pateant,
793 1924 936 1982 nostros
951 1913 1085 1984 rivulos
1098 1916 1202 1984 etiam
1219 1914 1344 1985 amicis

268 2034 373 2116 putes
391 2018 534 2090 clausos
558 2041 634 2089 esse
649 2034 830 2116 oportere.
854 2025 1018 2110 Etenim,
1041 2024 1068 2092 si
1088 2043 1146 2094 me
1164 2037 1225 2094 tua
1241 2022 1346 2094 lami-

268 2132 402 2202 liaritas
430 2129 476 2200 ab
506 2119 574 2200 bac
599 2153 706 2200 causa
738 2137 972 2220 removisset,
1002 2148 1038 2204 et
1068 2135 1122 2216 si,
1152 2133 1220 2204 hoc
1244 2131 1345 2204 idem

215 2299 246 2354 ·
267 2244 312 2333 Q.
334 2245 549 2328 Hortensio,
567 2243 615 2310 Μ.
634 2244 825 2330 Crasso¹¹,
851 2244 1052 2314 clarissimis
1070 2233 1174 2331 viris,
1202 2246 1232 2315 si
1252 2249 1350 2326 item,

273 2354 416 2440 ceteris,
435 2351 608 2448 aquibus
631 2351 793 2450 intelligo
813 2367 912 2424 tuam
938 2355 1085 2451 gratiam
1110 2355 1229 2452 magui
1253 2357 1344 2425 aesti·

304 2583 329 2630 6.
341 2582 376 2628 Et
386 2580 476 2640 astuti,
489 2592 514 2628 et
526 2582 624 2647 ingrati.
637 2584 688 2646 Qut
700 2595 724 2632 et
738 2601 782 2649 cpe
825 2593 876 2626 rem
887 2579 995 2627 consillia
1006 2579 1148 2641 adjuverat,
1161 2595 1231 2628 muse
1246 2579 1346 2629 cecide·

269 2671 341 2726 utque
355 2660 534 2723 exspectatione
550 2677 591 2708 aue
609 2661 719 2711 bustrari
733 2678 781 2727 po·
826 2659 872 2718 tlt,
884 2670 970 2708 contre
983 2676 1129 2724 responsum
1139 2672 1220 2710 tuum.

270 2740 354 2804 pulum
372 2754 515 2800 romanum,
534 2750 559 2786 et
578 2739 665 2788 callide
682 2757 781 2789 suorum
864 2753 902 2785 ιο.
923 2740 999 2800 Quom
1018 2751 1105 2786 eontra
1120 2739 1223 2788 veneris.
1240 2739 1344 2789 Adver-

271 2818 455 2866 commodorum
480 2835 551 2866 caum
573 2819 605 2866 ed
629 2831 724 2884 tempus
745 2819 781 2868 illi
824 2816 914 2863 sarium
931 2818 1003 2865 amici
1018 2819 1068 2877 tui,
1085 2828 1169 2866 eontra
1185 2835 1257 2882 quem
1271 2835 1342 2867 nunc

270 2897 402 2956 inservire,
426 2909 452 2946 et
473 2897 587 2946 oblivisci
609 2897 782 2946 beneficiorum
825 2895 908 2954 veuls,
926 2895 1036 2959 quamvls
1050 2913 1104 2945 eum
1121 2897 1170 2945 tuis
1184 2897 1264 2963 primo
1278 2913 1344 2946 eon-

270 2977 500 3041 quoeiuaecollatn
511 2979 782 3037 easeutmaxima,uon
825 2975 885 3022 siliis
904 2975 1033 3036 adjuveris.
1058 2977 1235 3038 Argumentum
1258 2987 1344 3025 eutem

275 3057 403 3106 dubitaret.
825 3055 874 3102 hoe
887 3054 967 3102 beurit
977 3055 1036 3103 lude
1049 3057 1153 3105 Cicero:
1166 3057 1191 3103 st
1206 3068 1233 3103 tu
1246 3072 1277 3104 ne
1289 3057 1343 3104 iui-

308 3153 331 3196 ⁷·
347 3135 421 3196 Quod
431 3134 453 3182 εἰ
463 3133 521 3182 licet
532 3133 648 3183 desinere.
661 3136 719 3184 Non
731 3138 782 3198 iam
826 3132 894 3180 micis
907 3134 1006 3197 quidem
1019 3135 1067 3182 tuis
1079 3135 1162 3183 deesse
1173 3137 1224 3192 via3
1237 3150 1282 3181 cur
1292 3151 1343 3199 ego

271 3213 363 3260 miserie
373 3229 525 3275 succurrere,
543 3224 567 3261 et
578 3230 592 3260 ι
605 3215 682 3262 nolitis
692 3215 783 3263 labori.
826 3211 909 3258 amieis
919 3213 1013 3260 deis?
1026 3215 1178 3276 Qulmqttttm
1189 3227 1234 3274 ego
1248 3213 1275 3259 ln
1287 3224 1343 3260 me

275 3293 320 3340 bur
329 3293 454 3360 respirate.
827 3303 879 3337 ute·
888 3301 1024 3354 parum‚tu
1033 3290 1135 3338 multum
1148 3293 1174 3339 iu
1189 3303 1230 3340 tue
1242 3291 1341 3347 velem

307 3372 332 3420 8.
347 3371 554 3437 conjecturam...
568 3373 669 3434 ceperis.
682 3373 784 3421 Judiea·
827 3379 869 3427 ut,
881 3372 900 3416 ei
913 3385 958 3433 ego
972 3381 1052 3418 tecum
1064 3371 1183 3429 conferat,
1196 3371 1270 3418 rivuli
1282 3385 1343 3418 eum

273 3450 344 3498 veria.
827 3449 936 3497 fontibus
947 3450 1051 3498 coulerri
1060 3449 1198 3499 videamur.

305 3547 330 3594 9.
345 3533 378 3577 Te
387 3527 520 3576 advocato.
533 3529 614 3592 Fingit
628 3529 715 3578 Cicero
729 3531 784 3580 Sul-
867 3543 906 3574 11.
916 3529 946 3592 Q.
957 3527 1098 3585 Hortensio,
1109 3531 1145 3576 M.
1156 3529 1250 3576 Crasso
1260 3529 1343 3576 Unam

270 3611 377 3674 picium,
393 3619 523 3672 postquam
539 3606 571 3654 ab
588 3623 638 3654 uno
654 3609 726 3656 eutici
746 3610 784 3656 eni
828 3621 955 3652 mumma
978 3605 1088 3669 pluribus
1109 3604 1207 3654 delendi
1231 3605 1344 3654 ostendit

270 3689 408 3737 adversario
422 3686 547 3734 consultus
562 3685 624 3734 bene
640 3703 690 3736 rem
704 3701 783 3736 ceseu·
827 3684 928 3740 Cicem,
948 3695 971 3731 et
988 3684 1054 3730 hunc
1074 3699 1165 3731 morem
1183 3683 1342 3747 improbam.

271 3785 321 3816 ratu
339 3765 506 3832 responderit,
523 3767 544 3814 si
557 3775 641 3830 postca
656 3767 687 3814 ab
703 3767 782 3814 amico
826 3763 878 3810 ait:
895 3785 907 3804 ι
917 3763 1003 3826 Neque
1017 3775 1065 3810 tam
1079 3762 1154 3810 multe
1170 3778 1240 3825 quam
1255 3773 1344 3812 nostra

271 3848 403 3896 advocetur
419 3846 491 3893 luerit
503 3857 532 3894 ut
546 3846 698 3910 praesentitur
715 3861 782 3894 auam
827 3841 1204 3906 aetate,judicieliebunt,ueque
1212 3842 1262 3890 boc
1272 3844 1344 3906 quod

272 3928 319 3989 ipsi
334 3925 489 3985 commodet,
505 3936 530 3973 et
542 3925 590 3972 boc
606 3925 660 3988 ipro
671 3925 783 3987 judicum
828 3939 892 3970 nuuc
906 3921 949 3985 lit,
967 3933 993 3970 ut
1011 3939 1089 3970 cauete
1104 3922 1205 3985 ringulae
1225 3921 1344 3970 defende·

272 4005 440 4053 auctoritatem
452 4015 615 4062 commoveat,
630 4016 711 4054 umen
720 4021 783 4068 aegre
827 4015 910 4051 rentur
920 4020 933 4051 ι
944 4003 1067 4068 pluribus,
1080 4019 1129 4066 quo
1140 4002 1200 4050 nibil
1214 4013 1250 4048 eet
1265 4001 1346 4048 uitio-

267 4081 385 4139 latururu,
396 4084 417 4132 si
425 4083 574 4131 adversarius
584 4085 617 4142 ie,
630 4100 702 4147 quem
714 4087 783 4150 prio·
830 4083 878 4130 aius
889 4105 912 4132 n.
