3020 4666
569 349 852 423 EXCURSUS.
913 383 917 394 ·
1182 381 1247 456 ¹97

166 491 218 532 ru.
235 489 267 546 o.
283 488 395 532 mnnx.
414 488 644 546 Qvaasrrrorus.
661 495 783 564 nuum.
794 495 939 539 casnm.
957 474 1080 542 Vereor
1090 476 1194 561 enim,
1206 503 1248 545 ne

167 575 211 640 ad
231 577 368 640 nimiam
388 577 620 664 antiquitatem·
637 579 718 668 lapis
739 597 900 672 assurgat,
917 583 944 646 si
966 607 1043 648 cum
1068 585 1142 652 loco
1167 588 1248 653 Livii

168 679 275 742 nobili
296 693 514 767 comparetur,
535 681 593 766 qui
610 681 708 764 XLV,
730 683 791 765 16,
813 681 854 748 de
870 684 909 748 A.
926 685 1094 774 Torquato
1111 704 1250 776 praetore

167 783 250 848 anni
264 785 305 848 U.
324 787 361 850 C.
382 784 446 851 586
461 786 594 851 scribit:
615 789 764 876 «nequiit
780 790 827 854 ire
847 791 883 854 in
904 777 1122 878 provinciam,
1138 793 1180 858 ad
1197 818 1248 860 res

171 890 327 978 capitales
345 891 536 979 querendas
554 893 641 958 SCto
652 911 830 962 retentus».
852 896 956 962 Judex
975 899 1073 962 rebus
1096 901 1250 966 omnibus
1346 951 1350 958 -

168 995 362 1085 capitalibus
379 997 560 1085 quaerendis
581 1000 691 1089 paullo
712 1001 826 1065 saltem
844 1002 1008 1091 posterior
1025 1025 1095 1069 esse
1114 1004 1248 1073 deberet

168 1124 259 1166 anno
270 1102 335 1180 cos
346 1149 357 1184 ,
370 1123 437 1188 quo
450 1103 553 1191 prima
567 1104 716 1170 instituta
726 1105 792 1172 fuit
803 1108 939 1194 questio
950 1125 1118 1198 perpetua.
1131 1111 1250 1203 Neque

168 1206 212 1272 de
232 1207 403 1273 triumviro
416 1209 542 1297 capitali
559 1209 613 1274 bic
633 1227 681 1276 est
696 1211 927 1302 cogitandum,
946 1215 1019 1302 qui,
1035 1231 1076 1279 ut
1092 1215 1153 1280 alia
1166 1218 1244 1282 mit-

169 1328 256 1394 tam,
283 1335 344 1377 suo
374 1335 502 1404 semper
527 1318 662 1382 nomine
685 1319 875 1406 appellatur.
894 1320 1032 1385 Foedum
1058 1343 1135 1388 saue
1158 1323 1246 1413 glos-

167 1442 260 1485 sema
273 1441 312 1483 ex
324 1418 490 1504 Sallustio,
503 1422 594 1487 Catil.
611 1423 677 1505 LV,
694 1419 731 1506 5,
750 1425 854 1513 perite
869 1425 999 1490 sustulit
1017 1427 1164 1512 Cortius,
1179 1452 1247 1517 quo
1345 1475 1349 1484 ·

168 1526 216 1590 illi
231 1525 372 1590 'I'resviri
389 1524 581 1591 dicebantur
594 1527 867 1621 «judicassemm
884 1531 1069 1620 capitalium
1081 1561 1106 1598 ι.

213 1632 271 1696 IV.
288 1633 338 1696 De
351 1631 467 1714 modu,
484 1655 551 1720 quo
571 1633 605 1696 bi
619 1631 745 1714 judices
766 1651 964 1719 crearentur,
988 1638 1147 1726 comperti
1163 1638 1246 1709 nibil

167 1739 339 1805 babemus.
367 1739 547 1804 Contendit
570 1740 704 1828 quidem
730 1764 861 1806 summo
887 1743 997 1810 studio
1026 1745 1178 1835 Sigonius
1205 1745 1246 1810 de

167 1845 244 1910 Iud
267 1847 315 1928 ll,
336 1843 372 1928 5,
395 1847 599 1935 magistratus
620 1871 676 1915 eos
698 1849 813 1933 fuisse,
839 1849 929 1937 quod
954 1851 981 1914 si
1001 1849 1089 1916 credi
1112 1868 1244 1941 posset,

168 1952 278 2016 omnis
295 1950 456 2017 dubitatio
471 1952 647 2018 tolleretur.
662 1953 727 2018 Sed
749 1955 776 2020 is
795 1957 956 2022 refutatur
969 1980 988 2020 a
1003 1959 1147 2022 Ferratio
1164 1958 1207 2024 ad
1224 1961 1245 2038 4

166 2082 230 2147 pro
251 2061 360 2122 Amer.
381 2057 545 2148 longeque
567 2058 683 2124 melius
702 2060 742 2124 ab
762 2061 825 2152 leg.
847 2085 881 2144 t,
903 2063 944 2127 D.
966 2061 1010 2126 ad
1028 2064 1064 2128 L.
1085 2065 1183 2128 Corn.
1203 2061 1245 2127 de

167 2165 225 2228 sic.
248 2179 310 2228 etc.
327 2162 438 2228 Nihilo
458 2179 567 2229 tanmn
586 2166 695 2230 minus
714 2165 832 2236 eruditi
851 2189 927 2231 curn
944 2167 1147 2256 Schultingio
1169 2165 1191 2232 l.
1216 2192 1243 2234 c.

165 2284 306 2359 putant,
324 2291 379 2335 eos
396 2292 414 2332 a
431 2270 555 2359 populo
574 2271 674 2336 fuisse
688 2288 822 2338 creatos.
836 2272 911 2338 Non
927 2294 1093 2363 repugno,
1104 2288 1143 2337 ut
1154 2273 1187 2336 in
1200 2273 1246 2336 in·

166 2377 275 2440 certis.
300 2377 378 2460 Quo
401 2391 548 2465 tempore
572 2378 605 2441 in
629 2379 812 2468 provincias
835 2379 926 2446 ibant
946 2379 1017 2469 ipso
1040 2379 1245 2468 magistratus

166 2505 256 2548 anno
272 2499 444 2573 praetores,
461 2498 538 2548 ante
552 2485 746 2572 questiones
760 2503 933 2575 perpetuas
950 2485 1130 2569 institutas,
1151 2486 1179 2552 si
1192 2501 1247 2552 cut

166 2589 306 2675 quaestio
316 2603 383 2654 erat
394 2611 503 2653 annua
517 2587 759 2672 demandanda,
770 2613 846 2655 eum
856 2613 875 2656 a
884 2607 1016 2674 senatu,
1028 2593 1078 2656 vel
1093 2591 1246 2680 apopulo

166 2691 266 2783 deligi
291 2710 359 2758 erat
380 2695 714 2785 neccsse.Egregiam
733 2695 817 2770 ride¹
829 2697 953 2765 Dulteri
974 2714 1086 2762 notam
1108 2695 1149 2762 ad
1174 2698 1245 2764 Liv.

167 2801 335 2883 XXXIX,
356 2804 405 2880 14.
422 2800 487 2866 Sed
496 2799 622 2882 judices
639 2802 827 2890 quaestionis
835 2803 889 2866 vix
908 2819 980 2868 tum
994 2800 1106 2867 credas
1118 2801 1245 2868 adhibi·

167 2923 230 2971 tos.
248 2908 404 2996 Exempla
424 2923 503 2972 sunt
520 2907 714 2993 consulum,
730 2909 782 2974 vel
803 2907 964 2990 duorum,
984 2908 1042 2994 qui
1061 2909 1174 2974 Romae
1188 2908 1243 2989 ius

167 3010 333 3094 dicebant,
342 3027 518 3102 praetorum
529 3015 753 3102 :Torquatum
764 3011 906 3101 denique
914 3028 1078 3078 retentum
1089 3011 1246 3082 vidimus.

167 3117 325 3182 Praeterea
353 3119 488 3208 saepius,
517 3142 616 3207 quam
644 3137 774 3208 postea,
803 3120 873 3207 ipse
899 3119 1042 3207 populus
1064 3117 1243 3199 judicabat.
1306 3119 1308 3124 ’

168 3227 376 3309 Quaestiones
394 3251 520 3317 paucae,
538 3244 637 3317 atque
649 3229 816 3293 interdum
835 3244 1045 3311 coacervatae,
1056 3229 1109 3294 rix
1124 3227 1244 3311 judici,

168 3334 225 3421 qui
237 3334 328 3398 solus
340 3349 514 3422 quaereret,
534 3351 633 3423 atque
647 3335 731 3399 infra
744 3334 928 3424 praetoriam
940 3333 1128 3424 dignitatem
1140 3349 1244 3416 esset,

168 3438 277 3503 locum
294 3438 533 3528 relinquebant.
549 3441 599 3506 An
616 3463 694 3505 vero
711 3440 746 3505 in
757 3440 797 3506 iis
810 3440 923 3505 talium
941 3462 1051 3504 rerum
1067 3439 1166 3504 initiis
1182 3441 1245 3507 hos

167 3545 362 3634 praetoribus
372 3544 536 3626 adjutores
543 3546 684 3613 adlectus
696 3547 904 3637 putabimus?
916 3545 1246 3634 Paullatimquoestio-

169 3673 226 3714 nes
237 3651 397 3739 praetoriae
409 3673 446 3715 ac
458 3651 581 3732 judicia
590 3667 782 3717 creverunt:
806 3674 941 3740 quaeres
955 3674 1030 3716 cum
1041 3653 1245 3720 incremento

167 3757 354 3846 reipublicae
376 3757 550 3837 conjuncta
571 3757 645 3823 fuit.
669 3761 801 3847 Itaque,
822 3781 927 3848 quum
947 3779 1002 3822 eos
1023 3755 1142 3847 gradus
1161 3778 1246 3820 con«

166 3861 290 3948 sidero,
304 3862 429 3952 quibus
444 3879 479 3928 et
493 3865 667 3952 imperium
686 3864 892 3953 ampb'licari,
906 3878 939 3927 et
956 3885 1007 3928 res
1019 3861 1107 3926 domi
1121 3863 1250 3926 consti·.

164 3970 233 4052 tui,
247 3987 352 4058 atque
369 3966 411 4032 ad
427 3969 566 4036 formam
582 3969 708 4038 traduci
721 3968 978 4059 splendidiorem
991 3965 1150 4058 oportuit,
1162 3965 1254 4044 dm

161 4101 231 4147 esse
242 4075 347 4144 rideo
365 4075 548 4163 probabiles
560 4097 682 4163 causas,
695 4099 713 4142 a
724 4075 844 4165 quibus
854 4075 974 4142 horum
986 4071 1252 4164 judicumrepeti
