3018 4664
251 337 323 420 dno
574 334 623 402 M.
648 337 687 402 T.
712 334 987 406 CICERONIS

252 455 450 530 eduxisset:
466 454 529 550 qui
542 455 572 524 si
584 453 644 525 bic
654 471 885 554 permanent,
897 467 1135 542 mementote,
1147 473 1223 526 non
1236 469 1310 528 tam

251 565 448 644 exercitum
460 561 561 633 illum
579 587 654 636 esse
666 564 790 650 nobis,
805 589 915 663 quam
929 564 1014 652 hos,
1035 565 1098 660 qui
1112 566 1308 637 exercitum

250 677 505 760 deseruerunt,
526 675 843 771 pertimescendos.
866 679 986 771 Atque
1010 672 1081 743 hoc
1102 675 1209 745 etiam
1224 689 1309 746 suot

249 784 400 858 timendi
414 785 546 882 magis,
570 783 691 880 quod,
717 782 806 882 quid
823 787 1001 882 cogitent,
1028 807 1087 854 me
1109 787 1198 856 scire
1224 809 1306 856 sen-

246 902 360 984 tiunt,
377 917 496 992 neque
514 908 635 964 tamen
654 908 921 991 permoventur.
952 892 1084 980 Video,
1103 897 1163 964 cui
1178 895 1307 992 Apulia

245 1007 292 1078 sit
310 1004 500 1091 attributa,
519 1004 584 1099 qui
600 1001 731 1074 habeat
752 1006 951 1091 Etruriam,
970 1005 1034 1101 qui
1060 1027 1186 1101 agrum
1211 1006 1308 1076 Pice·

244 1141 354 1205 num,
376 1115 440 1212 qui
464 1113 665 1200 Gallicum,
691 1113 756 1210 qui
787 1112 857 1185 sibi
889 1111 953 1186 has
978 1112 1135 1185 urbanas
1160 1111 1307 1186 insidias

246 1225 351 1298 caedis
375 1239 485 1320 atque
509 1222 759 1294 incendiorum
784 1222 1052 1323 depoposcerit.
1072 1227 1208 1302 ¹Omnia
1243 1248 1306 1296 su-

242 1336 395 1432 perioris
417 1335 553 1404 noctis⁷
574 1332 724 1404 consilia
738 1333 783 1404 ad
803 1357 861 1406 me
876 1327 1015 1406 delata⁸
1030 1357 1108 1406 esse
1122 1337 1303 1423 sentiunt3

243 1442 419 1541 patefeci⁹
438 1445 478 1512 in
498 1456 626 1514 senatu
648 1440 819 1515 hesterno
839 1442 919 1530 die;
939 1443 1089 1516 Catilina
1104 1445 1182 1540 ipse
1195 1448 1305 1542 perti·

243 1556 364 1642 muit,
388 1552 576 1653 profugit:
600 1553 639 1624 hi
665 1553 753 1650 quid
782 1557 1018 1656 exspectant?
1037 1559 1100 1626 Nae
1124 1553 1174 1624 illi
1193 1555 1302 1626 vehe-

243 1679 384 1736 menter
410 1677 551 1751 errant,
583 1666 612 1734 si
637 1663 734 1735 illam
758 1689 874 1736 meam
901 1666 1089 1763 pristinam
1119 1663 1302 1738 lenitatem

240 1789 454 1874 perpetuam
471 1788 621 1872 sperant
633 1773 804 1848 futuram.

289 1889 349 1956 IV.
373 1882 483 1975 Quod
506 1887 724 1982 exspectavi,
739 1886 813 1981 jam
839 1909 919 1957 sum
940 1898 1302 1983 assequutus,utvos

240 2018 368 2066 omnes
387 1991 517 2064 factam
537 2018 614 2066 esse
630 2009 751 2092 aperte
765 1994 1055 2091 conjurationem
1071 2009 1196 2068 contra
1207 2019 1302 2068 rem·

239 2104 420 2203 publicam
439 2101 614 2175 videretis.
634 2105 710 2174 Nisi
722 2129 809 2176 vero
828 2106 857 2177 si
871 2107 952 2203 quis
966 2119 1038 2192 est,
1060 2108 1123 2201 qui
1143 2105 1301 2176 Catilinae

239 2213 373 2286 similes
391 2235 473 2284 cum
497 2213 647 2284 Catilina
670 2215 802 2286 sentire
825 2206 1034 2313 non'putet.
1055 2218 1138 2285 Non
1157 2214 1299 2310 estjam

238 2326 375 2397 lenitati
407 2322 535 2411 locus;
562 2323 785 2394 severitatem
815 2348 873 2395 res
898 2326 974 2423 ipsa
1003 2321 1148 2420 flagitat.
1176 2327 1299 2395 Unum

239 2436 347 2507 etiam
379 2453 478 2503 nunc
508 2430 733 2504 concedam:
760 2444 911 2522 exeant,
939 2430 1232 2530 proficiscantur,
1252 2455 1300 2504 ne

237 2545 420 2642 patiantur
433 2541 610 2614 desiderio
636 2543 690 2614 sui
712 2543 898 2614 Catilinam
916 2545 1087 2613 miserum
1105 2539 1296 2614 tabescere.

237 2650 504 2725 Demonstrabo
525 2654 614 2723 iter:
635 2651 779 2723 Aurelia
794 2655 851 2722 via
869 2649 1053 2750 profectus
1066 2665 1138 2740 est;
1157 2653 1186 2723 si
1199 2673 1299 2724 acce·

237 2763 353 2835 lerare
382 2761 525 2847 volent,
546 2761 592 2832 ad
613 2784 798 2859 vesperam
822 2776 1103 2859 consequentur.
1128 2763 1160 2832 Ο
1182 2759 1297 2833 lortu-

237 2885 359 2942 natam
376 2869 658 2968 rempublicam,
677 2871 706 2942 si
723 2869 869 2969 quidem
885 2871 980 2944 hanc
995 2873 1169 2943 sentinam
1187 2871 1297 2968 hujus

234 2981 336 3052 urbis
364 2977 534 3078 ejecerit!
556 2984 640 3053 Uno
665 2979 890 3053 mehercule²
920 2979 1072 3053 Catilina
1095 2979 1295 3070 exhausto,

233 3091 388 3162 relevata
418 3089 509 3160 mihi
536 3104 572 3160 et
602 3103 760 3162 recreata
784 3091 986 3190 respublica
1018 3091 1170 3162 videtur.
1199 3089 1295 3180 Quid

236 3202 332 3271 enim
351 3199 455 3271 mali²
482 3213 545 3270 aut
564 3200 706 3272 sceleris
728 3199 817 3300 fingi
842 3217 905 3274 aut
934 3202 1127 3298 excogitari
1150 3213 1293 3299 potest,

235 3313 335 3412 quod
356 3339 431 3384 non
448 3313 507 3385 ille
528 3311 759 3412 conceperit?
777 3317 867 3406 Quis
887 3329 962 3388 tota
979 3315 1080 3387 Italia
1097 3313 1294 3402 veneficus,

271 3545 295 3590 ⁶7.
309 3525 443 3592 Superioris
456 3526 540 3575 nortis.
551 3527 610 3575 Non
628 3525 742 3590 intelligit
784 3543 823 3576 mc
842 3527 950 3576 mutiunt
972 3541 1023 3574 ene
1041 3527 1131 3592 perlata
1143 3547 1165 3574 ι.
1184 3527 1250 3576 Η.
1264 3528 1293 3577 Ῑι.

232 3627 284 3658 eam
294 3619 389 3656 noctem
398 3607 568 3672 qooeproxime
575 3615 741 3664 antecesserat,
811 3621 846 3669 q.
859 3607 953 3656 Ernest.
970 3606 1083 3666 conjicit,
1101 3621 1159 3670 quoe
1173 3602 1291 3670 patefeci.

233 3705 283 3737 non
295 3689 358 3736 enlm
371 3687 499 3734 conveniet
511 3685 578 3748 qnod
588 3682 668 3732 statim
682 3683 740 3730 sub·
783 3683 808 3732 J.
821 3686 852 3732 V.
868 3685 895 3730 1.

228 3767 328 3832 jungitt
341 3765 464 3814 :Patefeci
475 3764 502 3812 in
521 3773 606 3811 senatu
625 3762 740 3811 hesterno
818 3765 863 3812 lv.
880 3777 903 3810 r.
919 3763 971 3811 Uno
985 3761 1127 3812 mehercule.
1148 3762 1293 3828 complexio

233 3848 294 3894 die·
324 3845 369 3893 sed
388 3845 572 3904 tertiam,intra
589 3843 671 3905 θείῃ
693 3857 740 3890 no·
784 3841 909 3890 rminori.

231 3923 343 3972 vembrin
413 3939 418 3954 ·
819 3935 844 3969 a.
860 3919 927 3985 Quid
935 3918 999 3968 enlm
1012 3920 1079 3968 rnaeli.
1096 3921 1220 3968 Generalis
1232 3935 1291 3984 pm-

269 4005 293 4051 8.
307 4000 466 4050 Consiliaad
480 4001 619 4049 medelam.
638 4000 737 4048 Perlata
782 3999 883 4062 positio,
907 4015 979 4064 quam
1003 4011 1087 4064 postea
1109 3999 1293 4049 enumeratione

231 4081 318 4130 liabent
333 4079 392 4128 ull.
410 4079 441 4126 al.
463 4080 543 4127 ὓιπν.
559 4079 668 4128 ediderat
684 4077 736 4126 «rel
781 4077 888 4142 partium
906 4076 1045 4142 amplificat
