2956 4676
249 421 316 507 134
562 417 609 484 u.
633 415 672 480 r.
699 407 977 479 crcuuoms

286 547 358 616 XL.
373 544 464 614 Nam
479 537 650 627 Quintius
660 531 826 630 quidem,
843 551 953 625 quam
968 548 1111 596 causam
1130 547 1305 620 umquam

241 669 345 728 antea
358 651 510 734 dixerat,
531 667 646 744 quum
673 665 788 712 annos
815 637 860 710 ad
889 635 1170 734 quinquaginta¹
1200 649 1307 705 natus

153 803 162 813 ·
240 763 355 836 esset?
369 763 450 857 quis
465 780 547 828 eum
566 775 740 850 umquam
758 773 833 820 nou
857 745 968 819 modo
988 747 1026 814 in
1053 743 1218 841 patroni,
1241 741 1303 814 sed

238 879 277 946 in
298 872 511 956 laudatoris,
538 879 600 937 aut
623 861 784 934 advocati
809 861 889 930 loco
920 855 1082 926 viderat?
1103 857 1176 944 Qui
1203 852 1305 948 quod

238 989 367 1055 Rostra
375 977 513 1075 jamdiu
527 973 869 1066 vacua²‚locumque
880 965 999 1052 illum,
1015 979 1097 1062 post
1109 963 1304 1035 adveutum

239 1097 278 1164 L.
299 1089 422 1174 Sullae,
443 1111 465 1157 a
485 1083 672 1156 tribunitia
692 1103 781 1152 voce.
802 1078 1005 1158 desertum,
1033 1071 1304 1172 oppresserat³;

240 1197 583 1291 multitudinemque
599 1193 672 1286 jam
693 1187 931 1260 desuefactam
950 1211 971 1256 a
992 1183 1230 1256 concionibus
1260 1182 1305 1254 ad

238 1312 367 1384 veteris
386 1301 657 1379 consuetudinis
678 1297 948 1372 similitudinem
976 1308 1224 1380 revocaverat,
1254 1292 1306 1362 id·

238 1425 335 1496 circo
362 1417 504 1490 cuidam
532 1415 722 1484 bominum
752 1409 875 1505 generi
897 1404 1092 1504 paullisper
1109 1402 1304 1498 jucundior

238 1532 316 1606 luit.
329 1537 448 1627 Atque
469 1524 565 1597 idem
584 1534 721 1621 quanto
738 1521 775 1589 in
796 1516 881 1590 odio
902 1530 1026 1614 postea
1042 1518 1115 1585 suis
1133 1513 1201 1583 illis
1218 1513 1303 1609 ipsis

237 1640 325 1725 fuit,
342 1662 409 1736 per
431 1661 524 1734 quos
540 1635 578 1703 in
594 1633 757 1703 altiorem
769 1628 887 1700 locum
903 1623 1159 1696 adscenderat?
1176 1627 1304 1719 Neque

237 1748 379 1843 injuria.
393 1747 510 1816 Facite
526 1729 641 1828 enim,
657 1754 786 1812 utnon
801 1737 916 1808 solum
932 1758 1051 1805 mores
1065 1733 1144 1828 ejus
1156 1746 1194 1804 et
1208 1758 1303 1804 arro

237 1860 415 1954 gantiam,
442 1853 505 1924 sed
536 1855 642 1923 etiam
671 1850 809 1920 vultum
842 1861 950 1943 atque
980 1846 1173 1930 amictum,
1196 1859 1303 1939 atque

236 1967 333 2040 illam
356 1989 471 2062 usque
494 1961 539 2034 ad
567 1961 657 2032 talos
680 1959 867 2030 demissam
887 1958 1108 2053 purpuraml
1137 1954 1304 2026 recorde-

237 2078 337 2149 mini.
359 2079 410 2163 ls,
428 2075 529 2171 quasi
548 2097 623 2143 nou
642 2084 735 2142 esset
748 2067 822 2139 ullo
838 2064 949 2136 modo
966 2063 1174 2148 ferendum,
1201 2087 1239 2134 se
1260 2089 1305 2134 ex

235 2187 370 2283 judicio
382 2184 580 2254 discessisse
595 2184 746 2266 vietum,
762 2200 839 2247 rem
853 2173 899 2245 ab
914 2172 1090 2246 subselliis
1104 2175 1140 2242 in
1154 2171 1304 2244 Rostra⁵

272 2331 328 2378 XL.
340 2346 362 2377 r.
378 2327 421 2376 Ad
432 2325 618 2392 quinquaginta.
632 2327 685 2373 l.e.
699 2323 746 2369 eir·
790 2327 876 2392 paullo
885 2343 957 2391 supra
968 2326 1040 2372 imam
1053 2335 1116 2388 togae
1128 2342 1195 2373 oram
1211 2343 1305 2392 pus-pu.

148 2437 154 2456 .
239 2411 306 2459 citer.
318 2410 436 2468 Maiorem
448 2405 543 2469 Quintil
552 2404 662 2453 inertiam
675 2401 747 2466 signi·
791 2409 1029 2456 ramcircusntextam
1039 2415 1168 2468 gestarent,
1178 2406 1219 2454 ille
1227 2408 1305 2456 multo

235 2489 309 2538 fleat:
323 2487 488 2536 adolescentes
506 2485 570 2532 enim
580 2497 692 2532 accusare
705 2491 747 2528 flul
790 2483 975 2544 latiorem,etab
983 2483 1042 2548 ipsis
1050 2483 1159 2531 lancibus
1169 2487 1232 2534 talos
1238 2489 1305 2551 ipsos

234 2566 364 2616 defendere
376 2565 538 2629 incipiebant,
553 2563 618 2611 nude
636 2559 683 2608 sibi
693 2559 745 2622 glo·
790 2563 975 2628 perfundentem
983 2561 1100 2621 induerit;
1112 2564 1180 2626 quod
1192 2565 1265 2613 luxus
1276 2582 1304 2615 ac

233 2648 294 2695 riam
308 2655 451 2710 quaererent.
465 2645 493 2692 L.
514 2642 629 2705 Quintius
648 2653 745 2702 sexage·
789 2642 909 2708 superbiae
922 2645 1238 2706 summumeratspecimeu.
1247 2647 1305 2694 Non

234 2727 318 2774 narius
327 2741 358 2773 ne
366 2723 499 2772 laudatoris
508 2723 607 2787 quidem
620 2734 662 2770 aut
670 2721 746 2768 advo·
789 2735 930 2770 autemeam
938 2721 1254 2788 reprehenditCieeroquod
1266 2737 1305 2774 to·

237 2805 286 2854 eati
307 2801 392 2851 officio
412 2813 464 2850 tum
482 2818 542 2849 naus
564 2801 653 2859 luerat,
667 2815 743 2863 quum
791 2817 820 2866 ga
832 2801 862 2848 aal
872 2801 934 2848 talos
946 2800 1047 2848 demissa
1056 2801 1137 2858 fuerit,
1147 2818 1217 2858 nam.
1229 2815 1256 2850 ut
1268 2805 1304 2853 ait

235 2883 366 2948 Oppianici
387 2897 482 2930 eausam
496 2881 595 2946 recepit.
613 2883 650 2928 De
667 2879 745 2927 advo·
787 2881 926 2944 Quium,
938 2881 963 2939 3,
975 2881 1304 2943 togamveteresRomaniad

238 2963 304 3013 eatis,
312 2973 336 3010 et
350 2960 515 3010 laudatoribus
523 2961 574 3009 rid.
586 2977 658 3025 supra
669 2974 710 3007 ao.
788 2960 884 3008 esleeos
896 2975 973 3022 usque
992 2959 1167 3018 demittebant,
1182 2972 1211 3009 ut
1223 2963 1303 3010 Groui

273 3058 303 3091 a:
319 3044 415 3088 Vacua.
436 3040 501 3088 Vivo
522 3039 640 3088 dictatore
664 3038 745 3094 Sulla,
789 3039 900 3106 pallium.
920 3039 1067 3100 Huiusmodi
1082 3041 1145 3103 togis
1160 3041 1302 3090 Ciceronem

237 3124 280 3186 qui
294 3120 428 3184 potentiam
444 3134 542 3165 omnem
557 3117 661 3166 tribunis
678 3114 744 3180 pleb.
789 3119 1188 3181 usumfuisse,etquiposteu1n
1204 3121 1302 3169 luerunt

237 3199 369 3254 ademerat3
377 3213 447 3260 quam
455 3199 488 3245 eis
497 3198 743 3262 restituitPompeiua,
791 3195 855 3244 idem
865 3205 1001 3253 auctorem
1013 3195 1055 3242 sed
1065 3211 1094 3242 eo
1103 3206 1197 3245 tantum
1205 3202 1304 3248 nomine

236 3278 455 3342 postSertoriannm
460 3275 549 3324 bellum
554 3277 638 3325 consul
644 3289 745 3326 creatus.
792 3279 898 3342 exagitat
906 3276 974 3341 quod
985 3292 1092 3340 purpura
1101 3293 1145 3341 per
1152 3287 1227 3326 totam
1238 3289 1303 3342 toga

274 3357 298 3404 3.
314 3357 480 3418 Oppnsserat.
492 3357 670 3420 occupaverat,
679 3357 745 3402 iura·
792 3356 969 3421 longitudinem
977 3357 1210 3421 sitpraetextaJdem
1216 3359 1302 3420 Quint.

240 3444 310 3482 serat.
794 3435 827 3498 V,
841 3437 869 3483 13
882 3453 894 3484 a
905 3435 1015 3500 patronis
1028 3435 1160 3499 aliqnando
1171 3435 1303 3486 adversarii

274 3521 298 3569 4.
308 3509 441 3558 omissam
448 3527 593 3574 purpuram.
603 3511 704 3560 Constat
715 3527 746 3559 ex
789 3513 1115 3572 vitamffultumdncessum,
1122 3514 1230 3563 habitum
1237 3527 1302 3565 recte

238 3591 294 3655 ipso
311 3588 428 3638 Cicerone
441 3589 468 3636 in
480 3589 563 3637 vatin.
576 3605 604 3636 ae
617 3588 746 3636 Plutarcho
789 3592 893 3639 incusari
907 3593 980 3640 tradit
991 3603 1062 3648 tunt.
1075 3595 1170 3657 inquit,
1186 3595 1302 3644 adversus

236 3670 268 3718 irs
274 3671 366 3732 Quaest.
374 3670 446 3717 Rom.
455 3685 507 3717 non
518 3668 544 3716 id
550 3670 612 3729 juris
622 3669 694 3716 luisse
703 3669 747 3716 tri·
791 3669 919 3732 Quintium
942 3671 1029 3718 OEcern
1053 3671 1131 3736 ipsam
1157 3685 1300 3738 praetextam

238 3749 312 3797 bunis
322 3759 351 3796 nt
363 3746 507 3796 laticlaviam
520 3757 648 3811 gestarent.
662 3750 747 3811 ltaque
791 3747 918 3795 demissam
939 3749 971 3796 ad
994 3751 1055 3798 talos
1078 3751 1211 3800 insectatus
1237 3765 1274 3802 est
1294 3767 1300 3800 :

239 3842 290 3874 non
303 3825 374 3875 idad
392 3825 487 3889 Quintil
505 3825 653 3874 tribunatum
673 3828 749 3874 reler·
793 3837 912 3889 presserat
933 3828 997 3876 enlm
1017 3828 1162 3878 turbulentis
1175 3833 1302 3880 conciam·

241 3913 291 3962 tur,
302 3905 344 3953 sed
354 3905 386 3952 sd
395 3905 456 3952 illud
465 3914 560 3969 tempus
573 3921 624 3969 quo
637 3907 662 3953 in
676 3906 750 3955 altio·
794 3904 839 3953 bus
852 3906 990 3956 Cluentium
1001 3909 1116 3971 Quintius
1126 3931 1147 3956 n.

241 3997 291 4030 rem
309 3983 409 4046 gradum
427 3993 556 4048 provectus
571 3995 622 4042 est,
636 4001 690 4048 quse
704 3986 751 4034 fuit
830 3987 855 4033 5.
868 3989 898 4033 In
916 3998 1002 4035 restra.
1021 3989 1044 4035 Δ
1058 3989 1174 4035 tribunali
1189 3987 1301 4049 judicum

243 4061 531 4126 aedilitas,autproetura.
549 4067 575 4111 lu
592 4067 749 4127 quaseadeo
791 4065 823 4112 ad
842 4065 928 4130 populi
950 4067 1086 4127 iudicium,
1114 4085 1164 4116 rem
1184 4071 1301 4134 integram

240 4151 394 4207 arrogantem
407 4141 512 4207 praebuit
528 4152 568 4205 ut,
586 4159 662 4206 quum
676 4146 748 4193 eeteri
791 4145 952 4196 transtulerat.
