2956 4676
363 361 559 430 ORATIO
582 364 682 432 PRO
703 365 742 432 A.
769 365 1046 437 CLUENTIO.
1167 394 1234 471 ¹79

174 505 220 552 ex
239 480 350 552 servis
367 505 486 577 puero
507 505 581 553 non
607 481 733 578 grandi
752 486 908 584 conscio.
929 491 1040 558 Furto
1062 494 1233 586 postridie

172 590 337 686 cognito,
356 594 473 660 omnis
491 593 646 687 suspicio
663 595 702 664 in
718 617 781 664 eos
794 617 915 666 servos
925 593 952 682 ⁵,
967 599 1030 693 qui
1045 621 1120 671 non
1137 628 1234 676 com.

171 699 365 796 parebant,
390 699 697 772 commovebatur.
723 704 847 791 Quum
870 711 1026 777 exsectio
1046 708 1106 780 illa
1128 710 1234 787 fundi

169 809 212 878 in
242 809 395 880 armario
423 809 788 898 animadverteretur,
812 813 1023 908 quaerebant
1048 818 1232 913 homines,

170 939 334 1013 quonam
356 917 467 989 modo
482 917 560 1020 fieri
577 921 762 1016 potuisset.
782 921 937 1012 Quidam
955 947 998 996 ex
1014 930 1138 1000 amicis
1152 936 1234 1006 Sas-

170 1029 236 1098 siae·
260 1026 471 1098 recordatus
493 1043 567 1114 est,
593 1053 631 1098 se
660 1053 778 1126 nuper
802 1033 840 1100 in
862 1033 1052 1104 auctione⁶
1077 1041 1233 1133 quadam
1341 1097 1343 1102 .

169 1135 301 1208 vidisse
333 1137 380 1220 in¹
398 1135 508 1208 rebus
535 1139 683 1210 minutis
709 1137 906 1228 aduncam,
936 1167 978 1214 ex
1006 1148 1106 1216 omni
1131 1165 1233 1246 parte

169 1246 390 1334 dentatam'7,
409 1262 445 1318 et
469 1261 670 1320 tortuosam
688 1249 809 1320 venire
833 1251 1026 1340 serrulam,-
1050 1279 1122 1350 qua
1144 1257 1233 1332 iliud

168 1358 333 1453 potuisse
355 1361 404 1428 ita
424 1357 672 1428 circumsecari
694 1355 887 1430 videretur.
914 1363 968 1432 Ne
989 1363 1126 1436 muita:
1148 1391 1232 1464 per-

167 1467 329 1562 quiritur
345 1491 365 1536 a
384 1466 611 1538 coactoribus
622 1465 636 1510 ⁸
649 1494 660 1556 3
673 1469 855 1540 invenitur
870 1495 911 1540 ea
928 1472 1064 1542 serrula
1080 1473 1125 1546 ad
1140 1480 1233 1550 Stra·

166 1591 293 1648 touem
324 1578 538 1674 pervenisse.
570 1583 648 1650 Hoc
681 1579 784 1650 initio
815 1581 1029 1676 suspicionis
1062 1597 1168 1672 orto,
1195 1601 1232 1658 et

148 1699 290 1782 aperte
308 1687 515 1758 insimulato
533 1691 718 1776 Stratone,
739 1712 830 1786 puer
853 1688 913 1760 itte
935 1694 1100 1770 conscius
1120 1699 1230 1790 perti·

164 1797 280 1882 muit3
315 1819 391 1866 rem
425 1819 569 1868 ornnem
603 1795 757 1868 domium
787 1797 1170 1888 indicavitphomines
1190 1807 1230 1878 in

163 1905 303 2001 piscina
321 1906 456 1976 inventi
474 1921 576 1995 sunt;
596 1909 713 1978 Strato
732 1908 771 1977 in
793 1909 934 1980 vincula
952 1912 1137 2005 conjectus
1155 1930 1228 2004 est;
1282 1963 1283 1968 κ

163 2029 274 2112 atque
290 2019 397 2086 etiam
413 2017 450 2086 in
468 2014 618 2088 taberna
634 2019 713 2112 ejus
729 2019 891 2104 nummi,
910 2044 1140 2117 nequaquam
1157 2049 1228 2096 om·

164 2138 267 2212 nest,
291 2127 531 2224 reperiuntur.
562 2131 802 2198 Constituitur
829 2131 979 2223 quaestio
1004 2127 1050 2199 dc
1063 2141 1094 2172 ¹⁰
1115 2129 1225 2203 furto.

162 2237 255 2306 Nam
279 2235 369 2331 quid
390 2236 582 2332 quisquam
600 2237 772 2333 suspicari
793 2235 892 2308 aliud
918 2239 1058 2334 potest?
1079 2245 1134 2310 itu
1154 2240 1225 2314 hoc

162 2341 303 2432 dicitis,
323 2346 476 2418 armario
498 2346 674 2443 expilato,
693 2349 850 2443 pecunia
873 2345 1011 2436 ablata,
1029 2372 1105 2420 non
1123 2353 1225 2422 omni

161 2468 389 2552 recuperata,
412 2458 537 2526 occisis
561 2455 791 2544 hominibvn,
811 2442 1008 2528 institutam
1028 2482 1104 2530 esse
1124 2485 1223 2556 qure-

161 2564 316 2636 stionem
342 2562 388 2635 de
414 2580 532 2636 morte
556 2567 770 2664 Oppianici?
798 2567 858 2636 cui
879 2566 1109 2662 probatisss?
1134 2569 1223 2666 quid

160 2663 235 2768 est,
247 2678 349 2775 quod
361 2683 481 2750 minus
491 2680 683 2776 verisimile
696 2678 857 2778 proferre
867 2681 1057 2776 potuistis?
1070 2683 1222 2770 Deinde,

159 2803 204 2860 nt
231 2791 395 2860 omittam
418 2803 554 2876 cetera,
575 2792 732 2860 triennio
752 2804 836 2887 post
858 2802 1011 2859 mortem
1034 2794 1222 2888 Oppianici

159 2898 207 2977 de
236 2900 315 2994 ejus
342 2913 460 2971 morte
491 2899 757 2995 quaerebatur?
772 2906 892 2994 Atque
916 2901 1051 2982 etiam,
1075 2901 1221 2974 incensa
1271 2995 1272 2998 Ἴ

157 3007 245 3079 odio
272 3011 444 3107 pristino,
471 3013 713 3082 Nicostratum
735 3009 902 3080 eurndern
922 3007 1021 3078 ilium
1044 3023 1122 3079 tum
1142 3012 1221 3094 sine
1305 3081 1309 3088 ,

158 3141 264 3189 causa
291 3119 329 3187 in
357 3120 593 3216 quaestionem
618 3119 822 3217 postulavit.
856 3118 1085 3214 Oppianicus
1099 3121 1218 3217 primo

158 3229 358 3304 recusavit:
381 3241 616 3325 posteaquam
643 3229 721 3317 illa,
754 3226 992 3300 abducturam
1022 3251 1059 3300 se
1086 3227 1217 3316 filiam,

193 3459 217 3507 5.
236 3460 266 3508 Ia
279 3473 321 3508 eos
334 3473 422 3508 uiros.
434 3459 504 3520 Quos
527 3459 624 3508 ocrim
640 3459 667 3510 iri
711 3460 792 3510 cuono
812 3461 939 3523 mountain
959 3460 1083 3524 accipiunt
1103 3478 1131 3509 ιο
1149 3462 1219 3512 colli·

157 3539 274 3602 piscinam
296 3539 379 3592 Strato
394 3537 543 3598 triticeum,
566 3539 601 3586 ita
620 3548 666 3599 ut,
710 3537 1036 3602 gunt.Vid.1ndic.latiuit.

156 3631 234 3680 quan
254 3633 306 3668 non
317 3627 508 3681 ,compereram
530 3617 666 3682 profugisse
745 3632 770 3679 9.
784 3617 947 3681 Nequaquam
957 3633 1048 3668 omnes.
1062 3621 1153 3668 Eorum
1162 3636 1218 3684 para

155 3695 336 3748 «stamme
390 3725 415 3733 «n
509 3743 512 3750 ,
541 3711 542 3716 ’
709 3696 878 3744 tantummodo
888 3697 1006 3745 exstabat.

192 3774 219 3822 6.
233 3774 360 3823 Auctione.
374 3773 474 3822 Publica
483 3773 576 3824 scilieet
586 3774 665 3824 bono·
746 3789 785 3824 to.
799 3775 919 3840 Dii-fado.
929 3775 986 3824 Non
998 3774 1029 3824 de
1038 3785 1116 3824 morte
1127 3777 1218 3840 Oppia-

154 3869 210 3902 runr
220 3855 368 3904 venditione.
690 3839 694 3846 ‚
707 3853 772 3914 uici,
780 3865 810 3901 nt
823 3852 920 3900 dicebat
930 3863 1063 3902 accusator.

192 3931 667 3992 7.Derrtatanv.1²rireianashabstderr·
747 3949 788 3982 rr.
805 3931 974 3995 oeiprotant.
985 3933 1218 3994 Quemuthoccrr·

156 4023 249 4070 toturn,
264 4016 320 4072 111,
333 4029 389 4078 pag.
400 4015 461 4074 ὃν).
471 4013 497 4060 J.
505 4014 537 4060 V.
549 4013 575 4061 L.
707 4010 901 4060 datadduortia?
913 4027 989 4075 quum
1001 4027 1038 4059 rer
1056 4009 1096 4058 illa
1109 4012 1166 4062 itas
1178 4031 1217 4060 ve·

189 4094 213 4139 8.
226 4090 390 4142 coactoribus
405 4093 426 4140 ti
438 4102 509 4152 savit,
519 4091 562 4154 qni
583 4091 608 4140 in
618 4105 664 4140 au·
707 4092 777 4138 riute
786 4089 926 4140 abhorreat.

1044 4200 1094 4244 12.
1186 4219 1190 4226 ·
