2934 4680
547 293 936 372 ARGUMENTUM.

246 419 445 500 triumpharit.
454 420 553 477 ΛΜΗ.
561 419 592 475 C.
600 417 657 474 633
666 434 734 506 cum
744 419 785 473 Μ.
795 412 908 472 Licinio
916 416 1020 472 Crasso
1029 415 1209 474 consulatum
1216 433 1277 493 gee-

246 521 296 589 sit3
314 537 391 580 anno
409 527 505 576 autem
523 515 596 591 686,
617 513 777 600 imperator
789 511 927 604 adpensus
940 509 1062 591 pirptas,
1082 512 1133 589 qui
1147 514 1277 572 mariaet

246 636 312 675 oras
328 614 485 684 maritimas
499 612 616 674 infestas
632 608 803 681 reddebant,
814 607 1114 678 constitutus,bellum
1129 609 1186 669 hoc
1199 611 1278 690 pira-

249 715 335 771 ticum
346 712 441 770 hieme
453 709 621 787 apparavit,
630 707 749 765 ineunte
763 727 831 765 rere
844 705 985 784 suscepit,
999 705 1093 764 media
1103 719 1199 766 aestate
1212 728 1279 768 con·

248 809 326 871 fecit.
341 810 442 868 AmU.
451 810 482 868 C.
497 806 566 880 687,
580 823 671 887 quum
685 802 841 878 etiamnum
853 803 1009 881 Pompeius
1018 802 1052 862 in
1065 803 1166 876 Cilicia
1177 823 1279 869 reesa-

248 922 330 966 retur
359 905 397 964 ad
434 904 571 983 reliquias
594 901 665 962 belli
689 900 804 980 piratici
831 899 1073 979 exstinguendas,
1094 905 1135 961 Μ.
1160 902 1278 974 AEmilio

249 1003 378 1089 Lepido,
405 1008 440 1062 L.
459 1001 593 1069 Volcatio
615 1000 700 1072 'lullo
725 1019 797 1060 coss.
818 999 958 1058 Cicerone
980 1011 1136 1080 praetrrram
1159 1015 1278 1079 egente,

249 1106 280 1162 C.
289 1101 427 1161 Manilius
439 1098 506 1160 trib.
521 1097 616 1180 plebis
630 1098 722 1176 legem
732 1096 813 1170 tulit,
828 1093 1009 1174 utPompeio
1025 1095 1169 1173 Bithynia,
1186 1097 1280 1176 thry-

248 1199 311 1276 gia,
323 1197 484 1278 Lycaonia,
500 1195 629 1268 Galatia,
646 1192 844 1273 Cappadocia,
862 1193 974 1266 Gilicia,
993 1191 1128 1266 Colchis,
1143 1193 1280 1262 Armenia

248 1297 348 1354 Minor
360 1314 427 1354 cum
438 1294 517 1363 omni
533 1305 673 1376 apparatu
690 1289 760 1357 belli
773 1289 902 1370 piratici,
915 1302 946 1350 et
959 1289 1070 1369 copiis,
1083 1309 1148 1368 quae
1158 1289 1213 1353 sub
1225 1294 1281 1349 Lu·

246 1393 323 1451 cello
336 1393 541 1467 militaverant,
557 1387 724 1470 bellumque
743 1387 884 1453 adversus
902 1386 1103 1460 Mithridatem
1121 1387 1280 1466 gerendum

250 1490 491 1562 committeretur.
541 1559 543 1564 Α

290 1581 474 1662 Mithridates
488 1582 626 1642 nimirum
641 1577 811 1657 (Enpamr),
827 1578 1007 1640 Mithridatis
1023 1583 1172 1658 Euergetas
1189 1581 1282 1658 ¹il.,qui

249 1701 294 1740 an.
310 1685 347 1740 U.
363 1683 397 1738 C.
418 1680 474 1746 stt
491 1679 521 1736 in
536 1678 622 1740 Ponti
639 1695 730 1753 regno
745 1676 820 1756 patri
844 1689 1037 1748 successerat,
1058 1677 1131 1736 inite
1147 1697 1213 1744 cum
1227 1679 1282 1738 Ni-

249 1775 369 1835 comede
390 1774 532 1852 Bitbyniae
552 1794 617 1848 rege
636 1773 773 1832 societate
786 1771 1013 1851 Paphlagoniam
1026 1774 1143 1846 invasit,
1160 1793 1282 1852 eamque

249 1894 316 1954 cnm
334 1874 414 1932 socio
435 1871 550 1951 diripit,
567 1891 621 1945 nec
635 1868 828 1952 legationibus
843 1889 877 1930 ac
896 1869 983 1930 minis
997 1875 1198 1944 Rornanorum
1214 1871 1281 1934 abs-

250 1971 381 2042 territus,
398 1969 542 2029 Galatiam
559 1967 724 2046 occuparit.
735 1963 848 2029 Deinde
865 1966 1052 2037 Nicomedem
1068 1968 1231 2046 Bithyniae,
1253 1983 1283 2028 et

251 2066 478 2128 Ariobarzanem
495 2064 689 2146 Cappadociae
703 2084 817 2144 regem,
832 2064 928 2142 regnis
944 2066 1002 2124 suis
1014 2085 1072 2127 non
1088 2066 1149 2128 sine
1162 2067 1282 2130 ttithri-

254 2164 328 2223 datis
341 2164 464 2223 consilio
477 2176 610 2234 exactos,
623 2175 739 2222 senatus
755 2162 858 2242 populi
872 2163 985 2234 romani
995 2183 1085 2241 mum
1097 2163 1209 2228 restitui
1216 2165 1282 2242 jus-

253 2263 343 2333 sisset,
354 2261 510 2328 missisunt
524 2259 587 2337 ejus
598 2260 642 2323 rei
654 2279 740 2322 rausa
754 2259 840 2336 legati
854 2259 884 2318 in
894 2260 1140 2339 Asinm,qunrum
1148 2263 1284 2341 princeps

251 2373 313 2418 erat
325 2357 375 2417 Μ’.
389 2358 541 2441 Aquillius.
559 2362 587 2419 Is
600 2377 657 2418 une
669 2377 735 2419 cum
747 2361 780 2436 L.
796 2357 893 2419 Cassio
903 2357 954 2434 qui
967 2358 1064 2418 Asiam
1079 2363 1285 2439 Pergamenam

253 2454 419 2530 obtinebat,
441 2473 523 2535 reges
536 2454 602 2517 illos
618 2455 647 2513 in
661 2474 751 2532 regna
767 2453 885 2530 reduxit
893 2476 901 2526 ;
917 2465 1041 2533 uterque
1053 2469 1151 2524 autem
1164 2457 1199 2530 iis
1214 2477 1285 2536 per-

251 2552 360 2626 suasit,
383 2564 415 2609 ut
430 2549 645 2627 ipcrtrsienibus
667 2541 697 2612 itt
716 2550 895 2626 Mithridatis
910 2569 1030 2628 regnum
1048 2549 1120 2621 belli
1135 2553 1285 2618 nuteriam

252 2659 424 2808 :premerent
439 2645 613 2719 Nicomedes
627 2647 655 2709 ei
669 2633 791 2706 consilio
807 2647 921 2726 patuit,
947 2659 976 2720 et
992 2667 1096 2726 magna
1107 2667 1173 2714 ctam
1186 2647 1285 2726 praeda
1391 2659 1393 2663 '

273 2766 371 2808 omum
388 2745 484 2822 rediit.
507 2743 691 2808 Mithridates
703 2744 741 2820 ad
755 2751 950 2820 homanorum
963 2745 1052 2812 duces
1066 2747 1236 2827 Pelopidam
1246 2749 1286 2807 le-
1376 2757 1378 2762 “

252 2858 351 2927 garum
365 2843 457 2933 misit,
483 2843 533 2921 qui
550 2843 586 2902 de
600 2862 634 2905 ea
647 2861 680 2909 re
696 2854 877 2922 quereretur.
897 2845 1007 2902 Eorum
1019 2863 1177 2923 responso,
1195 2864 1285 2923 quum

252 2941 287 3000 iis
304 2961 357 3024 nec
373 2938 575 3013 Mithridatem
589 2959 606 3024 a
619 2937 779 3001 Nicomede
794 2938 974 3018 oppugnari,
993 2959 1047 3004 neo
1061 2939 1170 3005 bellurn
1185 2939 1286 3002 abillo

254 3037 408 3098 Nicomedi
436 3036 537 3112 ipserri
556 3036 697 3114 placeret,
722 3036 808 3100 Ponti
825 3055 877 3112 tert¹
898 3036 1015 3110 minime
1032 3037 1161 3109 laetatus,
1181 3037 1286 3100 itemm

254 3132 445 3215 Cappadociae
464 3151 601 3210 regnum,
616 3134 702 3212 pulso
713 3129 925 3208 Ariobaraape,
944 3134 1108 3212 occupavit.
1122 3140 1190 3209 Quo
1210 3135 1287 3198 lacto

254 3234 287 3288 L.
298 3219 430 3304 Cassius,
441 3227 490 3294 Μ’.
502 3228 663 3306 Aquillius,
675 3230 833 3314 Q.Oppius
846 3231 975 3308 exercitu
986 3232 1120 3301 celeriter
1128 3245 1287 3306 maltacto,

253 3321 395 3406 adjunctis
411 3320 496 3380 etiam
511 3321 678 3380 Nicomedis
690 3323 800 3400 copiis,
817 3322 926 3393 bellum
939 3323 1076 3396 aduersus
1088 3325 1287 3393 Mithridatem

254 3430 452 3497 susceperunt.
469 3423 513 3477 Ac
529 3417 702 3480 Nicomedes
716 3417 835 3498 quidem
849 3418 928 3498 apud
939 3422 1074 3481 Amniam
1086 3421 1208 3490 fluvium
1221 3441 1288 3483 oum
1354 3481 1359 3488 ,

255 3513 433 3573 Mithridatis
444 3513 566 3572 ducibus
578 3513 716 3588 conflixit,
731 3514 889 3594 pralioque
903 3527 1068 3593 superatus,
1079 3529 1146 3594 post
1157 3535 1290 3596 magnam

257 3631 376 3671 suorum
399 3624 524 3693 stragem
543 3611 616 3689 fugit
634 3611 665 3670 in
688 3609 935 3693 Paphlagoniam
959 3613 1011 3672 Μ’.
1027 3613 1172 3691 Aquillius
1190 3617 1290 3678 castris

259 3710 379 3782 amissis,
394 3709 518 3791 primum
532 3711 563 3768 in
576 3715 764 3790 Pergamum,
780 3708 885 3771 deinde
895 3711 926 3772 in
939 3710 1077 3786 libellam
1093 3714 1202 3788 evanti
1218 3719 1289 3773 Cas-

260 3808 318 3866 sius
330 3815 504 3897 apameam,
517 3809 632 3888 Oppius
641 3808 816 3881 Laodiceam
825 3809 920 3888 petiit,
932 3809 1115 3877 Mithridates
1126 3811 1290 3891 Phrygiam,

258 3904 404 3983 Mysiam,
433 3906 550 3978 Asiam,
574 3906 715 3986 Lyciam,
746 3906 946 3986 Pamphyliam
982 3905 1111 3988 subegit,
1138 3909 1291 3987 ipsumque

212 4026 215 4036 1
260 4001 312 4059 Μ’.
325 4002 483 4080 Aquillium
507 4016 624 4084 captum
649 4003 848 4082 vinctumque,
869 4016 956 4083 atque
976 4004 1056 4066 omni
1076 4005 1219 4083 supplicio
1239 4023 1292 4069 ex-
