3020 4666
559 340 844 411 EXCURSUS.
1171 346 1238 444 195

158 457 238 524 huic
250 457 357 540 judici
369 458 545 548 competit,
557 483 661 549 quum
673 462 748 552 ipse
763 462 934 552 questioni
943 480 1074 554 praeest,
1084 489 1241 558 eamque,

157 580 198 629 ut
214 563 256 629 de
274 566 400 630 Caesare
418 564 595 630 Suetonius
614 567 660 633 ait
678 589 748 656 cap.
766 590 823 645 11,
840 583 975 634 exercet.
986 571 1062 635 Haec
1078 572 1147 661 ipsa
1164 596 1240 640 sua·

158 670 215 736 det
237 672 340 753 ratio,
358 693 465 760 neque
482 671 575 759 plura
591 673 625 737 in
651 687 716 738 tam
740 691 827 738 certa
849 698 885 739 re
905 673 1058 743 adferam.
1077 679 1236 762 Quadam

157 794 239 842 sunt
264 779 366 867 leges,
393 800 465 865 quae
491 778 583 844 aliter
606 780 755 868 explicari
784 803 853 846 nou
876 797 1032 870 possunt,
1062 802 1101 849 ut
1121 787 1184 877 leg.
1201 812 1238 872 1,

157 885 199 950 D.
213 883 255 948 ad
269 885 305 950 L.
322 885 420 950 Corn.
435 883 541 950 desic.
557 902 673 952 esven.
689 910 788 974 quam
806 886 848 951 ad
861 911 931 976 cap.
950 887 992 952 33
1011 889 1238 980 allegavimus,

157 1007 191 1055 et
219 990 289 1067 itta,
315 988 356 1054 de
375 1013 441 1078 qua
464 989 606 1056 diximus
629 991 671 1057 ad
686 995 760 1058 Act.
785 995 800 1058 Ι
826 993 860 1058 in
882 993 974 1060 Verr.
1003 996 1053 1063 13.
1074 999 1237 1082 Quocirca

155 1095 241 1160 illud
255 1118 390 1184 quoque
406 1113 601 1186 argumento
619 1114 682 1180 est,
698 1097 814 1164 dirime
833 1122 887 1164 eas
904 1100 1004 1166 fuisse
1023 1105 1235 1189 questiones,

157 1200 251 1288 quod
270 1225 340 1289 cap.
363 1199 424 1284 54,
444 1203 486 1285 Q.
504 1202 672 1268 Voconius
687 1203 788 1284 judex
807 1206 994 1292 quaestionis
1015 1206 1085 1296 lege
1110 1207 1237 1276 dicatur

156 1337 169 1362 ι
182 1329 329 1395 quaerere
340 1306 382 1372 de
392 1329 521 1373 veneno
532 1339 561 1390 ·‚
576 1325 715 1395 praetore
727 1309 811 1374 inter
826 1311 956 1375 sicarios
968 1333 1035 1375 non
1050 1311 1235 1398 deficiente,

156 1431 195 1480 ut
220 1416 317 1502 plane
350 1438 418 1478 non
449 1437 541 1480 secus
573 1437 611 1479 ac
642 1416 783 1498 Iunius,
809 1426 887 1506 cap.'
909 1437 973 1500 no,
1007 1425 1157 1508 quaesitor
1177 1446 1236 1488 vo·

155 1536 248 1584 catus
264 1520 346 1602 tuit,
364 1521 418 1585 hic
435 1521 531 1586 etiam
552 1521 659 1586 vocari
677 1523 788 1610 possit.
812 1524 884 1588 Hoc
899 1540 1009 1588 autem
1031 1525 1105 1592 loco
1122 1551 1234 1596 annue

155 1627 294 1715 minatio
312 1625 521 1716 significatur,
535 1629 638 1715 qualis
658 1628 711 1692 ilia
729 1629 844 1692 Fannii
860 1629 924 1693 fuit
942 1651 1002 1716 pro
1020 1633 1129 1697 Amer.
1149 1637 1185 1716 4,
1203 1651 1236 1700 et

154 1733 291 1798 Caesaris
309 1731 351 1797 de
373 1733 511 1815 sicariis,
533 1733 701 1822 ipsiusque
720 1732 868 1797 veneficii
883 1735 1030 1801 Iuniana.
1049 1737 1123 1801 Vox
1146 1740 1234 1804 enim

152 1842 292 1928 quoestio
304 1839 471 1904 interdum
486 1838 526 1904 ad
541 1837 722 1922 judicium,
740 1837 780 1902 dc
797 1862 866 1927 quo
882 1839 1000 1928 agitur,
1020 1857 1147 1908 tantum
1164 1868 1238 1933 pen

153 1945 254 2027 tinet,
270 1961 309 2008 ut
324 1967 392 2033 cap.
408 1967 465 2031 29,
488 1961 521 2009 et
536 1944 612 2008 alibi
631 1967 639 2009 :
658 1966 731 2032 quae
747 1965 798 2007 res
812 1945 1058 2032 ambiguitatem
1081 1949 1155 2013 fucit
1168 1950 1188 2014 l.
1204 1973 1233 2016 c.

153 2052 187 2116 in
202 2052 296 2116 Verr.
314 2067 345 2117 et
357 2051 411 2116 hic
422 2051 518 2116 etiam
537 2051 677 2134 faceret,
693 2051 721 2114 si
738 2073 774 2114 ea
788 2051 895 2114 solum
908 2051 1101 2118 haberemus
1116 2057 1234 2140 verba,

152 2189 165 2214 ι
176 2181 243 2247 qua
260 2158 330 2248 lege
340 2159 409 2222 haec
423 2157 559 2246 quaestio
570 2158 748 2222 constituta
761 2173 811 2221 est
821 2189 844 2223 ι.
861 2158 888 2222 F
890 2159 1043 2224 ematium
1062 2164 1176 2228 confer
1190 2164 1233 2230 ad

151 2287 223 2354 cap.
239 2288 299 2352 29,
318 2281 350 2329 et
371 2280 465 2329 notas
483 2280 609 2328 nostras
624 2262 666 2328 ad
681 2287 749 2352 cap.
766 2261 818 2328 33.

194 2373 259 2438 ΠΙ.
280 2373 480 2460 Magnopere
495 2371 627 2454 vellem,
647 2386 753 2436 cetera
771 2369 812 2436 de
833 2369 943 2452 judice
959 2372 1146 2460 questionis
1163 2398 1233 2442 esse

148 2476 300 2543 certiora
326 2479 455 2542 Interea
468 2477 532 2541 hoc
552 2493 738 2557 teneamus,
756 2475 847 2564 quod
868 2476 913 2541 ibi
934 2475 1032 2543 docet
1048 2479 1234 2564 Fer-ratius,

149 2606 279 2672 nosque
291 2581 508 2664 firmavimus,
520 2583 610 2646 hunc
616 2581 760 2662 judicem
776 2599 912 2670 praetore
925 2599 1052 2648 tantum
1062 2584 1233 2653 deficiente

149 2691 306 2778 quaesisse
319 2713 327 2754 :
340 2690 487 2779 quamvis
500 2690 639 2754 nimium
652 2712 728 2754 sane
742 2689 795 2753 ille
816 2687 976 2777 deprimat
989 2689 1134 2770 judicem
1146 2717 1234 2780 quae·

148 2797 267 2862 stionis
283 2798 372 2878 ejus,
392 2819 465 2885 quae
482 2813 655 2885 praetorem
673 2795 825 2877 haberet,
845 2795 926 2859 dum
942 2817 1018 2860 eum
1037 2819 1056 2860 a
1072 2819 1133 2862 suo
1149 2823 1232 2887 praa·

148 2919 220 2968 ture
247 2904 482 2986 constitutum,
505 2921 538 2968 et
561 2902 721 2984 judicasse
745 2919 874 2967 tantum
898 2902 1067 2966 existimat.
1096 2903 1230 2970 Namis

152 3033 289 3098 quoque
309 3009 451 3094 judices,
468 3010 526 3099 qui
544 3008 717 3074 consilium
736 3007 986 3088 constituerent,
1008 3007 1229 3074 subsortiebn·

149 3132 225 3180 tur:
240 3139 311 3204 quo
327 3117 360 3180 ih
378 3137 495 3206 genere
510 3115 598 3180 nulla
610 3131 678 3179 erat
689 3113 751 3204 ipsi
765 3113 946 3201 quaesitori,
958 3114 1014 3200 qui
1027 3131 1146 3201 praetor
1159 3139 1229 3182 non

150 3237 253 3303 esset,
274 3223 377 3302 major
394 3237 547 3310 potestas.
568 3219 653 3284 Vide
668 3241 741 3308 quae
758 3217 899 3282 diximus
914 3216 957 3281 ad
976 3219 992 3282 1
1014 3219 1048 3282 in
1062 3219 1154 3285 Verr.
1172 3221 1226 3288 61.

150 3328 224 3392 Uno
237 3343 349 3393 autem
362 3327 463 3392 modo
475 3344 600 3392 creatos
614 3327 713 3391 fuisse
729 3345 859 3404 omnes,
876 3346 1007 3413 aequum
1020 3341 1068 3390 est
1079 3326 1227 3410 credere,

150 3457 254 3522 quum
265 3434 316 3497 vir
329 3433 536 3499 doctissimus
549 3433 640 3496 nullo
654 3449 787 3496 auctore
804 3429 983 3495 dissentiat.
1000 3432 1033 3496 Si
1049 3433 1135 3498 enim
1149 3458 1229 3523 prm·

150 3555 201 3602 tor
212 3541 246 3602 in
257 3539 447 3629 magistratu
458 3555 651 3619 moreretur,
660 3537 724 3600 alio
740 3558 807 3600 non
823 3537 979 3617 suffecto,
991 3537 1063 3625 quis
1075 3538 1115 3602 ad
1127 3539 1225 3604 finem

149 3647 223 3709 anni
242 3667 364 3709 munus
388 3644 493 3708 obiret
512 3642 658 3708 mortui?
675 3642 781 3707 Etiam
801 3641 828 3705 si
851 3659 971 3729 pretor
987 3641 1163 3730 aegrotarit,
1183 3644 1225 3710 ab

149 3749 217 3840 lege
231 3749 399 3838 quaerendi
413 3749 466 3829 jus
480 3749 632 3814 habuisse
647 3747 738 3810 huuc
752 3745 895 3826 judicem
914 3761 1019 3833 puto:
1038 3745 1079 3810 ab
1097 3747 1167 3835 lege
1183 3747 1225 3816 de

149 3855 268 3922 sicariis
285 3855 373 3946 apud
393 3854 466 3943 Ulp.
486 3877 564 3918 mox
582 3852 727 3934 citanda,
758 3867 791 3916 et
818 3849 859 3914 dc
878 3849 1042 3915 veneficiis
1061 3849 1126 3916 hoc
1151 3853 1239 3942 ipso'

149 3983 217 4049 mp.
234 3963 294 4044 54,
316 3963 360 4025 ita
379 3961 513 4040 jubetur
532 3981 677 4048 quaerere
697 3959 752 4022 hic
766 3956 888 4038 judex,
908 3973 946 4022 ut
964 3957 1047 4022 nihil
1065 3957 1153 4024 aliud
1170 3981 1226 4026 ex-

150 4068 229 4156 cipi,
245 4091 344 4158 quam
363 4069 509 4157 praetoris
532 4065 722 4156 praesentia,
742 4062 832 4130 facile
847 4061 1003 4130 videatur.
1024 4065 1104 4165 litas
1125 4066 1226 4156 igitur

1078 4171 1127 4241 13.
