<?xml version="1.0" encoding="UTF-8"?>
<!DOCTYPE html PUBLIC "-//W3C//DTD XHTML 1.0 Transitional//EN"
    "http://www.w3.org/TR/xhtml1/DTD/xhtml1-transitional.dtd">
<html xmlns="http://www.w3.org/1999/xhtml" xml:lang="en" lang="en">
 <head>
  <title>
</title>
<meta http-equiv="Content-Type" content="text/html;charset=utf-8" />
  <meta name='ocr-system' content='tesseract 3.04.00' />
  <meta name='ocr-capabilities' content='ocr_page ocr_carea ocr_par ocr_line ocrx_word'/>
</head>
<body>
  <div class='ocr_page' id='page_1' title='image "./mtciceronisquae00lemagoog_0239.png"; bbox 0 0 3020 4666; ppageno 0'>
   <div class='ocr_carea' id='block_1_1' title="bbox 217 327 962 402">
    <p class='ocr_par' dir='ltr' id='par_1_1' title="bbox 217 327 962 402">
     <span class='ocr_line' id='line_1_1' title="bbox 217 327 962 402; baseline 0.007 -6"><span class='ocrx_word' id='word_1_1' title='bbox 217 327 288 400; x_wconf 79' lang='lat'><strong>230</strong></span> <span class='ocrx_word' id='word_1_2' title='bbox 544 333 592 400; x_wconf 72' lang='lat' dir='ltr'><strong>ll.</strong></span> <span class='ocrx_word' id='word_1_3' title='bbox 617 332 655 397; x_wconf 86' lang='grc' dir='ltr'><strong>Τ.</strong></span> <span class='ocrx_word' id='word_1_4' title='bbox 683 330 962 402; x_wconf 83' lang='lat' dir='ltr'>CICERONIS</span> 
     </span>
    </p>
   </div>
   <div class='ocr_carea' id='block_1_2' title="bbox 213 465 1362 2103">
    <p class='ocr_par' dir='ltr' id='par_1_2' title="bbox 213 465 1362 1669">
     <span class='ocr_line' id='line_1_2' title="bbox 216 465 1282 563; baseline 0.004 -27"><span class='ocrx_word' id='word_1_5' title='bbox 216 465 318 538; x_wconf 83' lang='lat' dir='ltr'><strong>loca?</strong></span> <span class='ocrx_word' id='word_1_6' title='bbox 338 467 421 563; x_wconf 87' lang='lat' dir='ltr'><strong>quis</strong></span> <span class='ocrx_word' id='word_1_7' title='bbox 439 467 536 536; x_wconf 90' lang='lat' dir='ltr'><strong>enim</strong></span> <span class='ocrx_word' id='word_1_8' title='bbox 556 488 632 536; x_wconf 89' lang='lat' dir='ltr'><strong>non</strong></span> <span class='ocrx_word' id='word_1_9' title='bbox 652 465 768 556; x_wconf 86' lang='lat' dir='ltr'><strong>videt,</strong></span> <span class='ocrx_word' id='word_1_10' title='bbox 789 467 827 538; x_wconf 91' lang='lat' dir='ltr'><strong>in</strong></span> <span class='ocrx_word' id='word_1_11' title='bbox 849 467 999 539; x_wconf 87' lang='lat' dir='ltr'><strong>coloniis</strong></span> <span class='ocrx_word' id='word_1_12' title='bbox 1020 491 1097 540; x_wconf 86' lang='lat' dir='ltr'><strong>esse</strong></span> <span class='ocrx_word' id='word_1_13' title='bbox 1113 467 1190 542; x_wconf 84' lang='lat' dir='ltr'><strong>haec</strong></span> <span class='ocrx_word' id='word_1_14' title='bbox 1205 493 1282 542; x_wconf 92' lang='lat' dir='ltr'><strong>om·</strong></span> 
     </span>
     <span class='ocr_line' id='line_1_3' title="bbox 217 573 1283 667; baseline 0.004 -21"><span class='ocrx_word' id='word_1_15' title='bbox 217 577 277 648; x_wconf 80' lang='lat' dir='ltr'><strong>uia</strong></span> <span class='ocrx_word' id='word_1_16' title='bbox 293 573 578 648; x_wconf 76' lang='lat' dir='ltr'><strong>consideranda?</strong></span> <span class='ocrx_word' id='word_1_17' title='bbox 593 575 673 648; x_wconf 82' lang='lat' dir='ltr'>Tibi</span> <span class='ocrx_word' id='word_1_18' title='bbox 691 599 780 667; x_wconf 90' lang='lat' dir='ltr'><strong>nos,</strong></span> <span class='ocrx_word' id='word_1_19' title='bbox 806 575 931 666; x_wconf 89' lang='lat' dir='ltr'><strong>Rulle,</strong></span> <span class='ocrx_word' id='word_1_20' title='bbox 954 591 991 648; x_wconf 91' lang='lat' dir='ltr'><strong>et</strong></span> <span class='ocrx_word' id='word_1_21' title='bbox 1011 581 1086 650; x_wconf 84' lang='lat' dir='ltr'><strong>istis</strong></span> <span class='ocrx_word' id='word_1_22' title='bbox 1106 579 1195 667; x_wconf 89' lang='lat' dir='ltr'><strong>tuis,</strong></span> <span class='ocrx_word' id='word_1_23' title='bbox 1216 578 1283 650; x_wconf 89' lang='lat' dir='ltr'><strong>ba·</strong></span> 
     </span>
     <span class='ocr_line' id='line_1_4' title="bbox 216 686 1362 777; baseline 0.003 -19"><span class='ocrx_word' id='word_1_24' title='bbox 216 709 297 758; x_wconf 88' lang='lat' dir='ltr'><strong>rum</strong></span> <span class='ocrx_word' id='word_1_25' title='bbox 325 686 489 758; x_wconf 90' lang='lat' dir='ltr'><strong>omnium</strong></span> <span class='ocrx_word' id='word_1_26' title='bbox 514 709 638 758; x_wconf 90' lang='lat' dir='ltr'><strong>rernm</strong></span> <span class='ocrx_word' id='word_1_27' title='bbox 662 686 991 777; x_wconf 79' lang='lat' dir='ltr'><strong>machinatoribus,</strong></span> <span class='ocrx_word' id='word_1_28' title='bbox 1017 702 1130 760; x_wconf 87' lang='lat' dir='ltr'><strong>totam</strong></span> <span class='ocrx_word' id='word_1_29' title='bbox 1146 689 1281 761; x_wconf 86' lang='lat' dir='ltr'><strong>Italiam</strong></span> <span class='ocrx_word' id='word_1_30' title='bbox 1349 729 1362 744; x_wconf 54' lang='grc' dir='ltr'><em>ν</em></span> 
     </span>
     <span class='ocr_line' id='line_1_5' title="bbox 215 794 1282 898; baseline 0.003 -31"><span class='ocrx_word' id='word_1_31' title='bbox 215 799 393 868; x_wconf 80' lang='lat' dir='ltr'>inermem</span> <span class='ocrx_word' id='word_1_32' title='bbox 416 794 611 869; x_wconf 79' lang='lat' dir='ltr'><strong>tradituros</strong></span> <span class='ocrx_word' id='word_1_33' title='bbox 631 799 858 886; x_wconf 83' lang='lat' dir='ltr'><strong>existimasti,</strong></span> <span class='ocrx_word' id='word_1_34' title='bbox 879 823 988 896; x_wconf 86' lang='lat' dir='ltr'><strong>quam</strong></span> <span class='ocrx_word' id='word_1_35' title='bbox 1006 798 1179 898; x_wconf 88' lang='lat' dir='ltr'><strong>praesidiis</strong></span> <span class='ocrx_word' id='word_1_36' title='bbox 1197 823 1282 871; x_wconf 91' lang='lat' dir='ltr'><strong>con·</strong></span> 
     </span>
     <span class='ocr_line' id='line_1_6' title="bbox 215 899 1284 1007; baseline 0.004 -30"><span class='ocrx_word' id='word_1_37' title='bbox 215 904 428 978; x_wconf 47' lang='lat' dir='ltr'><strong>firmaret&amp;</strong></span> <span class='ocrx_word' id='word_1_38' title='bbox 447 899 600 979; x_wconf 19' lang='lat' dir='ltr'><strong>coloniis*</strong></span> <span class='ocrx_word' id='word_1_39' title='bbox 618 909 867 1007; x_wconf 85' lang='lat' dir='ltr'><strong>occuparetis?</strong></span> <span class='ocrx_word' id='word_1_40' title='bbox 888 908 1060 982; x_wconf 90' lang='lat' dir='ltr'><strong>omnibus</strong></span> <span class='ocrx_word' id='word_1_41' title='bbox 1075 909 1203 981; x_wconf 85' lang='lat' dir='ltr'><strong>vinclis</strong></span> <span class='ocrx_word' id='word_1_42' title='bbox 1219 908 1284 981; x_wconf 91' lang='lat' dir='ltr'><strong>de·</strong></span> 
     </span>
     <span class='ocr_line' id='line_1_7' title="bbox 216 1017 1285 1122; baseline 0.005 -36"><span class='ocrx_word' id='word_1_43' title='bbox 216 1021 373 1122; x_wconf 82' lang='lat' dir='ltr'><strong>uinctam</strong></span> <span class='ocrx_word' id='word_1_44' title='bbox 393 1030 430 1088; x_wconf 88' lang='lat' dir='ltr'><strong>et</strong></span> <span class='ocrx_word' id='word_1_45' title='bbox 446 1018 677 1090; x_wconf 81' lang='lat' dir='ltr'><strong>constrictam</strong></span> <span class='ocrx_word' id='word_1_46' title='bbox 695 1019 892 1092; x_wconf 80' lang='lat' dir='ltr'><strong>teneretis?</strong></span> <span class='ocrx_word' id='word_1_47' title='bbox 916 1017 988 1090; x_wconf 88' lang='lat' dir='ltr'><strong>Ubi</strong></span> <span class='ocrx_word' id='word_1_48' title='bbox 1012 1021 1110 1092; x_wconf 89' lang='lat' dir='ltr'><strong>enim</strong></span> <span class='ocrx_word' id='word_1_49' title='bbox 1127 1033 1285 1110; x_wconf 86' lang='lat' dir='ltr'><strong>cavetur,</strong></span> 
     </span>
     <span class='ocr_line' id='line_1_8' title="bbox 216 1125 1288 1202; baseline 0 -2"><span class='ocrx_word' id='word_1_50' title='bbox 216 1125 529 1200; x_wconf 73' lang='lat' dir='ltr'><strong>neianniculo¹⁴</strong></span> <span class='ocrx_word' id='word_1_51' title='bbox 542 1128 721 1200; x_wconf 86' lang='lat' dir='ltr'><strong>coloniam</strong></span> <span class='ocrx_word' id='word_1_52' title='bbox 733 1129 980 1202; x_wconf 69' lang='lat' dir='ltr'><strong>constituatis?</strong></span> <span class='ocrx_word' id='word_1_53' title='bbox 992 1155 1040 1201; x_wconf 90' lang='lat' dir='ltr'><strong>ne</strong></span> <span class='ocrx_word' id='word_1_54' title='bbox 1050 1129 1182 1202; x_wconf 87' lang='lat' dir='ltr'><strong>urbem</strong></span> <span class='ocrx_word' id='word_1_55' title='bbox 1193 1129 1288 1201; x_wconf 90' lang='lat' dir='ltr'><strong>banc</strong></span> 
     </span>
     <span class='ocr_line' id='line_1_9' title="bbox 219 1237 1286 1338; baseline 0 -28"><span class='ocrx_word' id='word_1_56' title='bbox 219 1237 308 1310; x_wconf 86' lang='lat' dir='ltr'><strong>urbe</strong></span> <span class='ocrx_word' id='word_1_57' title='bbox 329 1239 398 1310; x_wconf 86' lang='lat' dir='ltr'><strong>alia</strong></span> <span class='ocrx_word' id='word_1_58' title='bbox 421 1261 587 1337; x_wconf 81' lang='lat' dir='ltr'><strong>premere</strong></span> <span class='ocrx_word' id='word_1_59' title='bbox 603 1253 713 1337; x_wconf 86' lang='lat' dir='ltr'><strong>atque</strong></span> <span class='ocrx_word' id='word_1_60' title='bbox 733 1263 864 1337; x_wconf 86' lang='lat' dir='ltr'><strong>urgere</strong></span> <span class='ocrx_word' id='word_1_61' title='bbox 886 1240 1055 1338; x_wconf 77' lang='lat' dir='ltr'><strong>possitis?</strong></span> <span class='ocrx_word' id='word_1_62' title='bbox 1077 1243 1159 1313; x_wconf 86' lang='lat' dir='ltr'><strong>Nou</strong></span> <span class='ocrx_word' id='word_1_63' title='bbox 1178 1237 1286 1311; x_wconf 82' lang='lat' dir='ltr'><strong>facic-</strong></span> 
     </span>
     <span class='ocr_line' id='line_1_10' title="bbox 213 1348 1287 1447; baseline 0.002 -29"><span class='ocrx_word' id='word_1_64' title='bbox 213 1371 323 1438; x_wconf 90' lang='lat' dir='ltr'><strong>mus,</strong></span> <span class='ocrx_word' id='word_1_65' title='bbox 337 1350 467 1446; x_wconf 88' lang='lat' dir='ltr'><strong>inquit.</strong></span> <span class='ocrx_word' id='word_1_66' title='bbox 483 1351 645 1420; x_wconf 88' lang='lat' dir='ltr'><strong>Primum</strong></span> <span class='ocrx_word' id='word_1_67' title='bbox 660 1351 800 1439; x_wconf 81' lang='lat' dir='ltr'><strong>nesci03</strong></span> <span class='ocrx_word' id='word_1_68' title='bbox 813 1348 944 1422; x_wconf 89' lang='lat' dir='ltr'><strong>deinde</strong></span> <span class='ocrx_word' id='word_1_69' title='bbox 956 1351 1085 1439; x_wconf 87' lang='lat' dir='ltr'><strong>time0;</strong></span> <span class='ocrx_word' id='word_1_70' title='bbox 1104 1363 1287 1447; x_wconf 84' lang='lat' dir='ltr'><strong>postremo</strong></span> 
     </span>
     <span class='ocr_line' id='line_1_11' title="bbox 217 1455 1287 1558; baseline -0.002 -27"><span class='ocrx_word' id='word_1_71' title='bbox 217 1483 295 1531; x_wconf 86' lang='lat' dir='ltr'><strong>non</strong></span> <span class='ocrx_word' id='word_1_72' title='bbox 312 1463 556 1549; x_wconf 84' lang='lat' dir='ltr'><strong>committam,</strong></span> <span class='ocrx_word' id='word_1_73' title='bbox 575 1474 617 1530; x_wconf 93' lang='lat' dir='ltr'><strong>ut</strong></span> <span class='ocrx_word' id='word_1_74' title='bbox 632 1473 754 1532; x_wconf 82' lang='lat' dir='ltr'><strong>vestro</strong></span> <span class='ocrx_word' id='word_1_75' title='bbox 773 1458 953 1532; x_wconf 87' lang='lat' dir='ltr'><strong>beneficio</strong></span> <span class='ocrx_word' id='word_1_76' title='bbox 968 1455 999 1504; x_wconf 84' lang='lat'><strong>¹⁵</strong></span> <span class='ocrx_word' id='word_1_77' title='bbox 1018 1461 1156 1557; x_wconf 89' lang='lat' dir='ltr'><strong>potius,</strong></span> <span class='ocrx_word' id='word_1_78' title='bbox 1177 1483 1287 1558; x_wconf 84' lang='lat' dir='ltr'><strong>quam</strong></span> 
     </span>
     <span class='ocr_line' id='line_1_12' title="bbox 215 1569 931 1669; baseline 0 -29"><span class='ocrx_word' id='word_1_79' title='bbox 215 1584 343 1642; x_wconf 86' lang='lat' dir='ltr'><strong>nostm</strong></span> <span class='ocrx_word' id='word_1_80' title='bbox 361 1571 512 1642; x_wconf 89' lang='lat' dir='ltr'><strong>consilio</strong></span> <span class='ocrx_word' id='word_1_81' title='bbox 530 1569 618 1641; x_wconf 82' lang='lat' dir='ltr'><strong>calvi</strong></span> <span class='ocrx_word' id='word_1_82' title='bbox 640 1593 717 1642; x_wconf 84' lang='lat' dir='ltr'><strong>cese</strong></span> <span class='ocrx_word' id='word_1_83' title='bbox 738 1570 931 1669; x_wconf 81' lang='lat' dir='ltr'><strong>possimus.</strong></span> 
     </span>
    </p>

    <p class='ocr_par' dir='ltr' id='par_1_3' title="bbox 220 1679 1293 2103">
     <span class='ocr_line' id='line_1_13' title="bbox 265 1679 1288 1785; baseline -0.001 -35"><span class='ocrx_word' id='word_1_84' title='bbox 265 1682 327 1751; x_wconf 87' lang='lat' dir='ltr'><strong>VI.</strong></span> <span class='ocrx_word' id='word_1_85' title='bbox 352 1679 463 1772; x_wconf 89' lang='lat' dir='ltr'><strong>Quod</strong></span> <span class='ocrx_word' id='word_1_86' title='bbox 481 1703 568 1785; x_wconf 81' lang='lat' dir='ltr'><strong>vcro</strong></span> <span class='ocrx_word' id='word_1_87' title='bbox 588 1695 703 1752; x_wconf 89' lang='lat' dir='ltr'><strong>totam</strong></span> <span class='ocrx_word' id='word_1_88' title='bbox 726 1681 864 1753; x_wconf 87' lang='lat' dir='ltr'><strong>Italiam</strong></span> <span class='ocrx_word' id='word_1_89' title='bbox 885 1683 1011 1754; x_wconf 79' lang='lat' dir='ltr'><strong>vestris</strong></span> <span class='ocrx_word' id='word_1_90' title='bbox 1029 1680 1169 1752; x_wconf 89' lang='lat' dir='ltr'><strong>colonis</strong></span> <span class='ocrx_word' id='word_1_91' title='bbox 1189 1703 1288 1752; x_wconf 90' lang='lat' dir='ltr'><strong>com·</strong></span> 
     </span>
     <span class='ocr_line' id='line_1_14' title="bbox 220 1791 1293 1892; baseline -0.001 -30"><span class='ocrx_word' id='word_1_92' title='bbox 220 1791 325 1892; x_wconf 86' lang='lat' dir='ltr'><strong>plere</strong></span> <span class='ocrx_word' id='word_1_93' title='bbox 340 1791 523 1880; x_wconf 71' lang='lat' dir='ltr'><strong>vetustis,</strong></span> <span class='ocrx_word' id='word_1_94' title='bbox 545 1791 584 1862; x_wconf 91' lang='lat' dir='ltr'><strong>id</strong></span> <span class='ocrx_word' id='word_1_95' title='bbox 602 1792 805 1889; x_wconf 86' lang='lat' dir='ltr'><strong>cujusmodi</strong></span> <span class='ocrx_word' id='word_1_96' title='bbox 827 1806 920 1865; x_wconf 84' lang='lat' dir='ltr'><strong>esset</strong></span> <span class='ocrx_word' id='word_1_97' title='bbox 931 1803 957 1881; x_wconf 87' lang='lat'><strong>¹,</strong></span> <span class='ocrx_word' id='word_1_98' title='bbox 975 1793 1207 1862; x_wconf 85' lang='lat' dir='ltr'><strong>neminemne</strong></span> <span class='ocrx_word' id='word_1_99' title='bbox 1224 1811 1293 1861; x_wconf 67' lang='lat' dir='ltr'><strong>no·⁴</strong></span> 
     </span>
     <span class='ocr_line' id='line_1_15' title="bbox 220 1901 1289 1997; baseline -0.007 -21"><span class='ocrx_word' id='word_1_100' title='bbox 220 1917 336 1976; x_wconf 77' lang='lat' dir='ltr'><strong>strum</strong></span> <span class='ocrx_word' id='word_1_101' title='bbox 344 1902 612 1974; x_wconf 87' lang='lat' dir='ltr'><strong>intellecturum</strong></span> <span class='ocrx_word' id='word_1_102' title='bbox 625 1901 1100 1997; x_wconf 79' lang='lat' dir='ltr'><strong>existimavistisiScriptum</strong></span> <span class='ocrx_word' id='word_1_103' title='bbox 1109 1914 1163 1971; x_wconf 84' lang='lat' dir='ltr'><strong>est</strong></span> <span class='ocrx_word' id='word_1_104' title='bbox 1172 1901 1289 1970; x_wconf 85' lang='lat' dir='ltr'><strong>enim:</strong></span> 
     </span>
     <span class='ocr_line' id='line_1_16' title="bbox 223 2005 1289 2103; baseline -0.006 -19"><span class='ocrx_word' id='word_1_105' title='bbox 223 2013 314 2103; x_wconf 72' lang='lat' dir='ltr'><strong>Qum</strong></span> <span class='ocrx_word' id='word_1_106' title='bbox 334 2035 372 2084; x_wconf 80' lang='lat' dir='ltr'><strong>nt</strong></span> <span class='ocrx_word' id='word_1_107' title='bbox 389 2023 804 2101; x_wconf 74' lang='lat' dir='ltr'><strong>uun1c1r1e²,ouisouc</strong></span> <span class='ocrx_word' id='word_1_108' title='bbox 824 2035 861 2084; x_wconf 84' lang='lat' dir='ltr'><strong>ut</strong></span> <span class='ocrx_word' id='word_1_109' title='bbox 881 2005 1074 2083; x_wconf 79' lang='lat' dir='ltr'><strong>conomaa³</strong></span> <span class='ocrx_word' id='word_1_110' title='bbox 1092 2031 1289 2080; x_wconf 80' lang='lat' dir='ltr'><strong>neceuvmr</strong></span> 
     </span>
    </p>
   </div>
   <div class='ocr_carea' id='block_1_3' title="bbox 153 2185 1341 4147">
    <p class='ocr_par' dir='ltr' id='par_1_4' title="bbox 153 2185 1341 4147">
     <span class='ocr_line' id='line_1_17' title="bbox 221 2185 1290 2249; baseline -0.008 -11"><span class='ocrx_word' id='word_1_111' title='bbox 221 2191 345 2239; x_wconf 86' lang='lat' dir='ltr'><strong>Puteanua</strong></span> <span class='ocrx_word' id='word_1_112' title='bbox 360 2187 479 2238; x_wconf 77' lang='lat' dir='ltr'><strong>defendit.</strong></span> <span class='ocrx_word' id='word_1_113' title='bbox 497 2189 589 2237; x_wconf 86' lang='lat' dir='ltr'><strong>Omuea</strong></span> <span class='ocrx_word' id='word_1_114' title='bbox 607 2195 688 2236; x_wconf 88' lang='lat' dir='ltr'><strong>tamen</strong></span> <span class='ocrx_word' id='word_1_115' title='bbox 705 2188 735 2236; x_wconf 80' lang='lat' dir='ltr'><strong>a.</strong></span> <span class='ocrx_word' id='word_1_116' title='bbox 779 2185 903 2236; x_wconf 83' lang='lat' dir='ltr'><strong>andaciam</strong></span> <span class='ocrx_word' id='word_1_117' title='bbox 911 2198 1080 2249; x_wconf 70' lang='lat' dir='ltr'><strong>preoccupare</strong></span> <span class='ocrx_word' id='word_1_118' title='bbox 1092 2192 1117 2230; x_wconf 88' lang='lat' dir='ltr'><strong>et</strong></span> <span class='ocrx_word' id='word_1_119' title='bbox 1128 2191 1290 2230; x_wconf 78' lang='lat' dir='ltr'><strong>antevertere.</strong></span> 
     </span>
     <span class='ocr_line' id='line_1_18' title="bbox 221 2251 1293 2330; baseline -0.017 -12"><span class='ocrx_word' id='word_1_120' title='bbox 221 2267 356 2318; x_wconf 79' lang='lat' dir='ltr'><strong>lauredaui</strong></span> <span class='ocrx_word' id='word_1_121' title='bbox 377 2265 543 2330; x_wconf 76' lang='lat' dir='ltr'><strong>coniecturam</strong></span> <span class='ocrx_word' id='word_1_122' title='bbox 564 2263 689 2315; x_wconf 86' lang='lat' dir='ltr'><strong>admiaere.</strong></span> <span class='ocrx_word' id='word_1_123' title='bbox 701 2291 737 2304; x_wconf 87' lang='lat'>-</span> <span class='ocrx_word' id='word_1_124' title='bbox 814 2255 860 2308; x_wconf 80' lang='lat' dir='ltr'><strong>vt.</strong></span> <span class='ocrx_word' id='word_1_125' title='bbox 881 2271 903 2304; x_wconf 74' lang='lat' dir='ltr'><strong>r·</strong></span> <span class='ocrx_word' id='word_1_126' title='bbox 918 2255 951 2304; x_wconf 75' lang='lat' dir='ltr'><strong>ta</strong></span> <span class='ocrx_word' id='word_1_127' title='bbox 966 2251 1101 2319; x_wconf 73' lang='lat' dir='ltr'><strong>wjusmodi</strong></span> <span class='ocrx_word' id='word_1_128' title='bbox 1118 2263 1187 2301; x_wconf 79' lang='lat' dir='ltr'><strong>esset.</strong></span> <span class='ocrx_word' id='word_1_129' title='bbox 1206 2253 1293 2301; x_wconf 85' lang='lat' dir='ltr'><strong>Terret</strong></span> 
     </span>
     <span class='ocr_line' id='line_1_19' title="bbox 224 2331 1293 2410; baseline -0.017 -14"><span class='ocrx_word' id='word_1_130' title='bbox 224 2350 279 2398; x_wconf 80' lang='lat' dir='ltr'><strong>Tibi</strong></span> <span class='ocrx_word' id='word_1_131' title='bbox 290 2347 682 2410; x_wconf 73' lang='lat' dir='ltr'><strong>aas,1tutte,etinis.a‹tmonet</strong></span> <span class='ocrx_word' id='word_1_132' title='bbox 695 2345 737 2394; x_wconf 82' lang='lat' dir='ltr'><strong>bie</strong></span> <span class='ocrx_word' id='word_1_133' title='bbox 780 2339 887 2395; x_wconf 82' lang='lat' dir='ltr'><strong>animoa,</strong></span> <span class='ocrx_word' id='word_1_134' title='bbox 901 2345 925 2384; x_wconf 90' lang='lat' dir='ltr'><strong>et</strong></span> <span class='ocrx_word' id='word_1_135' title='bbox 936 2333 1020 2382; x_wconf 89' lang='lat' dir='ltr'><strong>odium</strong></span> <span class='ocrx_word' id='word_1_136' title='bbox 1031 2334 1058 2380; x_wconf 91' lang='lat' dir='ltr'><strong>iu</strong></span> <span class='ocrx_word' id='word_1_137' title='bbox 1071 2331 1172 2380; x_wconf 79' lang='lat' dir='ltr'><strong>Rullum</strong></span> <span class='ocrx_word' id='word_1_138' title='bbox 1184 2333 1293 2380; x_wconf 86' lang='lat' dir='ltr'><strong>concitat</strong></span> 
     </span>
     <span class='ocr_line' id='line_1_20' title="bbox 223 2409 1292 2491; baseline -0.02 -13"><span class='ocrx_word' id='word_1_139' title='bbox 223 2441 317 2488; x_wconf 87' lang='lat' dir='ltr'><strong>orator,</strong></span> <span class='ocrx_word' id='word_1_140' title='bbox 331 2444 381 2476; x_wconf 87' lang='lat' dir='ltr'><strong>non</strong></span> <span class='ocrx_word' id='word_1_141' title='bbox 398 2427 423 2474; x_wconf 89' lang='lat' dir='ltr'><strong>iu</strong></span> <span class='ocrx_word' id='word_1_142' title='bbox 440 2428 567 2491; x_wconf 87' lang='lat' dir='ltr'><strong>pecuniam</strong></span> <span class='ocrx_word' id='word_1_143' title='bbox 582 2425 672 2474; x_wconf 78' lang='lat' dir='ltr'><strong>civium</strong></span> <span class='ocrx_word' id='word_1_144' title='bbox 684 2437 737 2474; x_wconf 81' lang='lat' dir='ltr'><strong>tun·</strong></span> <span class='ocrx_word' id='word_1_145' title='bbox 779 2415 882 2483; x_wconf 74' lang='lat' dir='ltr'><strong>periculi</strong></span> <span class='ocrx_word' id='word_1_146' title='bbox 908 2413 1057 2463; x_wconf 82' lang='lat' dir='ltr'><strong>imminentia</strong></span> <span class='ocrx_word' id='word_1_147' title='bbox 1083 2411 1209 2476; x_wconf 76' lang='lat' dir='ltr'><strong>imagine:</strong></span> <span class='ocrx_word' id='word_1_148' title='bbox 1230 2409 1292 2458; x_wconf 85' lang='lat' dir='ltr'><strong>nibil</strong></span> 
     </span>
     <span class='ocr_line' id='line_1_21' title="bbox 221 2487 1291 2568; baseline -0.019 -12"><span class='ocrx_word' id='word_1_149' title='bbox 221 2507 359 2568; x_wconf 83' lang='lat' dir='ltr'><strong>tunamodc,</strong></span> <span class='ocrx_word' id='word_1_150' title='bbox 365 2507 408 2554; x_wconf 90' lang='lat' dir='ltr'><strong>aed</strong></span> <span class='ocrx_word' id='word_1_151' title='bbox 417 2508 473 2553; x_wconf 91' lang='lat' dir='ltr'><strong>etin</strong></span> <span class='ocrx_word' id='word_1_152' title='bbox 479 2505 618 2555; x_wconf 79' lang='lat' dir='ltr'><strong>libertatern</strong></span> <span class='ocrx_word' id='word_1_153' title='bbox 627 2503 736 2554; x_wconf 80' lang='lat' dir='ltr'><strong>omniurn</strong></span> <span class='ocrx_word' id='word_1_154' title='bbox 781 2497 845 2546; x_wconf 89' lang='lat' dir='ltr'><strong>enim</strong></span> <span class='ocrx_word' id='word_1_155' title='bbox 858 2495 925 2544; x_wconf 88' lang='lat' dir='ltr'><strong>alind</strong></span> <span class='ocrx_word' id='word_1_156' title='bbox 935 2493 1046 2543; x_wconf 88' lang='lat' dir='ltr'><strong>tn&#39;bunua</strong></span> <span class='ocrx_word' id='word_1_157' title='bbox 1057 2501 1137 2538; x_wconf 91' lang='lat' dir='ltr'><strong>mente</strong></span> <span class='ocrx_word' id='word_1_158' title='bbox 1146 2487 1291 2539; x_wconf 85' lang='lat' dir='ltr'><strong>deatinatum</strong></span> 
     </span>
     <span class='ocr_line' id='line_1_22' title="bbox 153 2569 1290 2651; baseline -0.019 -15"><span class='ocrx_word' id='word_1_159' title='bbox 153 2621 156 2628; x_wconf 80' lang='lat'><strong>,</strong></span> <span class='ocrx_word' id='word_1_160' title='bbox 221 2586 322 2635; x_wconf 87' lang='lat' dir='ltr'><strong>inaidiaa</strong></span> <span class='ocrx_word' id='word_1_161' title='bbox 340 2585 428 2650; x_wconf 86' lang='lat' dir='ltr'><strong>parari.</strong></span> <span class='ocrx_word' id='word_1_162' title='bbox 449 2585 511 2648; x_wconf 88' lang='lat' dir='ltr'><strong>Quia</strong></span> <span class='ocrx_word' id='word_1_163' title='bbox 527 2587 590 2633; x_wconf 86' lang='lat' dir='ltr'><strong>enim</strong></span> <span class='ocrx_word' id='word_1_164' title='bbox 604 2582 737 2651; x_wconf 83' lang='lat' dir='ltr'><strong>probibere</strong></span> <span class='ocrx_word' id='word_1_165' title='bbox 779 2577 868 2634; x_wconf 80' lang='lat' dir='ltr'><strong>habet,</strong></span> <span class='ocrx_word' id='word_1_166' title='bbox 893 2574 940 2622; x_wconf 90' lang='lat' dir='ltr'><strong>niai</strong></span> <span class='ocrx_word' id='word_1_167' title='bbox 966 2569 1140 2637; x_wconf 81' lang='lat' dir='ltr'><strong>rempublicam</strong></span> <span class='ocrx_word' id='word_1_168' title='bbox 1166 2579 1290 2628; x_wconf 81' lang='lat' dir='ltr'><strong>evertere,</strong></span> 
     </span>
     <span class='ocr_line' id='line_1_23' title="bbox 221 2649 1291 2733; baseline -0.019 -18"><span class='ocrx_word' id='word_1_169' title='bbox 221 2666 328 2733; x_wconf 87' lang='lat' dir='ltr'><strong>poten&#39;t,</strong></span> <span class='ocrx_word' id='word_1_170' title='bbox 354 2667 414 2728; x_wconf 88' lang='lat' dir='ltr'><strong>quin</strong></span> <span class='ocrx_word' id='word_1_171' title='bbox 443 2681 519 2729; x_wconf 88' lang='lat' dir='ltr'><strong>quum</strong></span> <span class='ocrx_word' id='word_1_172' title='bbox 545 2665 655 2712; x_wconf 75' lang='lat' dir='ltr'><strong>coloniae</strong></span> <span class='ocrx_word' id='word_1_173' title='bbox 677 2677 737 2726; x_wconf 83' lang='lat' dir='ltr'><strong>quaa</strong></span> <span class='ocrx_word' id='word_1_174' title='bbox 779 2649 994 2721; x_wconf 84' lang='lat' dir='ltr'><strong>paullatimquead</strong></span> <span class='ocrx_word' id='word_1_175' title='bbox 1007 2649 1032 2696; x_wconf 89' lang='lat' dir='ltr'><strong>id</strong></span> <span class='ocrx_word' id='word_1_176' title='bbox 1047 2649 1291 2713; x_wconf 79' lang='lat' dir='ltr'><strong>injuriaauagraaaa·</strong></span> 
     </span>
     <span class='ocr_line' id='line_1_24' title="bbox 222 2728 1294 2808; baseline -0.018 -13"><span class='ocrx_word' id='word_1_177' title='bbox 222 2745 341 2808; x_wconf 79' lang='lat' dir='ltr'><strong>voluerit,</strong></span> <span class='ocrx_word' id='word_1_178' title='bbox 355 2744 412 2792; x_wconf 90' lang='lat' dir='ltr'><strong>urbi</strong></span> <span class='ocrx_word' id='word_1_179' title='bbox 426 2753 516 2792; x_wconf 76' lang='lat' dir='ltr'><strong>uoctrae</strong></span> <span class='ocrx_word' id='word_1_180' title='bbox 533 2740 737 2802; x_wconf 83' lang='lat' dir='ltr'><strong>circumdederit,</strong></span> <span class='ocrx_word' id='word_1_181' title='bbox 780 2746 829 2783; x_wconf 88' lang='lat' dir='ltr'><strong>tur.</strong></span> <span class='ocrx_word' id='word_1_182' title='bbox 841 2731 975 2796; x_wconf 82' lang='lat' dir='ltr'><strong>Municipia</strong></span> <span class='ocrx_word' id='word_1_183' title='bbox 984 2730 1048 2778; x_wconf 90' lang='lat' dir='ltr'><strong>enim</strong></span> <span class='ocrx_word' id='word_1_184' title='bbox 1056 2741 1082 2778; x_wconf 91' lang='lat' dir='ltr'><strong>et</strong></span> <span class='ocrx_word' id='word_1_185' title='bbox 1088 2729 1196 2777; x_wconf 81' lang='lat' dir='ltr'><strong>coloniae</strong></span> <span class='ocrx_word' id='word_1_186' title='bbox 1205 2728 1294 2778; x_wconf 78' lang='lat' dir='ltr'><strong>Rullna</strong></span> 
     </span>
     <span class='ocr_line' id='line_1_25' title="bbox 222 2807 1293 2890; baseline -0.016 -16"><span class='ocrx_word' id='word_1_187' title='bbox 222 2841 299 2890; x_wconf 86' lang='lat' dir='ltr'><strong>quum</strong></span> <span class='ocrx_word' id='word_1_188' title='bbox 312 2839 359 2872; x_wconf 89' lang='lat' dir='ltr'><strong>noa</strong></span> <span class='ocrx_word' id='word_1_189' title='bbox 372 2824 486 2872; x_wconf 75' lang='lat' dir='ltr'><strong>omnibu·</strong></span> <span class='ocrx_word' id='word_1_190' title='bbox 498 2823 624 2873; x_wconf 70' lang='lat' dir='ltr'><strong>fraudibus</strong></span> <span class='ocrx_word' id='word_1_191' title='bbox 634 2821 737 2868; x_wconf 82' lang='lat' dir='ltr'><strong>circum·</strong></span> <span class='ocrx_word' id='word_1_192' title='bbox 781 2811 933 2872; x_wconf 79' lang='lat' dir='ltr'><strong>nominabat,</strong></span> <span class='ocrx_word' id='word_1_193' title='bbox 943 2821 971 2859; x_wconf 91' lang='lat' dir='ltr'><strong>nt</strong></span> <span class='ocrx_word' id='word_1_194' title='bbox 981 2809 1110 2874; x_wconf 80' lang='lat' dir='ltr'><strong>generatim</strong></span> <span class='ocrx_word' id='word_1_195' title='bbox 1121 2825 1207 2857; x_wconf 85' lang='lat' dir='ltr'><strong>omnea</strong></span> <span class='ocrx_word' id='word_1_196' title='bbox 1216 2807 1293 2858; x_wconf 75' lang='lat' dir='ltr'><strong>Iuliae</strong></span> 
     </span>
     <span class='ocr_line' id='line_1_26' title="bbox 221 2889 1341 2968; baseline -0.021 -14"><span class='ocrx_word' id='word_1_197' title='bbox 221 2915 308 2954; x_wconf 84' lang='lat' dir='ltr'><strong>veutua</strong></span> <span class='ocrx_word' id='word_1_198' title='bbox 321 2904 485 2968; x_wconf 87' lang='lat' dir='ltr'><strong>oppreaaerit,</strong></span> <span class='ocrx_word' id='word_1_199' title='bbox 502 2905 528 2952; x_wconf 89' lang='lat' dir='ltr'><strong>in</strong></span> <span class='ocrx_word' id='word_1_200' title='bbox 547 2913 622 2966; x_wconf 88' lang='lat' dir='ltr'><strong>caput</strong></span> <span class='ocrx_word' id='word_1_201' title='bbox 638 2915 736 2966; x_wconf 87' lang='lat' dir='ltr'><strong>quoque</strong></span> <span class='ocrx_word' id='word_1_202' title='bbox 779 2895 890 2944; x_wconf 81' lang='lat' dir='ltr'><strong>civitatee</strong></span> <span class='ocrx_word' id='word_1_203' title='bbox 898 2889 1107 2956; x_wconf 86' lang='lat' dir='ltr'><strong>complecteretur.</strong></span> <span class='ocrx_word' id='word_1_204' title='bbox 1338 2889 1341 2898; x_wconf 86' lang='lat'><em>&#39;</em></span> 
     </span>
     <span class='ocr_line' id='line_1_27' title="bbox 223 2965 1287 3047; baseline -0.02 -14"><span class='ocrx_word' id='word_1_205' title='bbox 223 2995 334 3033; x_wconf 85' lang='lat' dir='ltr'><strong>noatrunt</strong></span> <span class='ocrx_word' id='word_1_206' title='bbox 363 2992 388 3031; x_wconf 93' lang='lat' dir='ltr'><strong>et</strong></span> <span class='ocrx_word' id='word_1_207' title='bbox 416 2983 443 3031; x_wconf 88' lang='lat' dir='ltr'><strong>iu</strong></span> <span class='ocrx_word' id='word_1_208' title='bbox 470 2982 644 3047; x_wconf 85' lang='lat' dir='ltr'><strong>rempublicam</strong></span> <span class='ocrx_word' id='word_1_209' title='bbox 667 2989 735 3044; x_wconf 84' lang='lat' dir='ltr'><strong>agat,</strong></span> <span class='ocrx_word' id='word_1_210' title='bbox 814 2989 839 3022; x_wconf 83' lang='lat' dir='ltr'><strong>a.</strong></span> <span class='ocrx_word' id='word_1_211' title='bbox 854 2969 996 3035; x_wconf 71' lang='lat' dir='ltr'><strong>Municcpia.</strong></span> <span class='ocrx_word' id='word_1_212' title='bbox 1019 2965 1118 3034; x_wconf 85' lang='lat' dir='ltr'><strong>Oppida</strong></span> <span class='ocrx_word' id='word_1_213' title='bbox 1127 2976 1287 3015; x_wconf 86' lang='lat' dir='ltr'><strong>erantroma·</strong></span> 
     </span>
     <span class='ocr_line' id='line_1_28' title="bbox 224 3045 1292 3128; baseline -0.019 -16"><span class='ocrx_word' id='word_1_214' title='bbox 224 3079 300 3128; x_wconf 88' lang='lat' dir='ltr'><strong>quum</strong></span> <span class='ocrx_word' id='word_1_215' title='bbox 318 3077 391 3111; x_wconf 88' lang='lat' dir='ltr'><strong>nemo</strong></span> <span class='ocrx_word' id='word_1_216' title='bbox 411 3063 479 3128; x_wconf 89' lang='lat' dir='ltr'><strong>priua</strong></span> <span class='ocrx_word' id='word_1_217' title='bbox 501 3061 564 3110; x_wconf 89' lang='lat' dir='ltr'><strong>illud</strong></span> <span class='ocrx_word' id='word_1_218' title='bbox 582 3058 689 3108; x_wconf 78' lang='lat' dir='ltr'><strong>audacie</strong></span> <span class='ocrx_word' id='word_1_219' title='bbox 712 3065 737 3106; x_wconf 92' lang='lat' dir='ltr'><strong>et</strong></span> <span class='ocrx_word' id='word_1_220' title='bbox 779 3069 810 3102; x_wconf 90' lang='lat' dir='ltr'><strong>na</strong></span> <span class='ocrx_word' id='word_1_221' title='bbox 828 3051 925 3101; x_wconf 78' lang='lat' dir='ltr'><strong>civitate</strong></span> <span class='ocrx_word' id='word_1_222' title='bbox 946 3048 1044 3097; x_wconf 87' lang='lat' dir='ltr'><strong>donata.</strong></span> <span class='ocrx_word' id='word_1_223' title='bbox 1064 3047 1147 3110; x_wconf 87' lang='lat' dir='ltr'><strong>Quum</strong></span> <span class='ocrx_word' id='word_1_224' title='bbox 1166 3055 1246 3094; x_wconf 86' lang='lat' dir='ltr'><strong>autem</strong></span> <span class='ocrx_word' id='word_1_225' title='bbox 1264 3045 1292 3092; x_wconf 89' lang='lat' dir='ltr'><strong>in</strong></span> 
     </span>
     <span class='ocr_line' id='line_1_29' title="bbox 222 3124 1294 3196; baseline -0.021 -5"><span class='ocrx_word' id='word_1_226' title='bbox 222 3144 312 3191; x_wconf 82' lang='lat' dir='ltr'><strong>uirium</strong></span> <span class='ocrx_word' id='word_1_227' title='bbox 325 3149 501 3189; x_wconf 80' lang='lat' dir='ltr'><strong>tentamentum</strong></span> <span class='ocrx_word' id='word_1_228' title='bbox 510 3137 685 3188; x_wconf 80' lang='lat' dir='ltr'><strong>refrenaverit?</strong></span> <span class='ocrx_word' id='word_1_229' title='bbox 779 3131 911 3196; x_wconf 88' lang='lat' dir='ltr'><strong>municipia</strong></span> <span class='ocrx_word' id='word_1_230' title='bbox 922 3127 1021 3177; x_wconf 88' lang='lat' dir='ltr'><strong>deducti</strong></span> <span class='ocrx_word' id='word_1_231' title='bbox 1030 3125 1114 3174; x_wconf 89' lang='lat' dir='ltr'><strong>coloni</strong></span> <span class='ocrx_word' id='word_1_232' title='bbox 1123 3135 1208 3187; x_wconf 89' lang='lat' dir='ltr'><strong>erant,</strong></span> <span class='ocrx_word' id='word_1_233' title='bbox 1220 3124 1244 3172; x_wconf 91' lang='lat' dir='ltr'><strong>in</strong></span> <span class='ocrx_word' id='word_1_234' title='bbox 1253 3124 1294 3186; x_wconf 85' lang='lat' dir='ltr'><strong>jue</strong></span> 
     </span>
     <span class='ocr_line' id='line_1_30' title="bbox 260 3203 1294 3276; baseline -0.019 -7"><span class='ocrx_word' id='word_1_235' title='bbox 260 3229 301 3276; x_wconf 71' lang='grc' dir='ltr'><strong>ιι.</strong></span> <span class='ocrx_word' id='word_1_236' title='bbox 317 3221 355 3267; x_wconf 86' lang='lat' dir='ltr'><strong>Ne</strong></span> <span class='ocrx_word' id='word_1_237' title='bbox 364 3219 390 3267; x_wconf 84' lang='lat' dir='ltr'><strong>in</strong></span> <span class='ocrx_word' id='word_1_238' title='bbox 403 3219 527 3268; x_wconf 76' lang='lat' dir='ltr'><strong>Ianiculo.</strong></span> <span class='ocrx_word' id='word_1_239' title='bbox 541 3221 616 3268; x_wconf 85' lang='lat' dir='ltr'><strong>Mona</strong></span> <span class='ocrx_word' id='word_1_240' title='bbox 627 3217 668 3265; x_wconf 93' lang='lat' dir='ltr'><strong>ille</strong></span> <span class='ocrx_word' id='word_1_241' title='bbox 681 3213 736 3264; x_wconf 91' lang='lat' dir='ltr'><strong>urbi</strong></span> <span class='ocrx_word' id='word_1_242' title='bbox 779 3211 930 3260; x_wconf 84' lang='lat' dir='ltr'><strong>coloniarum</strong></span> <span class='ocrx_word' id='word_1_243' title='bbox 939 3205 1084 3264; x_wconf 87' lang='lat' dir='ltr'><strong>tranaibant;</strong></span> <span class='ocrx_word' id='word_1_244' title='bbox 1095 3214 1118 3252; x_wconf 91' lang='lat' dir='ltr'><strong>et</strong></span> <span class='ocrx_word' id='word_1_245' title='bbox 1127 3203 1189 3252; x_wconf 84' lang='lat' dir='ltr'><strong>sslud</strong></span> <span class='ocrx_word' id='word_1_246' title='bbox 1200 3203 1294 3268; x_wconf 86' lang='lat' dir='ltr'><strong>optime</strong></span> 
     </span>
     <span class='ocr_line' id='line_1_31' title="bbox 223 3278 1293 3363; baseline -0.016 -18"><span class='ocrx_word' id='word_1_247' title='bbox 223 3301 332 3357; x_wconf 84' lang='lat' dir='ltr'><strong>viciuua,</strong></span> <span class='ocrx_word' id='word_1_248' title='bbox 346 3297 367 3346; x_wconf 88' lang='lat' dir='ltr'><strong>el</strong></span> <span class='ocrx_word' id='word_1_249' title='bbox 381 3297 551 3363; x_wconf 85' lang='lat' dir='ltr'><strong>impendebat,</strong></span> <span class='ocrx_word' id='word_1_250' title='bbox 565 3299 599 3345; x_wconf 82' lang='lat' dir='ltr'><strong>ita</strong></span> <span class='ocrx_word' id='word_1_251' title='bbox 610 3307 637 3345; x_wconf 91' lang='lat' dir='ltr'><strong>ut</strong></span> <span class='ocrx_word' id='word_1_252' title='bbox 652 3293 738 3344; x_wconf 83' lang='lat' dir='ltr'><strong>facilli·</strong></span> <span class='ocrx_word' id='word_1_253' title='bbox 781 3307 835 3340; x_wconf 86' lang='lat' dir='ltr'><strong>cum</strong></span> <span class='ocrx_word' id='word_1_254' title='bbox 846 3289 914 3343; x_wconf 79' lang='lat' dir='ltr'><strong>Rulli</strong></span> <span class='ocrx_word' id='word_1_255' title='bbox 927 3285 1034 3336; x_wconf 87' lang='lat' dir='ltr'><strong>coneiliia</strong></span> <span class='ocrx_word' id='word_1_256' title='bbox 1049 3282 1195 3348; x_wconf 78' lang='lat' dir='ltr'><strong>congruebat</strong></span> <span class='ocrx_word' id='word_1_257' title='bbox 1205 3315 1213 3340; x_wconf 93' lang='lat'><strong>,</strong></span> <span class='ocrx_word' id='word_1_258' title='bbox 1223 3278 1293 3344; x_wconf 85' lang='lat' dir='ltr'><strong>quod</strong></span> 
     </span>
     <span class='ocr_line' id='line_1_32' title="bbox 223 3360 1293 3437; baseline -0.021 -11"><span class='ocrx_word' id='word_1_259' title='bbox 223 3395 262 3427; x_wconf 87' lang='lat' dir='ltr'><strong>rue</strong></span> <span class='ocrx_word' id='word_1_260' title='bbox 274 3377 331 3425; x_wconf 91' lang='lat' dir='ltr'><strong>inde</strong></span> <span class='ocrx_word' id='word_1_261' title='bbox 342 3378 369 3423; x_wconf 90' lang='lat' dir='ltr'><strong>in</strong></span> <span class='ocrx_word' id='word_1_262' title='bbox 377 3378 481 3424; x_wconf 79' lang='lat' dir='ltr'><strong>Romam</strong></span> <span class='ocrx_word' id='word_1_263' title='bbox 490 3393 503 3424; x_wconf 88' lang='lat' dir='ltr'><strong>a</strong></span> <span class='ocrx_word' id='word_1_264' title='bbox 513 3375 626 3437; x_wconf 86' lang='lat' dir='ltr'><strong>tribuno,</strong></span> <span class='ocrx_word' id='word_1_265' title='bbox 637 3375 658 3423; x_wconf 93' lang='lat' dir='ltr'><strong>ai</strong></span> <span class='ocrx_word' id='word_1_266' title='bbox 667 3373 737 3422; x_wconf 89' lang='lat' dir='ltr'><strong>illum</strong></span> <span class='ocrx_word' id='word_1_267' title='bbox 780 3382 909 3436; x_wconf 82' lang='lat' dir='ltr'><strong>postquam</strong></span> <span class='ocrx_word' id='word_1_268' title='bbox 921 3365 1054 3429; x_wconf 82' lang='lat' dir='ltr'><strong>municipia</strong></span> <span class='ocrx_word' id='word_1_269' title='bbox 1067 3363 1093 3410; x_wconf 88' lang='lat' dir='ltr'><strong>in</strong></span> <span class='ocrx_word' id='word_1_270' title='bbox 1106 3360 1215 3410; x_wconf 80' lang='lat' dir='ltr'><strong>coloniae</strong></span> <span class='ocrx_word' id='word_1_271' title='bbox 1229 3374 1293 3406; x_wconf 89' lang='lat' dir='ltr'><strong>con·</strong></span> 
     </span>
     <span class='ocr_line' id='line_1_33' title="bbox 226 3438 1295 3528; baseline -0.022 -21"><span class='ocrx_word' id='word_1_272' title='bbox 226 3465 376 3522; x_wconf 72' lang='lat' dir='ltr'><strong>occupasset,</strong></span> <span class='ocrx_word' id='word_1_273' title='bbox 387 3456 460 3502; x_wconf 86' lang='lat' dir='ltr'><strong>atatni</strong></span> <span class='ocrx_word' id='word_1_274' title='bbox 471 3465 570 3519; x_wconf 86' lang='lat' dir='ltr'><strong>poaaent</strong></span> <span class='ocrx_word' id='word_1_275' title='bbox 581 3453 684 3502; x_wconf 77' lang='lat' dir='ltr'><strong>incidiae.</strong></span> <span class='ocrx_word' id='word_1_276' title='bbox 780 3451 906 3508; x_wconf 67' lang='lat' dir='ltr'><strong>tertiaeet,</strong></span> <span class='ocrx_word' id='word_1_277' title='bbox 927 3447 968 3494; x_wconf 89' lang='lat' dir='ltr'><strong>illa</strong></span> <span class='ocrx_word' id='word_1_278' title='bbox 987 3443 1055 3492; x_wconf 79' lang='lat' dir='ltr'><strong>brevi</strong></span> <span class='ocrx_word' id='word_1_279' title='bbox 1074 3439 1143 3488; x_wconf 82' lang='lat' dir='ltr'><strong>novia</strong></span> <span class='ocrx_word' id='word_1_280' title='bbox 1162 3438 1295 3528; x_wconf 71' lang='lat' dir='ltr'><strong>inatrperet</strong></span> 
     </span>
     <span class='ocr_line' id='line_1_34' title="bbox 262 3517 1294 3600; baseline -0.023 -16"><span class='ocrx_word' id='word_1_281' title='bbox 262 3537 305 3585; x_wconf 79' lang='lat'><strong>15.</strong></span> <span class='ocrx_word' id='word_1_282' title='bbox 322 3537 406 3582; x_wconf 81' lang='lat' dir='ltr'><strong>Vestro</strong></span> <span class='ocrx_word' id='word_1_283' title='bbox 426 3531 548 3600; x_wconf 75' lang='lat' dir='ltr'><strong>beneficio.</strong></span> <span class='ocrx_word' id='word_1_284' title='bbox 568 3536 655 3582; x_wconf 78' lang='lat' dir='ltr'><strong>Gruter</strong></span> <span class='ocrx_word' id='word_1_285' title='bbox 675 3531 739 3579; x_wconf 86' lang='lat' dir='ltr'><strong>enim</strong></span> <span class='ocrx_word' id='word_1_286' title='bbox 784 3528 889 3588; x_wconf 86' lang='lat' dir='ltr'><strong>incolia,</strong></span> <span class='ocrx_word' id='word_1_287' title='bbox 910 3525 1007 3588; x_wconf 86' lang='lat' dir='ltr'><strong>alioque</strong></span> <span class='ocrx_word' id='word_1_288' title='bbox 1033 3517 1183 3578; x_wconf 57' lang='lat' dir='ltr'><strong>transferrem</strong></span> <span class='ocrx_word' id='word_1_289' title='bbox 1209 3531 1294 3580; x_wconf 83' lang='lat' dir='ltr'><strong>arcqne</strong></span> 
     </span>
     <span class='ocr_line' id='line_1_35' title="bbox 225 3595 1329 3679; baseline -0.024 -14"><span class='ocrx_word' id='word_1_290' title='bbox 225 3615 297 3665; x_wconf 74' lang='lat' dir='ltr'><strong>vobis</strong></span> <span class='ocrx_word' id='word_1_291' title='bbox 310 3630 323 3662; x_wconf 89' lang='lat' dir='ltr'><strong>a</strong></span> <span class='ocrx_word' id='word_1_292' title='bbox 337 3609 740 3679; x_wconf 73' lang='lat' dir='ltr'><strong>populoromanoeruntagendae,</strong></span> <span class='ocrx_word' id='word_1_293' title='bbox 784 3617 860 3655; x_wconf 84' lang='lat' dir='ltr'><strong>totam</strong></span> <span class='ocrx_word' id='word_1_294' title='bbox 874 3621 918 3670; x_wconf 91' lang='lat' dir='ltr'><strong>per</strong></span> <span class='ocrx_word' id='word_1_295' title='bbox 931 3603 1037 3661; x_wconf 85' lang='lat' dir='ltr'><strong>ltaliam,</strong></span> <span class='ocrx_word' id='word_1_296' title='bbox 1053 3613 1110 3646; x_wconf 86' lang='lat' dir='ltr'><strong>auca</strong></span> <span class='ocrx_word' id='word_1_297' title='bbox 1125 3595 1172 3644; x_wconf 88' lang='lat' dir='ltr'><strong>eibi</strong></span> <span class='ocrx_word' id='word_1_298' title='bbox 1187 3595 1295 3643; x_wconf 88' lang='lat' dir='ltr'><strong>circum·</strong></span> <span class='ocrx_word' id='word_1_299' title='bbox 1324 3650 1329 3661; x_wconf 43' lang='grc' dir='ltr'>Ι</span> 
     </span>
     <span class='ocr_line' id='line_1_36' title="bbox 226 3686 862 3759; baseline -0.019 -14"><span class='ocrx_word' id='word_1_300' title='bbox 226 3697 338 3759; x_wconf 86' lang='lat' dir='ltr'><strong>aiquunr</strong></span> <span class='ocrx_word' id='word_1_301' title='bbox 362 3707 407 3740; x_wconf 91' lang='lat' dir='ltr'><strong>noa</strong></span> <span class='ocrx_word' id='word_1_302' title='bbox 424 3691 519 3739; x_wconf 73' lang='lat' dir='ltr'><strong>vinctor</strong></span> <span class='ocrx_word' id='word_1_303' title='bbox 533 3690 647 3754; x_wconf 85' lang='lat' dir='ltr'><strong>omuibna</strong></span> <span class='ocrx_word' id='word_1_304' title='bbox 661 3687 740 3737; x_wconf 87' lang='lat' dir='ltr'><strong>modia</strong></span> <span class='ocrx_word' id='word_1_305' title='bbox 785 3686 862 3735; x_wconf 77' lang='lat' dir='ltr'><strong>daret</strong></span> 
     </span>
     <span class='ocr_line' id='line_1_37' title="bbox 227 3751 1296 3835; baseline -0.024 -11"><span class='ocrx_word' id='word_1_306' title='bbox 227 3776 298 3825; x_wconf 78' lang='lat' dir='ltr'><strong>uobia</strong></span> <span class='ocrx_word' id='word_1_307' title='bbox 320 3770 504 3831; x_wconf 84' lang='lat' dir='ltr'><strong>tradiderimua,</strong></span> <span class='ocrx_word' id='word_1_308' title='bbox 521 3772 595 3835; x_wconf 84' lang='lat' dir='ltr'><strong>capiti</strong></span> <span class='ocrx_word' id='word_1_309' title='bbox 612 3779 697 3817; x_wconf 89' lang='lat' dir='ltr'><strong>noatro</strong></span> <span class='ocrx_word' id='word_1_310' title='bbox 717 3778 742 3815; x_wconf 91' lang='lat' dir='ltr'><strong>et</strong></span> <span class='ocrx_word' id='word_1_311' title='bbox 822 3765 846 3814; x_wconf 81' lang='lat'><strong>3.</strong></span> <span class='ocrx_word' id='word_1_312' title='bbox 861 3765 974 3828; x_wconf 78' lang='lat' dir='ltr'><strong>Quasque</strong></span> <span class='ocrx_word' id='word_1_313' title='bbox 989 3761 1013 3810; x_wconf 80' lang='lat' dir='ltr'><strong>in</strong></span> <span class='ocrx_word' id='word_1_314' title='bbox 1028 3753 1146 3807; x_wconf 74' lang='lat' dir='ltr'><strong>colonias.</strong></span> <span class='ocrx_word' id='word_1_315' title='bbox 1161 3755 1217 3802; x_wconf 85' lang='lat' dir='ltr'><strong>lloc</strong></span> <span class='ocrx_word' id='word_1_316' title='bbox 1235 3751 1296 3816; x_wconf 83' lang='lat' dir='ltr'><strong>legia</strong></span> 
     </span>
     <span class='ocr_line' id='line_1_38' title="bbox 230 3831 1296 3922; baseline -0.025 -19"><span class='ocrx_word' id='word_1_317' title='bbox 230 3854 371 3919; x_wconf 76' lang='lat' dir='ltr'><strong>reipublice</strong></span> <span class='ocrx_word' id='word_1_318' title='bbox 396 3851 509 3916; x_wconf 83' lang='lat' dir='ltr'><strong>parentia.</strong></span> <span class='ocrx_word' id='word_1_319' title='bbox 545 3849 620 3913; x_wconf 85' lang='lat' dir='ltr'><strong>Quod</strong></span> <span class='ocrx_word' id='word_1_320' title='bbox 642 3859 739 3898; x_wconf 77' lang='lat' dir='ltr'><strong>autem,</strong></span> <span class='ocrx_word' id='word_1_321' title='bbox 785 3843 964 3909; x_wconf 85' lang='lat' dir='ltr'><strong>capitellullua</strong></span> <span class='ocrx_word' id='word_1_322' title='bbox 979 3853 1075 3888; x_wconf 90' lang='lat' dir='ltr'><strong>omnem</strong></span> <span class='ocrx_word' id='word_1_323' title='bbox 1088 3831 1228 3899; x_wconf 73' lang='lat' dir='ltr'><strong>reipublice</strong></span> <span class='ocrx_word' id='word_1_324' title='bbox 1245 3832 1296 3922; x_wconf 71' lang='lat' dir='ltr'><strong>ior·</strong></span> 
     </span>
     <span class='ocr_line' id='line_1_39' title="bbox 229 3911 1295 4000; baseline -0.027 -17"><span class='ocrx_word' id='word_1_325' title='bbox 229 3949 304 3996; x_wconf 87' lang='lat' dir='ltr'><strong>quum</strong></span> <span class='ocrx_word' id='word_1_326' title='bbox 325 3941 433 3979; x_wconf 85' lang='lat' dir='ltr'><strong>anteacta</strong></span> <span class='ocrx_word' id='word_1_327' title='bbox 447 3943 525 3978; x_wconf 84' lang='lat' dir='ltr'><strong>veatra</strong></span> <span class='ocrx_word' id='word_1_328' title='bbox 542 3931 592 3977; x_wconf 80' lang='lat' dir='ltr'><strong>vita</strong></span> <span class='ocrx_word' id='word_1_329' title='bbox 604 3926 740 3992; x_wconf 85' lang='lat' dir='ltr'><strong>agendique</strong></span> <span class='ocrx_word' id='word_1_330' title='bbox 784 3939 846 3974; x_wconf 86' lang='lat' dir='ltr'><strong>maru</strong></span> <span class='ocrx_word' id='word_1_331' title='bbox 859 3918 1035 3975; x_wconf 88' lang='lat' dir='ltr'><strong>commutabat,</strong></span> <span class='ocrx_word' id='word_1_332' title='bbox 1050 3929 1124 3978; x_wconf 89' lang='lat' dir='ltr'><strong>quum</strong></span> <span class='ocrx_word' id='word_1_333' title='bbox 1134 3911 1219 3960; x_wconf 88' lang='lat' dir='ltr'><strong>liceret</strong></span> <span class='ocrx_word' id='word_1_334' title='bbox 1231 3926 1253 3957; x_wconf 86' lang='lat' dir='ltr'><strong>er</strong></span> <span class='ocrx_word' id='word_1_335' title='bbox 1265 3922 1295 4000; x_wconf 76' lang='lat' dir='ltr'><strong>ex</strong></span> 
     </span>
     <span class='ocr_line' id='line_1_40' title="bbox 229 3989 1301 4074; baseline -0.025 -14"><span class='ocrx_word' id='word_1_336' title='bbox 229 4011 292 4059; x_wconf 86' lang='lat' dir='ltr'><strong>ratio</strong></span> <span class='ocrx_word' id='word_1_337' title='bbox 319 4025 450 4074; x_wconf 86' lang='lat' dir='ltr'><strong>numquam</strong></span> <span class='ocrx_word' id='word_1_338' title='bbox 481 4009 590 4057; x_wconf 81' lang='lat' dir='ltr'><strong>futurum</strong></span> <span class='ocrx_word' id='word_1_339' title='bbox 620 4023 671 4056; x_wconf 88' lang='lat' dir='ltr'><strong>caae</strong></span> <span class='ocrx_word' id='word_1_340' title='bbox 700 4005 741 4054; x_wconf 90' lang='lat' dir='ltr'><strong>de·</strong></span> <span class='ocrx_word' id='word_1_341' title='bbox 784 4001 990 4060; x_wconf 81' lang='lat' dir='ltr'><strong>arbitrio‚vetera</strong></span> <span class='ocrx_word' id='word_1_342' title='bbox 1003 3991 1134 4057; x_wconf 86' lang='lat' dir='ltr'><strong>municipia</strong></span> <span class='ocrx_word' id='word_1_343' title='bbox 1143 3989 1175 4038; x_wconf 85' lang='lat' dir='ltr'><strong>ad</strong></span> <span class='ocrx_word' id='word_1_344' title='bbox 1188 3989 1301 4074; x_wconf 39' lang='lat' dir='ltr'><strong>column-¹</strong></span> 
     </span>
     <span class='ocr_line' id='line_1_41' title="bbox 231 4067 1296 4147; baseline -0.027 -10"><span class='ocrx_word' id='word_1_345' title='bbox 231 4099 382 4147; x_wconf 76' lang='lat' dir='ltr'><strong>monstrent,</strong></span> <span class='ocrx_word' id='word_1_346' title='bbox 396 4099 505 4137; x_wconf 86' lang='lat' dir='ltr'><strong>noatruru</strong></span> <span class='ocrx_word' id='word_1_347' title='bbox 519 4088 741 4136; x_wconf 83' lang='lat' dir='ltr'><strong>eatbaucveatram</strong></span> <span class='ocrx_word' id='word_1_348' title='bbox 785 4097 838 4130; x_wconf 88' lang='lat' dir='ltr'><strong>rum</strong></span> <span class='ocrx_word' id='word_1_349' title='bbox 858 4080 961 4128; x_wconf 79' lang='lat' dir='ltr'><strong>tonnam</strong></span> <span class='ocrx_word' id='word_1_350' title='bbox 979 4072 1120 4131; x_wconf 87' lang='lat' dir='ltr'><strong>traducere,</strong></span> <span class='ocrx_word' id='word_1_351' title='bbox 1138 4067 1296 4128; x_wconf 85' lang='lat' dir='ltr'><strong>coloniaeque</strong></span> 
     </span>
    </p>
   </div>
   <div class='ocr_carea' id='block_1_4' title="bbox 0 0 1530 4666">
    <p class='ocr_par' dir='ltr' id='par_1_5' title="bbox 0 0 1530 4666">
     <span class='ocr_line' id='line_1_42' title="bbox 0 0 1530 4666; baseline 0 0"><span class='ocrx_word' id='word_1_352' title='bbox 0 0 1530 4666; x_wconf 95' lang='lat' dir='ltr'><strong> </strong></span> 
     </span>
    </p>
   </div>
  </div>
 </body>
</html>
