<?xml version="1.0" encoding="UTF-8"?>
<!DOCTYPE html PUBLIC "-//W3C//DTD XHTML 1.0 Transitional//EN"
    "http://www.w3.org/TR/xhtml1/DTD/xhtml1-transitional.dtd">
<html xmlns="http://www.w3.org/1999/xhtml" xml:lang="en" lang="en">
 <head>
  <title>
</title>
<meta http-equiv="Content-Type" content="text/html;charset=utf-8" />
  <meta name='ocr-system' content='tesseract 3.04.00' />
  <meta name='ocr-capabilities' content='ocr_page ocr_carea ocr_par ocr_line ocrx_word'/>
</head>
<body>
  <div class='ocr_page' id='page_1' title='image "./mtciceronisquae00lemagoog_0457.png"; bbox 0 0 3026 4680; ppageno 0'>
   <div class='ocr_carea' id='block_1_1' title="bbox 121 347 978 442">
    <p class='ocr_par' dir='ltr' id='par_1_1' title="bbox 121 347 978 442">
     <span class='ocr_line' id='line_1_1' title="bbox 121 347 978 442; baseline -0.023 -8"><span class='ocrx_word' id='word_1_1' title='bbox 121 419 124 434; x_wconf 93' lang='lat'><em>.</em></span> <span class='ocrx_word' id='word_1_2' title='bbox 231 352 304 442; x_wconf 74' lang='grc'>448</span> <span class='ocrx_word' id='word_1_3' title='bbox 554 349 603 417; x_wconf 90' lang='grc' dir='ltr'>Μ.</span> <span class='ocrx_word' id='word_1_4' title='bbox 631 347 671 416; x_wconf 94' lang='grc' dir='ltr'>Τ.</span> <span class='ocrx_word' id='word_1_5' title='bbox 697 347 978 418; x_wconf 88' lang='lat' dir='ltr'>CICERONIS</span> 
     </span>
    </p>
   </div>
   <div class='ocr_carea' id='block_1_2' title="bbox 230 463 1307 1780">
    <p class='ocr_par' dir='ltr' id='par_1_2' title="bbox 230 463 1307 1780">
     <span class='ocr_line' id='line_1_2' title="bbox 232 463 1306 557; baseline -0.007 -8"><span class='ocrx_word' id='word_1_6' title='bbox 232 498 310 548; x_wconf 85' lang='lat' dir='ltr'>eese</span> <span class='ocrx_word' id='word_1_7' title='bbox 335 468 601 546; x_wconf 75' lang='lat' dir='ltr'>inflammatosl</span> <span class='ocrx_word' id='word_1_8' title='bbox 631 463 808 554; x_wconf 80' lang='lat' dir='ltr'>sciebam,</span> <span class='ocrx_word' id='word_1_9' title='bbox 837 489 899 544; x_wconf 80' lang='lat' dir='ltr'>eos</span> <span class='ocrx_word' id='word_1_10' title='bbox 926 464 1120 538; x_wconf 83' lang='lat' dir='ltr'>nobiscum</span> <span class='ocrx_word' id='word_1_11' title='bbox 1145 491 1245 557; x_wconf 84' lang='lat' dir='ltr'>esse,</span> <span class='ocrx_word' id='word_1_12' title='bbox 1269 481 1306 542; x_wconf 91' lang='lat' dir='ltr'>et</span> 
     </span>
     <span class='ocr_line' id='line_1_3' title="bbox 231 573 1306 675; baseline -0.007 -17"><span class='ocrx_word' id='word_1_13' title='bbox 231 591 356 658; x_wconf 85' lang='lat' dir='ltr'>Romae</span> <span class='ocrx_word' id='word_1_14' title='bbox 372 573 610 654; x_wconf 75' lang='lat' dir='ltr'>remansisset</span> <span class='ocrx_word' id='word_1_15' title='bbox 632 577 671 648; x_wconf 86' lang='lat' dir='ltr'>in</span> <span class='ocrx_word' id='word_1_16' title='bbox 690 599 735 648; x_wconf 92' lang='lat' dir='ltr'>eo</span> <span class='ocrx_word' id='word_1_17' title='bbox 754 601 882 648; x_wconf 84' lang='lat' dir='ltr'>omnes</span> <span class='ocrx_word' id='word_1_18' title='bbox 900 576 978 649; x_wconf 92' lang='lat' dir='ltr'>dies</span> <span class='ocrx_word' id='word_1_19' title='bbox 999 591 1199 675; x_wconf 88' lang='lat' dir='ltr'>noctesque</span> <span class='ocrx_word' id='word_1_20' title='bbox 1220 602 1306 650; x_wconf 85' lang='lat' dir='ltr'>con·</span> 
     </span>
     <span class='ocr_line' id='line_1_4' title="bbox 231 685 1304 792; baseline -0.008 -23"><span class='ocrx_word' id='word_1_21' title='bbox 231 693 389 792; x_wconf 84' lang='lat' dir='ltr'>sumpsi,</span> <span class='ocrx_word' id='word_1_22' title='bbox 406 705 469 780; x_wconf 90' lang='lat' dir='ltr'>ut,</span> <span class='ocrx_word' id='word_1_23' title='bbox 490 687 580 788; x_wconf 90' lang='lat' dir='ltr'>quid</span> <span class='ocrx_word' id='word_1_24' title='bbox 598 701 761 784; x_wconf 78' lang='lat' dir='ltr'>agerent,</span> <span class='ocrx_word' id='word_1_25' title='bbox 778 685 868 786; x_wconf 91' lang='lat' dir='ltr'>quid</span> <span class='ocrx_word' id='word_1_26' title='bbox 881 686 1117 776; x_wconf 85' lang='lat' dir='ltr'><strong>molirentur,</strong></span> <span class='ocrx_word' id='word_1_27' title='bbox 1134 690 1304 760; x_wconf 79' lang='lat' dir='ltr'><strong>sentirem</strong></span> 
     </span>
     <span class='ocr_line' id='line_1_5' title="bbox 231 797 1307 897; baseline -0.01 -17"><span class='ocrx_word' id='word_1_28' title='bbox 231 833 273 880; x_wconf 87' lang='lat' dir='ltr'>ac</span> <span class='ocrx_word' id='word_1_29' title='bbox 300 803 485 886; x_wconf 83' lang='lat' dir='ltr'>viderem3</span> <span class='ocrx_word' id='word_1_30' title='bbox 515 812 576 887; x_wconf 88' lang='lat' dir='ltr'>ut,</span> <span class='ocrx_word' id='word_1_31' title='bbox 604 799 780 896; x_wconf 89' lang='lat' dir='ltr'>quoniam</span> <span class='ocrx_word' id='word_1_32' title='bbox 805 797 954 870; x_wconf 87' lang='lat' dir='ltr'>auribus</span> <span class='ocrx_word' id='word_1_33' title='bbox 980 801 1124 887; x_wconf 81' lang='lat' dir='ltr'>vestris,</span> <span class='ocrx_word' id='word_1_34' title='bbox 1154 813 1307 897; x_wconf 91' lang='lat' dir='ltr'>propter</span> 
     </span>
     <span class='ocr_line' id='line_1_6' title="bbox 230 903 1306 1006; baseline -0.012 -16"><span class='ocrx_word' id='word_1_35' title='bbox 230 911 481 990; x_wconf 85' lang='lat' dir='ltr'>incredibilem</span> <span class='ocrx_word' id='word_1_36' title='bbox 494 906 781 1006; x_wconf 82' lang='lat' dir='ltr'>magnitudinem</span> <span class='ocrx_word' id='word_1_37' title='bbox 798 907 943 980; x_wconf 76' lang='lat' dir='ltr'>sceleris</span> <span class='ocrx_word' id='word_1_38' title='bbox 952 903 980 997; x_wconf 87' lang='lat'>⁵,</span> <span class='ocrx_word' id='word_1_39' title='bbox 998 911 1178 992; x_wconf 82' lang='lat' dir='ltr'>minorem</span> <span class='ocrx_word' id='word_1_40' title='bbox 1195 906 1306 978; x_wconf 88' lang='lat' dir='ltr'>fidem</span> 
     </span>
     <span class='ocr_line' id='line_1_7' title="bbox 232 1017 1305 1117; baseline -0.011 -17"><span class='ocrx_word' id='word_1_41' title='bbox 232 1027 367 1102; x_wconf 81' lang='lat' dir='ltr'>faceret</span> <span class='ocrx_word' id='word_1_42' title='bbox 380 1021 498 1094; x_wconf 88' lang='lat' dir='ltr'>oratio</span> <span class='ocrx_word' id='word_1_43' title='bbox 511 1043 609 1108; x_wconf 86' lang='lat' dir='ltr'>mea,</span> <span class='ocrx_word' id='word_1_44' title='bbox 626 1018 768 1090; x_wconf 86' lang='lat' dir='ltr'>remita</span> <span class='ocrx_word' id='word_1_45' title='bbox 785 1017 1156 1117; x_wconf 84' lang='lat' dir='ltr'>comprehenderem,</span> <span class='ocrx_word' id='word_1_46' title='bbox 1171 1031 1213 1088; x_wconf 89' lang='lat' dir='ltr'>ut</span> <span class='ocrx_word' id='word_1_47' title='bbox 1227 1032 1305 1112; x_wconf 85' lang='lat' dir='ltr'>tum</span> 
     </span>
     <span class='ocr_line' id='line_1_8' title="bbox 232 1127 1305 1228; baseline -0.011 -17"><span class='ocrx_word' id='word_1_48' title='bbox 232 1138 382 1212; x_wconf 87' lang='lat' dir='ltr'>demum</span> <span class='ocrx_word' id='word_1_49' title='bbox 397 1131 525 1204; x_wconf 87' lang='lat' dir='ltr'>animis</span> <span class='ocrx_word' id='word_1_50' title='bbox 539 1129 647 1202; x_wconf 84' lang='lat' dir='ltr'>saluti</span> <span class='ocrx_word' id='word_1_51' title='bbox 659 1143 786 1202; x_wconf 69' lang='lat' dir='ltr'>vestre</span> <span class='ocrx_word' id='word_1_52' title='bbox 798 1127 1055 1228; x_wconf 77' lang='lat' dir='ltr'>provideretis,</span> <span class='ocrx_word' id='word_1_53' title='bbox 1068 1153 1183 1228; x_wconf 91' lang='lat' dir='ltr'>quum</span> <span class='ocrx_word' id='word_1_54' title='bbox 1192 1128 1305 1200; x_wconf 86' lang='lat' dir='ltr'>oculis</span> 
     </span>
     <span class='ocr_line' id='line_1_9' title="bbox 234 1239 1306 1340; baseline -0.01 -18"><span class='ocrx_word' id='word_1_55' title='bbox 234 1243 453 1322; x_wconf 86' lang='lat' dir='ltr'>maleficium</span> <span class='ocrx_word' id='word_1_56' title='bbox 480 1242 601 1340; x_wconf 83' lang='lat' dir='ltr'>ipsum</span> <span class='ocrx_word' id='word_1_57' title='bbox 627 1240 809 1314; x_wconf 84' lang='lat' dir='ltr'>videretis.</span> <span class='ocrx_word' id='word_1_58' title='bbox 836 1245 965 1337; x_wconf 87' lang='lat' dir='ltr'>ltaque</span> <span class='ocrx_word' id='word_1_59' title='bbox 985 1255 1029 1312; x_wconf 92' lang='lat' dir='ltr'>ut</span> <span class='ocrx_word' id='word_1_60' title='bbox 1047 1241 1232 1338; x_wconf 85' lang='lat' dir='ltr'>comperi,</span> <span class='ocrx_word' id='word_1_61' title='bbox 1252 1239 1306 1311; x_wconf 88' lang='lat' dir='ltr'>le·</span> 
     </span>
     <span class='ocr_line' id='line_1_10' title="bbox 234 1339 1305 1457; baseline -0.01 -26"><span class='ocrx_word' id='word_1_62' title='bbox 234 1373 336 1457; x_wconf 82' lang='lat' dir='ltr'>gatos</span> <span class='ocrx_word' id='word_1_63' title='bbox 370 1351 610 1450; x_wconf 80' lang='lat' dir='ltr'>Allobrogum</span> <span class='ocrx_word' id='word_1_64' title='bbox 624 1346 653 1440; x_wconf 79' lang='lat'>⁶,</span> <span class='ocrx_word' id='word_1_65' title='bbox 687 1339 775 1422; x_wconf 89' lang='lat' dir='ltr'>belli</span> <span class='ocrx_word' id='word_1_66' title='bbox 802 1350 1029 1449; x_wconf 81' lang='lat' dir='ltr'>Transalpini</span> <span class='ocrx_word' id='word_1_67' title='bbox 1061 1364 1099 1422; x_wconf 88' lang='lat' dir='ltr'>et</span> <span class='ocrx_word' id='word_1_68' title='bbox 1127 1349 1305 1422; x_wconf 84' lang='lat' dir='ltr'>turnultus</span> 
     </span>
     <span class='ocr_line' id='line_1_11' title="bbox 235 1458 1304 1550; baseline -0.008 -10"><span class='ocrx_word' id='word_1_69' title='bbox 235 1465 385 1540; x_wconf 85' lang='lat' dir='ltr'>Gallici⁷</span> <span class='ocrx_word' id='word_1_70' title='bbox 412 1458 592 1534; x_wconf 86' lang='lat' dir='ltr'>excitandi</span> <span class='ocrx_word' id='word_1_71' title='bbox 615 1483 739 1550; x_wconf 85' lang='lat' dir='ltr'>eausa,</span> <span class='ocrx_word' id='word_1_72' title='bbox 760 1486 780 1532; x_wconf 89' lang='lat' dir='ltr'>a</span> <span class='ocrx_word' id='word_1_73' title='bbox 800 1465 836 1532; x_wconf 86' lang='lat' dir='ltr'>P.</span> <span class='ocrx_word' id='word_1_74' title='bbox 858 1459 1016 1532; x_wconf 87' lang='lat' dir='ltr'>Lentulo</span> <span class='ocrx_word' id='word_1_75' title='bbox 1034 1485 1116 1532; x_wconf 84' lang='lat' dir='ltr'>esse</span> <span class='ocrx_word' id='word_1_76' title='bbox 1136 1459 1304 1532; x_wconf 86' lang='lat' dir='ltr'>sollicita·</span> 
     </span>
     <span class='ocr_line' id='line_1_12' title="bbox 233 1567 1307 1672; baseline -0.01 -22"><span class='ocrx_word' id='word_1_77' title='bbox 233 1593 311 1667; x_wconf 79' lang='lat' dir='ltr'>tos,</span> <span class='ocrx_word' id='word_1_78' title='bbox 332 1596 468 1672; x_wconf 87' lang='lat' dir='ltr'>eosque</span> <span class='ocrx_word' id='word_1_79' title='bbox 487 1575 526 1644; x_wconf 91' lang='lat' dir='ltr'>in</span> <span class='ocrx_word' id='word_1_80' title='bbox 545 1570 696 1644; x_wconf 86' lang='lat' dir='ltr'>Galliam</span> <span class='ocrx_word' id='word_1_81' title='bbox 714 1568 759 1644; x_wconf 91' lang='lat' dir='ltr'>ad</span> <span class='ocrx_word' id='word_1_82' title='bbox 778 1595 863 1644; x_wconf 89' lang='lat' dir='ltr'>suos</span> <span class='ocrx_word' id='word_1_83' title='bbox 880 1567 1014 1661; x_wconf 83' lang='lat' dir='ltr'>cives⁸,</span> <span class='ocrx_word' id='word_1_84' title='bbox 1030 1569 1234 1668; x_wconf 86' lang='lat' dir='ltr'>eodemque</span> <span class='ocrx_word' id='word_1_85' title='bbox 1251 1570 1307 1640; x_wconf 89' lang='lat' dir='ltr'>iti·</span> 
     </span>
     <span class='ocr_line' id='line_1_13' title="bbox 235 1681 1305 1780; baseline -0.007 -20"><span class='ocrx_word' id='word_1_86' title='bbox 235 1695 365 1776; x_wconf 79' lang='lat' dir='ltr'>nere9,</span> <span class='ocrx_word' id='word_1_87' title='bbox 390 1707 474 1756; x_wconf 88' lang='lat' dir='ltr'>cum</span> <span class='ocrx_word' id='word_1_88' title='bbox 502 1683 616 1755; x_wconf 86' lang='lat' dir='ltr'>literis</span> <span class='ocrx_word' id='word_1_89' title='bbox 640 1681 916 1780; x_wconf 83' lang='lat' dir='ltr'>mandatisque,</span> <span class='ocrx_word' id='word_1_90' title='bbox 943 1681 989 1752; x_wconf 89' lang='lat' dir='ltr'>ad</span> <span class='ocrx_word' id='word_1_91' title='bbox 1014 1681 1206 1754; x_wconf 85' lang='lat' dir='ltr'>Catilinam</span> <span class='ocrx_word' id='word_1_92' title='bbox 1229 1703 1305 1753; x_wconf 86' lang='lat' dir='ltr'>esse</span> 
     </span>
    </p>
   </div>
   <div class='ocr_carea' id='block_1_3' title="bbox 228 1935 1306 3988">
    <p class='ocr_par' dir='ltr' id='par_1_3' title="bbox 236 1935 1305 2248">
     <span class='ocr_line' id='line_1_14' title="bbox 272 1935 1305 2008; baseline -0.006 -18"><span class='ocrx_word' id='word_1_93' title='bbox 272 1951 297 2002; x_wconf 66' lang='grc' dir='ltr'>Α.</span> <span class='ocrx_word' id='word_1_94' title='bbox 310 1943 403 1990; x_wconf 68' lang='lat' dir='ltr'>rom</span> <span class='ocrx_word' id='word_1_95' title='bbox 413 1937 535 1990; x_wconf 81' lang='lat' dir='ltr'>etrrelere</span> <span class='ocrx_word' id='word_1_96' title='bbox 550 1939 751 2008; x_wconf 68' lang='lat' dir='ltr'>uetustam</span> <span class='ocrx_word' id='word_1_97' title='bbox 796 1935 935 1986; x_wconf 69' lang='lat' dir='ltr'>6211qu</span> <span class='ocrx_word' id='word_1_98' title='bbox 946 1943 998 1997; x_wconf 84' lang='lat' dir='ltr'>eet,</span> <span class='ocrx_word' id='word_1_99' title='bbox 1011 1935 1105 1985; x_wconf 74' lang='lat' dir='ltr'>teatin</span> <span class='ocrx_word' id='word_1_100' title='bbox 1118 1936 1305 1998; x_wconf 78' lang='lat' dir='ltr'>Ulteriore,trt·</span> 
     </span>
     <span class='ocr_line' id='line_1_15' title="bbox 238 2018 1305 2096; baseline -0.001 -23"><span class='ocrx_word' id='word_1_101' title='bbox 238 2036 284 2074; x_wconf 82' lang='lat' dir='ltr'>tos.</span> <span class='ocrx_word' id='word_1_102' title='bbox 299 2023 340 2072; x_wconf 84' lang='lat' dir='ltr'>Sir</span> <span class='ocrx_word' id='word_1_103' title='bbox 350 2020 468 2086; x_wconf 81' lang='lat' dir='ltr'>loquutur</span> <span class='ocrx_word' id='word_1_104' title='bbox 481 2029 517 2066; x_wconf 81' lang='lat' dir='ltr'>eet</span> <span class='ocrx_word' id='word_1_105' title='bbox 528 2018 592 2067; x_wconf 89' lang='lat' dir='ltr'>libro</span> <span class='ocrx_word' id='word_1_106' title='bbox 603 2018 691 2082; x_wconf 78' lang='lat' dir='ltr'>quinto</span> <span class='ocrx_word' id='word_1_107' title='bbox 700 2021 750 2068; x_wconf 72' lang='lat' dir='ltr'>Ac·</span> <span class='ocrx_word' id='word_1_108' title='bbox 793 2023 1040 2096; x_wconf 74' lang='lat' dir='ltr'>multusiuCiteriore</span> <span class='ocrx_word' id='word_1_109' title='bbox 1045 2021 1132 2073; x_wconf 80' lang='lat' dir='ltr'>Gallia.</span> <span class='ocrx_word' id='word_1_110' title='bbox 1138 2021 1207 2073; x_wconf 83' lang='lat' dir='ltr'>Inter</span> <span class='ocrx_word' id='word_1_111' title='bbox 1214 2023 1305 2072; x_wconf 79' lang='lat' dir='ltr'>bellum</span> 
     </span>
     <span class='ocr_line' id='line_1_16' title="bbox 236 2097 1305 2168; baseline 0.001 -17"><span class='ocrx_word' id='word_1_112' title='bbox 236 2102 370 2151; x_wconf 71' lang='lat' dir='ltr'>cannonis</span> <span class='ocrx_word' id='word_1_113' title='bbox 379 2113 386 2148; x_wconf 89' lang='lat'>:</span> <span class='ocrx_word' id='word_1_114' title='bbox 396 2101 470 2163; x_wconf 69' lang='lat' dir='ltr'>«lpse</span> <span class='ocrx_word' id='word_1_115' title='bbox 487 2098 649 2146; x_wconf 72' lang='lat' dir='ltr'>inflammetur</span> <span class='ocrx_word' id='word_1_116' title='bbox 660 2097 749 2146; x_wconf 73' lang='lat' dir='ltr'>melere</span> <span class='ocrx_word' id='word_1_117' title='bbox 792 2115 817 2153; x_wconf 86' lang='lat' dir='ltr'>et</span> <span class='ocrx_word' id='word_1_118' title='bbox 830 2105 961 2152; x_wconf 82' lang='lat' dir='ltr'>tumultum</span> <span class='ocrx_word' id='word_1_119' title='bbox 973 2103 1036 2168; x_wconf 82' lang='lat' dir='ltr'>quid</span> <span class='ocrx_word' id='word_1_120' title='bbox 1049 2106 1156 2162; x_wconf 73' lang='lat' dir='ltr'>intonit,</span> <span class='ocrx_word' id='word_1_121' title='bbox 1170 2104 1235 2152; x_wconf 79' lang='lat' dir='ltr'>dixit</span> <span class='ocrx_word' id='word_1_122' title='bbox 1251 2104 1305 2168; x_wconf 78' lang='lat' dir='ltr'>ipre</span> 
     </span>
     <span class='ocr_line' id='line_1_17' title="bbox 237 2177 1305 2248; baseline 0 -16"><span class='ocrx_word' id='word_1_123' title='bbox 237 2199 265 2232; x_wconf 81' lang='lat' dir='ltr'>er</span> <span class='ocrx_word' id='word_1_124' title='bbox 277 2182 359 2230; x_wconf 83' lang='lat' dir='ltr'>lurore</span> <span class='ocrx_word' id='word_1_125' title='bbox 371 2180 397 2226; x_wconf 86' lang='lat' dir='ltr'>in</span> <span class='ocrx_word' id='word_1_126' title='bbox 410 2177 491 2226; x_wconf 82' lang='lat' dir='ltr'>lorum</span> <span class='ocrx_word' id='word_1_127' title='bbox 501 2177 597 2226; x_wconf 79' lang='lat' dir='ltr'>venit».</span> <span class='ocrx_word' id='word_1_128' title='bbox 791 2177 879 2234; x_wconf 84' lang='lat' dir='ltr'>Gloero</span> <span class='ocrx_word' id='word_1_129' title='bbox 891 2181 1082 2247; x_wconf 73' lang='lat' dir='ltr'>Philippvlll,</span> <span class='ocrx_word' id='word_1_130' title='bbox 1092 2199 1147 2248; x_wconf 80' lang='lat' dir='ltr'>erp.</span> <span class='ocrx_word' id='word_1_131' title='bbox 1162 2199 1172 2231; x_wconf 88' lang='grc' dir='ltr'><strong>ι</strong></span> <span class='ocrx_word' id='word_1_132' title='bbox 1182 2199 1189 2232; x_wconf 92' lang='lat'>:</span> <span class='ocrx_word' id='word_1_133' title='bbox 1201 2183 1305 2232; x_wconf 71' lang='lat' dir='ltr'>«Potest</span> 
     </span>
    </p>

    <p class='ocr_par' dir='ltr' id='par_1_4' title="bbox 236 2254 1306 2883">
     <span class='ocr_line' id='line_1_18' title="bbox 274 2254 1305 2324; baseline 0.002 -14"><span class='ocrx_word' id='word_1_134' title='bbox 274 2263 300 2311; x_wconf 83' lang='lat'>5.</span> <span class='ocrx_word' id='word_1_135' title='bbox 310 2265 415 2323; x_wconf 78' lang='lat' dir='ltr'>Propter</span> <span class='ocrx_word' id='word_1_136' title='bbox 425 2255 589 2307; x_wconf 76' lang='lat' dir='ltr'>incredibilem</span> <span class='ocrx_word' id='word_1_137' title='bbox 602 2254 749 2320; x_wconf 69' lang='lat' dir='ltr'>magnitudi-</span> <span class='ocrx_word' id='word_1_138' title='bbox 791 2279 843 2312; x_wconf 80' lang='lat' dir='ltr'>erre</span> <span class='ocrx_word' id='word_1_139' title='bbox 863 2262 955 2311; x_wconf 89' lang='lat' dir='ltr'>bellum</span> <span class='ocrx_word' id='word_1_140' title='bbox 972 2261 1025 2311; x_wconf 82' lang='lat' dir='ltr'>elne</span> <span class='ocrx_word' id='word_1_141' title='bbox 1042 2263 1165 2324; x_wconf 84' lang='lat' dir='ltr'>tumultu;</span> <span class='ocrx_word' id='word_1_142' title='bbox 1186 2263 1305 2312; x_wconf 81' lang='lat' dir='ltr'>tumultur</span> 
     </span>
     <span class='ocr_line' id='line_1_19' title="bbox 236 2337 1306 2408; baseline -0.008 -15"><span class='ocrx_word' id='word_1_143' title='bbox 236 2359 293 2394; x_wconf 80' lang='lat' dir='ltr'>reem</span> <span class='ocrx_word' id='word_1_144' title='bbox 304 2340 407 2391; x_wconf 77' lang='lat' dir='ltr'>sceleris.</span> <span class='ocrx_word' id='word_1_145' title='bbox 421 2339 585 2403; x_wconf 76' lang='lat' dir='ltr'>Megueenim</span> <span class='ocrx_word' id='word_1_146' title='bbox 598 2337 688 2388; x_wconf 82' lang='lat' dir='ltr'>euelere</span> <span class='ocrx_word' id='word_1_147' title='bbox 698 2349 750 2384; x_wconf 84' lang='lat' dir='ltr'>nou</span> <span class='ocrx_word' id='word_1_148' title='bbox 792 2355 843 2390; x_wconf 69' lang='lat' dir='ltr'>eeu</span> <span class='ocrx_word' id='word_1_149' title='bbox 854 2341 907 2390; x_wconf 63' lang='lat' dir='ltr'>dne</span> <span class='ocrx_word' id='word_1_150' title='bbox 921 2341 987 2391; x_wconf 70' lang='lat' dir='ltr'>hello</span> <span class='ocrx_word' id='word_1_151' title='bbox 1009 2359 1061 2393; x_wconf 64' lang='lat' dir='ltr'>nnn</span> <span class='ocrx_word' id='word_1_152' title='bbox 1083 2351 1173 2407; x_wconf 60' lang='lat' dir='ltr'>potest,</span> <span class='ocrx_word' id='word_1_153' title='bbox 1187 2343 1255 2408; x_wconf 77' lang='lat' dir='ltr'>Quid</span> <span class='ocrx_word' id='word_1_154' title='bbox 1267 2352 1306 2392; x_wconf 61' lang='lat' dir='ltr'>„t</span> 
     </span>
     <span class='ocr_line' id='line_1_20' title="bbox 239 2419 1305 2487; baseline -0.003 -13"><span class='ocrx_word' id='word_1_155' title='bbox 239 2431 329 2474; x_wconf 81' lang='lat' dir='ltr'>temere</span> <span class='ocrx_word' id='word_1_156' title='bbox 354 2421 434 2481; x_wconf 75' lang='lat' dir='ltr'>medi,</span> <span class='ocrx_word' id='word_1_157' title='bbox 448 2433 528 2484; x_wconf 86' lang='lat' dir='ltr'>neque</span> <span class='ocrx_word' id='word_1_158' title='bbox 541 2419 591 2469; x_wconf 84' lang='lat' dir='ltr'>leri</span> <span class='ocrx_word' id='word_1_159' title='bbox 610 2419 750 2480; x_wconf 73' lang='lat' dir='ltr'>conjecture</span> <span class='ocrx_word' id='word_1_160' title='bbox 791 2421 856 2469; x_wconf 88' lang='lat' dir='ltr'>enim</span> <span class='ocrx_word' id='word_1_161' title='bbox 867 2420 936 2469; x_wconf 82' lang='lat' dir='ltr'>eliud</span> <span class='ocrx_word' id='word_1_162' title='bbox 949 2422 1082 2486; x_wconf 77' lang='lat' dir='ltr'>tumultur,</span> <span class='ocrx_word' id='word_1_163' title='bbox 1093 2423 1141 2470; x_wconf 82' lang='lat' dir='ltr'>niei</span> <span class='ocrx_word' id='word_1_164' title='bbox 1152 2422 1305 2487; x_wconf 77' lang='lat' dir='ltr'>perturbatio</span> 
     </span>
     <span class='ocr_line' id='line_1_21' title="bbox 237 2499 1305 2568; baseline -0.001 -18"><span class='ocrx_word' id='word_1_165' title='bbox 237 2501 313 2568; x_wconf 89' lang='lat' dir='ltr'>pendi</span> <span class='ocrx_word' id='word_1_166' title='bbox 321 2499 750 2564; x_wconf 55' lang='lat' dir='ltr'>rolent3immoqnoetrocioreruntr</span> <span class='ocrx_word' id='word_1_167' title='bbox 792 2509 858 2548; x_wconf 81' lang='lat' dir='ltr'>tenta</span> <span class='ocrx_word' id='word_1_168' title='bbox 871 2533 879 2560; x_wconf 89' lang='lat'>,</span> <span class='ocrx_word' id='word_1_169' title='bbox 894 2511 922 2549; x_wconf 82' lang='lat' dir='ltr'>ut</span> <span class='ocrx_word' id='word_1_170' title='bbox 937 2501 1015 2562; x_wconf 79' lang='lat' dir='ltr'>maior</span> <span class='ocrx_word' id='word_1_171' title='bbox 1027 2501 1101 2550; x_wconf 87' lang='lat' dir='ltr'>timor</span> <span class='ocrx_word' id='word_1_172' title='bbox 1111 2504 1221 2551; x_wconf 78' lang='lat' dir='ltr'>oriatur?</span> <span class='ocrx_word' id='word_1_173' title='bbox 1232 2501 1305 2550; x_wconf 88' lang='lat' dir='ltr'>Unde</span> 
     </span>
     <span class='ocr_line' id='line_1_22' title="bbox 237 2576 1306 2643; baseline -0.002 -13"><span class='ocrx_word' id='word_1_174' title='bbox 237 2597 268 2631; x_wconf 87' lang='lat' dir='ltr'>eo</span> <span class='ocrx_word' id='word_1_175' title='bbox 290 2579 323 2628; x_wconf 84' lang='lat' dir='ltr'>ed</span> <span class='ocrx_word' id='word_1_176' title='bbox 340 2578 476 2627; x_wconf 75' lang='lat' dir='ltr'>numum</span> <span class='ocrx_word' id='word_1_177' title='bbox 494 2576 568 2626; x_wconf 84' lang='lat' dir='ltr'>iidem</span> <span class='ocrx_word' id='word_1_178' title='bbox 590 2577 703 2643; x_wconf 71' lang='lat' dir='ltr'>pluribus</span> <span class='ocrx_word' id='word_1_179' title='bbox 724 2585 750 2624; x_wconf 85' lang='lat' dir='ltr'>et</span> <span class='ocrx_word' id='word_1_180' title='bbox 791 2579 864 2628; x_wconf 81' lang='lat' dir='ltr'>etiam</span> <span class='ocrx_word' id='word_1_181' title='bbox 877 2591 968 2628; x_wconf 85' lang='lat' dir='ltr'>nomeu</span> <span class='ocrx_word' id='word_1_182' title='bbox 989 2579 1092 2629; x_wconf 87' lang='lat' dir='ltr'>ductum</span> <span class='ocrx_word' id='word_1_183' title='bbox 1113 2591 1150 2628; x_wconf 88' lang='lat' dir='ltr'>eet</span> <span class='ocrx_word' id='word_1_184' title='bbox 1170 2581 1306 2642; x_wconf 58' lang='lat' dir='ltr'>tumultuet</span> 
     </span>
     <span class='ocr_line' id='line_1_23' title="bbox 238 2657 1306 2724; baseline 0.001 -15"><span class='ocrx_word' id='word_1_185' title='bbox 238 2658 384 2709; x_wconf 83' lang='lat' dir='ltr'>eertioribur</span> <span class='ocrx_word' id='word_1_186' title='bbox 396 2657 462 2706; x_wconf 81' lang='lat' dir='ltr'>uotie</span> <span class='ocrx_word' id='word_1_187' title='bbox 470 2658 628 2724; x_wconf 71' lang='lat' dir='ltr'>energumde</span> <span class='ocrx_word' id='word_1_188' title='bbox 640 2666 712 2715; x_wconf 83' lang='lat' dir='ltr'>eunt,</span> <span class='ocrx_word' id='word_1_189' title='bbox 720 2663 749 2703; x_wconf 83' lang='lat' dir='ltr'>ut</span> <span class='ocrx_word' id='word_1_190' title='bbox 791 2675 879 2724; x_wconf 83' lang='lat' dir='ltr'>nempe</span> <span class='ocrx_word' id='word_1_191' title='bbox 892 2676 906 2707; x_wconf 81' lang='lat' dir='ltr'>a</span> <span class='ocrx_word' id='word_1_192' title='bbox 920 2669 1017 2708; x_wconf 88' lang='lat' dir='ltr'>tumore</span> <span class='ocrx_word' id='word_1_193' title='bbox 1025 2675 1106 2709; x_wconf 86' lang='lat' dir='ltr'>rerum</span> <span class='ocrx_word' id='word_1_194' title='bbox 1120 2674 1247 2710; x_wconf 83' lang='lat' dir='ltr'>noverum.</span> <span class='ocrx_word' id='word_1_195' title='bbox 1257 2663 1306 2710; x_wconf 71' lang='lat' dir='ltr'>Ite⁴</span> 
     </span>
     <span class='ocr_line' id='line_1_24' title="bbox 237 2735 1306 2806; baseline -0.002 -16"><span class='ocrx_word' id='word_1_196' title='bbox 237 2739 352 2806; x_wconf 80' lang='lat' dir='ltr'>predere</span> <span class='ocrx_word' id='word_1_197' title='bbox 370 2737 508 2803; x_wconf 68' lang='lat' dir='ltr'>disputetur</span> <span class='ocrx_word' id='word_1_198' title='bbox 526 2737 553 2785; x_wconf 87' lang='lat' dir='ltr'>ln</span> <span class='ocrx_word' id='word_1_199' title='bbox 570 2735 682 2785; x_wconf 79' lang='lat' dir='ltr'>oratione</span> <span class='ocrx_word' id='word_1_200' title='bbox 699 2749 748 2800; x_wconf 87' lang='lat' dir='ltr'>pro</span> <span class='ocrx_word' id='word_1_201' title='bbox 791 2738 1306 2802; x_wconf 80' lang='lat' dir='ltr'>quemrjmernourltumultumlulicum,</span> 
     </span>
     <span class='ocr_line' id='line_1_25' title="bbox 236 2816 1306 2883; baseline -0.001 -15"><span class='ocrx_word' id='word_1_202' title='bbox 236 2819 293 2868; x_wconf 80' lang='lat' dir='ltr'>Ser.</span> <span class='ocrx_word' id='word_1_203' title='bbox 305 2819 397 2868; x_wconf 85' lang='lat' dir='ltr'>lloeeio</span> <span class='ocrx_word' id='word_1_204' title='bbox 407 2817 534 2868; x_wconf 72' lang='lat' dir='ltr'>Amerino.</span> <span class='ocrx_word' id='word_1_205' title='bbox 791 2816 1090 2883; x_wconf 79' lang='lat' dir='ltr'>quuderrtdomeetieue3</span> <span class='ocrx_word' id='word_1_206' title='bbox 1107 2819 1238 2868; x_wconf 85' lang='lat' dir='ltr'>tumultum</span> <span class='ocrx_word' id='word_1_207' title='bbox 1247 2819 1306 2867; x_wconf 62' lang='lat' dir='ltr'>Gal*</span> 
     </span>
    </p>

    <p class='ocr_par' dir='ltr' id='par_1_5' title="bbox 230 2892 1306 3903">
     <span class='ocr_line' id='line_1_26' title="bbox 271 2892 1306 2964; baseline 0 -18"><span class='ocrx_word' id='word_1_208' title='bbox 271 2899 298 2946; x_wconf 83' lang='grc'>6.</span> <span class='ocrx_word' id='word_1_209' title='bbox 308 2900 413 2964; x_wconf 69' lang='lat' dir='ltr'>Legatos</span> <span class='ocrx_word' id='word_1_210' title='bbox 422 2892 748 2962; x_wconf 74' lang='lat' dir='ltr'>Allobrogum.1³opuliGel·</span> <span class='ocrx_word' id='word_1_211' title='bbox 789 2895 1306 2963; x_wconf 57' lang='lat' dir='ltr'>licumquodmrrunefinntmmpre-</span> 
     </span>
     <span class='ocr_line' id='line_1_27' title="bbox 233 2973 1303 3040; baseline 0 -13"><span class='ocrx_word' id='word_1_212' title='bbox 233 2977 273 3027; x_wconf 80' lang='lat' dir='ltr'>lire</span> <span class='ocrx_word' id='word_1_213' title='bbox 285 2976 467 3034; x_wconf 64' lang='lat' dir='ltr'>Narbonem,</span> <span class='ocrx_word' id='word_1_214' title='bbox 480 2990 585 3040; x_wconf 86' lang='lat' dir='ltr'>quorum</span> <span class='ocrx_word' id='word_1_215' title='bbox 605 2983 679 3039; x_wconf 78' lang='lat' dir='ltr'>eaput</span> <span class='ocrx_word' id='word_1_216' title='bbox 698 2973 748 3020; x_wconf 79' lang='lat' dir='ltr'>Ge·</span> <span class='ocrx_word' id='word_1_217' title='bbox 789 2985 853 3025; x_wconf 79' lang='lat' dir='ltr'>terea</span> <span class='ocrx_word' id='word_1_218' title='bbox 866 2976 961 3024; x_wconf 89' lang='lat' dir='ltr'>nullum</span> <span class='ocrx_word' id='word_1_219' title='bbox 970 2977 1102 3026; x_wconf 84' lang='lat' dir='ltr'>tumultum</span> <span class='ocrx_word' id='word_1_220' title='bbox 1114 2979 1303 3027; x_wconf 71' lang='lat' dir='ltr'>nominabeutn.</span> 
     </span>
     <span class='ocr_line' id='line_1_28' title="bbox 236 3051 1152 3118; baseline 0.001 -13"><span class='ocrx_word' id='word_1_221' title='bbox 236 3073 305 3105; x_wconf 77' lang='lat' dir='ltr'>nera.</span> <span class='ocrx_word' id='word_1_222' title='bbox 318 3055 450 3105; x_wconf 83' lang='lat' dir='ltr'>Dioebetur</span> <span class='ocrx_word' id='word_1_223' title='bbox 459 3054 540 3115; x_wconf 76' lang='lat' dir='ltr'>ulaine</span> <span class='ocrx_word' id='word_1_224' title='bbox 554 3051 585 3101; x_wconf 83' lang='lat' dir='ltr'>eb</span> <span class='ocrx_word' id='word_1_225' title='bbox 596 3053 626 3100; x_wconf 84' lang='lat' dir='ltr'>lie</span> <span class='ocrx_word' id='word_1_226' title='bbox 635 3051 747 3118; x_wconf 70' lang='lat' dir='ltr'>pretori·</span> <span class='ocrx_word' id='word_1_227' title='bbox 789 3081 825 3092; x_wconf 92' lang='lat'><em>-</em></span> <span class='ocrx_word' id='word_1_228' title='bbox 833 3057 857 3104; x_wconf 81' lang='lat' dir='ltr'><em>A</em></span> <span class='ocrx_word' id='word_1_229' title='bbox 868 3059 894 3103; x_wconf 85' lang='lat' dir='ltr'>P.</span> <span class='ocrx_word' id='word_1_230' title='bbox 908 3057 1021 3105; x_wconf 78' lang='lat' dir='ltr'>Lentulo.</span> <span class='ocrx_word' id='word_1_231' title='bbox 1036 3060 1152 3106; x_wconf 77' lang='lat' dir='ltr'>Praetore.</span> 
     </span>
     <span class='ocr_line' id='line_1_29' title="bbox 236 3131 1305 3200; baseline 0.001 -16"><span class='ocrx_word' id='word_1_232' title='bbox 236 3136 294 3195; x_wconf 83' lang='lat' dir='ltr'>bne,</span> <span class='ocrx_word' id='word_1_233' title='bbox 309 3134 448 3200; x_wconf 83' lang='lat' dir='ltr'>quibneille</span> <span class='ocrx_word' id='word_1_234' title='bbox 467 3133 595 3198; x_wconf 75' lang='lat' dir='ltr'>provincia</span> <span class='ocrx_word' id='word_1_235' title='bbox 610 3131 746 3196; x_wconf 69' lang='lat' dir='ltr'>obtigerm</span> <span class='ocrx_word' id='word_1_236' title='bbox 825 3136 852 3183; x_wconf 79' lang='lat'>8.</span> <span class='ocrx_word' id='word_1_237' title='bbox 867 3133 911 3182; x_wconf 82' lang='lat' dir='ltr'>Ad</span> <span class='ocrx_word' id='word_1_238' title='bbox 922 3149 978 3182; x_wconf 82' lang='lat' dir='ltr'>surr</span> <span class='ocrx_word' id='word_1_239' title='bbox 990 3135 1058 3184; x_wconf 80' lang='lat' dir='ltr'>eires.</span> <span class='ocrx_word' id='word_1_240' title='bbox 1072 3137 1248 3185; x_wconf 81' lang='lat' dir='ltr'>Animadverte</span> <span class='ocrx_word' id='word_1_241' title='bbox 1265 3145 1305 3185; x_wconf 85' lang='lat' dir='ltr'>to-</span> 
     </span>
     <span class='ocr_line' id='line_1_30' title="bbox 235 3209 1303 3279; baseline 0.002 -17"><span class='ocrx_word' id='word_1_242' title='bbox 235 3221 263 3263; x_wconf 87' lang='lat' dir='ltr'>ut</span> <span class='ocrx_word' id='word_1_243' title='bbox 275 3223 376 3262; x_wconf 73' lang='lat' dir='ltr'>testetur</span> <span class='ocrx_word' id='word_1_244' title='bbox 388 3211 488 3270; x_wconf 80' lang='lat' dir='ltr'>Strabo,</span> <span class='ocrx_word' id='word_1_245' title='bbox 499 3209 542 3259; x_wconf 91' lang='lat' dir='ltr'>lib.</span> <span class='ocrx_word' id='word_1_246' title='bbox 553 3211 598 3260; x_wconf 84' lang='grc' dir='ltr'>Π.</span> <span class='ocrx_word' id='word_1_247' title='bbox 613 3211 636 3258; x_wconf 88' lang='lat' dir='ltr'>li</span> <span class='ocrx_word' id='word_1_248' title='bbox 649 3221 701 3260; x_wconf 88' lang='lat' dir='ltr'>tum</span> <span class='ocrx_word' id='word_1_249' title='bbox 710 3209 746 3258; x_wconf 89' lang='lat' dir='ltr'>le·</span> <span class='ocrx_word' id='word_1_250' title='bbox 788 3222 838 3261; x_wconf 81' lang='lat' dir='ltr'>tam</span> <span class='ocrx_word' id='word_1_251' title='bbox 850 3214 974 3277; x_wconf 80' lang='lat' dir='ltr'>regionem</span> <span class='ocrx_word' id='word_1_252' title='bbox 984 3213 1163 3279; x_wconf 70' lang='lat' dir='ltr'>Allobrogum,</span> <span class='ocrx_word' id='word_1_253' title='bbox 1180 3217 1303 3265; x_wconf 73' lang='lat' dir='ltr'>civitatem</span> 
     </span>
     <span class='ocr_line' id='line_1_31' title="bbox 234 3289 1304 3359; baseline 0.005 -20"><span class='ocrx_word' id='word_1_254' title='bbox 234 3302 304 3358; x_wconf 78' lang='lat' dir='ltr'>gutur</span> <span class='ocrx_word' id='word_1_255' title='bbox 313 3293 416 3350; x_wconf 77' lang='lat' dir='ltr'>llomem</span> <span class='ocrx_word' id='word_1_256' title='bbox 429 3291 555 3348; x_wconf 71' lang='lat' dir='ltr'>miserant,</span> <span class='ocrx_word' id='word_1_257' title='bbox 575 3297 704 3353; x_wconf 71' lang='lat' dir='ltr'>questurus</span> <span class='ocrx_word' id='word_1_258' title='bbox 715 3289 746 3338; x_wconf 85' lang='lat' dir='ltr'>de</span> <span class='ocrx_word' id='word_1_259' title='bbox 788 3291 879 3341; x_wconf 79' lang='lat' dir='ltr'>vuueri.</span> <span class='ocrx_word' id='word_1_260' title='bbox 892 3292 933 3342; x_wconf 76' lang='lat' dir='ltr'>ste</span> <span class='ocrx_word' id='word_1_261' title='bbox 946 3292 1013 3358; x_wconf 82' lang='lat' dir='ltr'>apud</span> <span class='ocrx_word' id='word_1_262' title='bbox 1023 3293 1166 3343; x_wconf 83' lang='lat' dir='ltr'>Selluetium</span> <span class='ocrx_word' id='word_1_263' title='bbox 1179 3307 1186 3341; x_wconf 92' lang='lat'><strong>:</strong></span> <span class='ocrx_word' id='word_1_264' title='bbox 1201 3298 1304 3359; x_wconf 77' lang='lat' dir='ltr'>«Imque</span> 
     </span>
     <span class='ocr_line' id='line_1_32' title="bbox 232 3369 1305 3439; baseline 0.003 -20"><span class='ocrx_word' id='word_1_265' title='bbox 232 3370 333 3419; x_wconf 79' lang='lat' dir='ltr'>avaritie</span> <span class='ocrx_word' id='word_1_266' title='bbox 354 3369 537 3432; x_wconf 73' lang='lat' dir='ltr'>magistratuum</span> <span class='ocrx_word' id='word_1_267' title='bbox 554 3383 746 3432; x_wconf 69' lang='lat' dir='ltr'>errorumque·</span> <span class='ocrx_word' id='word_1_268' title='bbox 788 3373 824 3435; x_wconf 87' lang='lat' dir='ltr'>Q.</span> <span class='ocrx_word' id='word_1_269' title='bbox 834 3371 910 3420; x_wconf 79' lang='lat' dir='ltr'>Fabio</span> <span class='ocrx_word' id='word_1_270' title='bbox 917 3374 1015 3436; x_wconf 67' lang='lat' dir='ltr'>Sanga,</span> <span class='ocrx_word' id='word_1_271' title='bbox 1025 3373 1095 3435; x_wconf 78' lang='lat' dir='ltr'>uulua</span> <span class='ocrx_word' id='word_1_272' title='bbox 1104 3374 1243 3439; x_wconf 77' lang='lat' dir='ltr'>patrocinio</span> <span class='ocrx_word' id='word_1_273' title='bbox 1250 3374 1305 3438; x_wconf 66' lang='lat' dir='ltr'>plna</span> 
     </span>
     <span class='ocr_line' id='line_1_33' title="bbox 232 3446 1304 3514; baseline 0.006 -18"><span class='ocrx_word' id='word_1_274' title='bbox 232 3449 348 3497; x_wconf 83' lang='lat' dir='ltr'>Lentulue</span> <span class='ocrx_word' id='word_1_275' title='bbox 363 3464 408 3514; x_wconf 89' lang='lat' dir='ltr'>per</span> <span class='ocrx_word' id='word_1_276' title='bbox 417 3450 446 3497; x_wconf 88' lang='lat' dir='ltr'>P.</span> <span class='ocrx_word' id='word_1_277' title='bbox 462 3448 613 3496; x_wconf 88' lang='lat' dir='ltr'>Umbrenum</span> <span class='ocrx_word' id='word_1_278' title='bbox 622 3446 745 3508; x_wconf 80' lang='lat' dir='ltr'>adeonjn·</span> <span class='ocrx_word' id='word_1_279' title='bbox 788 3451 876 3499; x_wconf 87' lang='lat' dir='ltr'>rlmum</span> <span class='ocrx_word' id='word_1_280' title='bbox 888 3451 975 3500; x_wconf 80' lang='lat' dir='ltr'>rirltee</span> <span class='ocrx_word' id='word_1_281' title='bbox 990 3452 1176 3512; x_wconf 83' lang='lat' dir='ltr'>utebatur,rem</span> <span class='ocrx_word' id='word_1_282' title='bbox 1189 3469 1304 3514; x_wconf 85' lang='lat' dir='ltr'>omnem,</span> 
     </span>
     <span class='ocr_line' id='line_1_34' title="bbox 231 3526 1305 3596; baseline 0.004 -18"><span class='ocrx_word' id='word_1_283' title='bbox 231 3529 333 3578; x_wconf 83' lang='lat' dir='ltr'>retionle</span> <span class='ocrx_word' id='word_1_284' title='bbox 346 3530 485 3576; x_wconf 82' lang='lat' dir='ltr'>eoeietetern</span> <span class='ocrx_word' id='word_1_285' title='bbox 493 3526 634 3592; x_wconf 74' lang='lat' dir='ltr'>pertrahere</span> <span class='ocrx_word' id='word_1_286' title='bbox 644 3526 745 3575; x_wconf 82' lang='lat' dir='ltr'>molitur</span> <span class='ocrx_word' id='word_1_287' title='bbox 786 3531 823 3579; x_wconf 83' lang='lat' dir='ltr'>uti</span> <span class='ocrx_word' id='word_1_288' title='bbox 834 3543 1012 3594; x_wconf 69' lang='lat' dir='ltr'>eognoverunt,</span> <span class='ocrx_word' id='word_1_289' title='bbox 1019 3533 1152 3596; x_wconf 70' lang='lat' dir='ltr'>aperiunt..</span> <span class='ocrx_word' id='word_1_290' title='bbox 1162 3533 1203 3582; x_wconf 74' lang='lat' dir='ltr'>Sir</span> <span class='ocrx_word' id='word_1_291' title='bbox 1217 3543 1241 3581; x_wconf 84' lang='lat' dir='ltr'>et</span> <span class='ocrx_word' id='word_1_292' title='bbox 1251 3549 1305 3582; x_wconf 82' lang='lat' dir='ltr'>om-</span> 
     </span>
     <span class='ocr_line' id='line_1_35' title="bbox 233 3605 1304 3671; baseline 0.003 -12"><span class='ocrx_word' id='word_1_293' title='bbox 233 3622 278 3659; x_wconf 83' lang='lat' dir='ltr'>eet.</span> <span class='ocrx_word' id='word_1_294' title='bbox 299 3607 349 3656; x_wconf 86' lang='lat' dir='ltr'>Sed</span> <span class='ocrx_word' id='word_1_295' title='bbox 361 3607 421 3654; x_wconf 81' lang='lat' dir='ltr'>vicit</span> <span class='ocrx_word' id='word_1_296' title='bbox 443 3606 541 3654; x_wconf 83' lang='lat' dir='ltr'>lurtum</span> <span class='ocrx_word' id='word_1_297' title='bbox 552 3607 645 3655; x_wconf 73' lang='lat' dir='ltr'>Rome.</span> <span class='ocrx_word' id='word_1_298' title='bbox 661 3605 745 3669; x_wconf 71' lang='lat' dir='ltr'>legati</span> <span class='ocrx_word' id='word_1_299' title='bbox 786 3624 830 3658; x_wconf 85' lang='lat' dir='ltr'>nee</span> <span class='ocrx_word' id='word_1_300' title='bbox 841 3609 956 3671; x_wconf 82' lang='lat' dir='ltr'>Helvetii,</span> <span class='ocrx_word' id='word_1_301' title='bbox 966 3611 1052 3661; x_wconf 77' lang='lat' dir='ltr'>civiter</span> <span class='ocrx_word' id='word_1_302' title='bbox 1060 3629 1119 3662; x_wconf 84' lang='lat' dir='ltr'>une.</span> <span class='ocrx_word' id='word_1_303' title='bbox 1132 3615 1304 3664; x_wconf 68' lang='lat' dir='ltr'>earn-oi-</span> 
     </span>
     <span class='ocr_line' id='line_1_36' title="bbox 231 3685 1304 3757; baseline 0.002 -19"><span class='ocrx_word' id='word_1_304' title='bbox 231 3689 313 3748; x_wconf 85' lang='lat' dir='ltr'>euirn,</span> <span class='ocrx_word' id='word_1_305' title='bbox 324 3687 438 3735; x_wconf 81' lang='lat' dir='ltr'>timenter</span> <span class='ocrx_word' id='word_1_306' title='bbox 451 3685 519 3733; x_wconf 80' lang='lat' dir='ltr'>nain</span> <span class='ocrx_word' id='word_1_307' title='bbox 533 3685 616 3750; x_wconf 80' lang='lat' dir='ltr'>peiore</span> <span class='ocrx_word' id='word_1_308' title='bbox 631 3695 744 3747; x_wconf 83' lang='lat' dir='ltr'>ruerent,</span> <span class='ocrx_word' id='word_1_309' title='bbox 786 3690 894 3754; x_wconf 64' lang='lat' dir='ltr'>perurit.</span> <span class='ocrx_word' id='word_1_310' title='bbox 905 3723 930 3743; x_wconf 87' lang='lat'>..</span> <span class='ocrx_word' id='word_1_311' title='bbox 953 3691 1047 3740; x_wconf 76' lang='lat' dir='ltr'>civitati</span> <span class='ocrx_word' id='word_1_312' title='bbox 1071 3693 1206 3757; x_wconf 75' lang='lat' dir='ltr'>peremit,</span> <span class='ocrx_word' id='word_1_313' title='bbox 1225 3701 1255 3740; x_wconf 83' lang='lat' dir='ltr'>ut</span> <span class='ocrx_word' id='word_1_314' title='bbox 1272 3690 1304 3740; x_wconf 90' lang='lat' dir='ltr'>de</span> 
     </span>
     <span class='ocr_line' id='line_1_37' title="bbox 231 3763 1304 3836; baseline 0.003 -19"><span class='ocrx_word' id='word_1_315' title='bbox 231 3779 308 3818; x_wconf 77' lang='lat' dir='ltr'>torem</span> <span class='ocrx_word' id='word_1_316' title='bbox 322 3783 372 3816; x_wconf 86' lang='lat' dir='ltr'>rem</span> <span class='ocrx_word' id='word_1_317' title='bbox 382 3764 415 3814; x_wconf 81' lang='lat' dir='ltr'>ed</span> <span class='ocrx_word' id='word_1_318' title='bbox 424 3767 457 3829; x_wconf 87' lang='lat' dir='ltr'>Q.</span> <span class='ocrx_word' id='word_1_319' title='bbox 471 3763 571 3813; x_wconf 77' lang='lat' dir='ltr'>Fabium</span> <span class='ocrx_word' id='word_1_320' title='bbox 584 3763 687 3828; x_wconf 54' lang='lat' dir='ltr'>sturm</span> <span class='ocrx_word' id='word_1_321' title='bbox 698 3763 743 3813; x_wconf 83' lang='lat' dir='ltr'>de·</span> <span class='ocrx_word' id='word_1_322' title='bbox 785 3767 876 3818; x_wconf 85' lang='lat' dir='ltr'>lluibm</span> <span class='ocrx_word' id='word_1_323' title='bbox 889 3772 940 3818; x_wconf 79' lang='lat' dir='ltr'>ruia</span> <span class='ocrx_word' id='word_1_324' title='bbox 954 3785 1011 3820; x_wconf 87' lang='lat' dir='ltr'>rum</span> <span class='ocrx_word' id='word_1_325' title='bbox 1024 3771 1138 3822; x_wconf 84' lang='lat' dir='ltr'>omnibne</span> <span class='ocrx_word' id='word_1_326' title='bbox 1151 3771 1231 3836; x_wconf 85' lang='lat' dir='ltr'>copiie</span> <span class='ocrx_word' id='word_1_327' title='bbox 1250 3772 1304 3820; x_wconf 78' lang='lat' dir='ltr'>exi·</span> 
     </span>
     <span class='ocr_line' id='line_1_38' title="bbox 230 3841 869 3903; baseline -0.008 -8"><span class='ocrx_word' id='word_1_328' title='bbox 230 3847 347 3896; x_wconf 81' lang='lat' dir='ltr'>tulerunt.</span> <span class='ocrx_word' id='word_1_329' title='bbox 359 3844 456 3895; x_wconf 81' lang='lat' dir='ltr'>Selluet.</span> <span class='ocrx_word' id='word_1_330' title='bbox 466 3843 526 3892; x_wconf 77' lang='lat' dir='ltr'>liell.</span> <span class='ocrx_word' id='word_1_331' title='bbox 537 3841 607 3892; x_wconf 79' lang='lat' dir='ltr'>cult</span> <span class='ocrx_word' id='word_1_332' title='bbox 616 3859 640 3892; x_wconf 83' lang='lat' dir='ltr'>r.</span> <span class='ocrx_word' id='word_1_333' title='bbox 651 3851 742 3903; x_wconf 56' lang='lat' dir='ltr'>40,st</span> <span class='ocrx_word' id='word_1_334' title='bbox 785 3857 869 3898; x_wconf 73' lang='lat' dir='ltr'>rent..</span> 
     </span>
    </p>

    <p class='ocr_par' dir='ltr' id='par_1_6' title="bbox 228 3922 1303 3988">
     <span class='ocr_line' id='line_1_39' title="bbox 228 3922 1303 3988; baseline 0.005 -14"><span class='ocrx_word' id='word_1_335' title='bbox 228 3926 301 3974; x_wconf 85' lang='lat' dir='ltr'>Unde</span> <span class='ocrx_word' id='word_1_336' title='bbox 314 3923 601 3988; x_wconf 73' lang='lat' dir='ltr'>lloretimrellorirque</span> <span class='ocrx_word' id='word_1_337' title='bbox 619 3922 692 3972; x_wconf 74' lang='lat' dir='ltr'>rebus</span> <span class='ocrx_word' id='word_1_338' title='bbox 704 3923 743 3971; x_wconf 93' lang='lat' dir='ltr'>in·</span> <span class='ocrx_word' id='word_1_339' title='bbox 820 3941 848 3988; x_wconf 82' lang='lat'>9.</span> <span class='ocrx_word' id='word_1_340' title='bbox 862 3927 957 3977; x_wconf 78' lang='lat' dir='ltr'>Eodem</span> <span class='ocrx_word' id='word_1_341' title='bbox 971 3929 1217 3979; x_wconf 65' lang='lat' dir='ltr'>immemores</span> <span class='ocrx_word' id='word_1_342' title='bbox 1235 3929 1303 3979; x_wconf 83' lang='lat' dir='ltr'>euim</span> 
     </span>
    </p>
   </div>
   <div class='ocr_carea' id='block_1_4' title="bbox 226 4001 1303 4148">
    <p class='ocr_par' dir='ltr' id='par_1_7' title="bbox 226 4001 1303 4148">
     <span class='ocr_line' id='line_1_40' title="bbox 226 4001 1303 4073; baseline 0.006 -22"><span class='ocrx_word' id='word_1_343' title='bbox 226 4001 306 4052; x_wconf 85' lang='lat' dir='ltr'>lidelie</span> <span class='ocrx_word' id='word_1_344' title='bbox 320 4002 441 4053; x_wconf 79' lang='lat' dir='ltr'>Allobrox</span> <span class='ocrx_word' id='word_1_345' title='bbox 453 4025 473 4052; x_wconf 80' lang='grc' dir='ltr'>ι.</span> <span class='ocrx_word' id='word_1_346' title='bbox 783 4008 811 4055; x_wconf 89' lang='lat' dir='ltr'>in</span> <span class='ocrx_word' id='word_1_347' title='bbox 824 4006 943 4068; x_wconf 80' lang='lat' dir='ltr'>Gelliam,</span> <span class='ocrx_word' id='word_1_348' title='bbox 958 4009 1005 4057; x_wconf 82' lang='lat' dir='ltr'>iter</span> <span class='ocrx_word' id='word_1_349' title='bbox 1019 4025 1063 4073; x_wconf 84' lang='lat' dir='ltr'>per</span> <span class='ocrx_word' id='word_1_350' title='bbox 1080 4009 1199 4058; x_wconf 79' lang='lat' dir='ltr'>Etruriam</span> <span class='ocrx_word' id='word_1_351' title='bbox 1214 4007 1303 4057; x_wconf 71' lang='lat' dir='ltr'>noemi</span> 
     </span>
     <span class='ocr_line' id='line_1_41' title="bbox 259 4082 862 4148; baseline 0.01 -20"><span class='ocrx_word' id='word_1_352' title='bbox 259 4097 284 4144; x_wconf 76' lang='lat'>7.</span> <span class='ocrx_word' id='word_1_353' title='bbox 308 4082 369 4131; x_wconf 80' lang='lat' dir='ltr'>Belli</span> <span class='ocrx_word' id='word_1_354' title='bbox 391 4082 548 4148; x_wconf 75' lang='lat' dir='ltr'>Transalpini</span> <span class='ocrx_word' id='word_1_355' title='bbox 577 4095 602 4131; x_wconf 86' lang='lat' dir='ltr'>et</span> <span class='ocrx_word' id='word_1_356' title='bbox 623 4083 740 4132; x_wconf 81' lang='lat' dir='ltr'>tumultus</span> <span class='ocrx_word' id='word_1_357' title='bbox 785 4099 862 4138; x_wconf 81' lang='lat' dir='ltr'>erent.</span> 
     </span>
    </p>
   </div>
   <div class='ocr_carea' id='block_1_5' title="bbox 0 0 1518 4680">
    <p class='ocr_par' dir='ltr' id='par_1_8' title="bbox 0 0 1518 4680">
     <span class='ocr_line' id='line_1_42' title="bbox 0 0 1518 4680; baseline 0 0"><span class='ocrx_word' id='word_1_358' title='bbox 0 0 1518 4680; x_wconf 95' lang='lat' dir='ltr'> </span> 
     </span>
    </p>
   </div>
  </div>
 </body>
</html>
