2912 4654
343 339 531 408 ORATIO
557 338 656 405 PRO
683 342 722 405 Α.
750 340 1026 411 CLUENTIO.
1156 364 1222 438 ¹⁰9

147 463 211 531 uris
235 460 470 557 polliceatur3
497 458 629 531 deinde
656 483 735 530 eam
763 472 888 555 postea
911 464 1134 559 supprimat:
1158 478 1216 551 ut,

146 574 322 667 quoniam
350 593 476 666 graves
502 568 668 641 homines
698 592 761 640 sua
785 583 915 666 sponte
943 595 1063 643 severe
1083 571 1220 666 judica·

147 693 251 750 turos
265 678 436 777 putabat,
454 681 543 767 hos,
562 665 626 776 qui
648 677 800 750 leviores
818 695 940 767 erant,
962 679 1225 755 destitutione⁵

147 791 259 860 iratos
286 791 488 888 Oppianico
518 787 696 860 redderet.
730 794 880 884 Itaque,
907 803 948 860 ut
979 806 1057 863 erat
1078 817 1224 891 semper

147 897 413 998 praeposterus⁶
433 915 543 997 atque
557 923 770 999 perversus,
789 899 934 969 initium
949 897 1034 970 facit
1050 925 1070 972 a
1084 901 1223 990 Bulb0;

146 1025 182 1082 et
203 1035 309 1100 eum,
330 1010 431 1107 quod
446 1009 585 1108 jamdiu
604 1008 694 1082 nihil
717 1009 927 1106 quaesierat,
948 1013 1089 1081 tristem
1112 1028 1223 1110 atque

148 1122 381 1209 oscitantem,
396 1121 522 1196 leviter
542 1118 724 1219 impellit⁷.
745 1118 843 1208 Quid
857 1119 919 1190 tu?
935 1120 1073 1216 inquit3
1089 1121 1220 1218 ecquid

147 1253 206 1300 me
228 1231 397 1326 adjuvas,
421 1231 556 1316 Balbe,
576 1257 623 1303 ne
642 1231 750 1328 gratis
775 1228 983 1327 reipublicae
1001 1232 1220 1302 serviamus?

147 1340 212 1410 Ille
229 1365 336 1429 vero,
363 1341 470 1412 simul
499 1354 609 1438 atque
635 1338 708 1411 hoc
732 1338 890 1426 audivit,
912 1363 959 1410 ne
984 1343 1115 1435 gratis:
1137 1345 1220 1432 Quo

149 1451 270 1538 voles,
289 1453 429 1550 inquit,
451 1476 591 1550 sequar.
614 1449 684 1524 Sed
699 1448 789 1547 quid
803 1442 961 1520 affersssl
978 1453 1071 1519 Tum
1085 1452 1118 1521 ei
1135 1473 1223 1547 qua·

152 1559 319 1658 draginta
341 1562 471 1651 millia,
495 1563 524 1634 si
542 1575 635 1632 esset
652 1559 841 1632 absolutus
859 1559 1099 1656 Oppianicus,
1119 1561 1224 1658 polli-

153 1687 276 1758 cetur3
297 1685 333 1743 et
350 1697 452 1761 eum,
466 1687 508 1744 ut
523 1681 687 1744 ceteros⁹
701 1668 876 1769 appellet,
890 1667 1108 1766 quibuscum
1123 1670 1226 1768 loqui

151 1797 383 1869 consuesset,
400 1798 522 1880 rogat3
542 1797 651 1881 atque
671 1783 776 1853 etiam
793 1781 869 1878 ipse
883 1779 1095 1851 conditor¹⁰
1113 1783 1225 1852 totius

153 1896 313 1992 negotii,
333 1898 480 1965 Guttam
496 1893 675 1993 adspergit
689 1892 775 1964 huic
790 1891 918 1962 Bulbo.
936 1895 1064 1988 Itaque
1076 1892 1226 1963 minime

151 2028 293 2075 amarus
324 2005 353 2074 is
385 2007 482 2076 visus
509 2018 583 2089 est,
614 2003 677 2100 qui
712 2000 847 2099 aliquid
877 2026 922 2072 ex
950 2001 1029 2095 ejus
1057 2023 1224 2072 sermone

152 2115 310 2212 speculae
332 2113 549 2212 degustarat.
571 2119 677 2186 Unus
699 2127 736 2183 et
752 2112 842 2182 alter
863 2109 938 2182 dies
954 2111 1225 2197 intercesserat,

152 2249 271 2323 quum
292 2249 350 2296 res
364 2248 493 2324 parum
507 2239 603 2297 certa
617 2220 808 2294 videbatur
823 2249 831 2291 :
847 2229 1070 2317 sequester¹¹
1088 2233 1124 2292 et
1137 2245 1224 2293 con-

187 2423 212 2472 5.
229 2421 401 2472 Dastuasdans.
416 2425 453 2470 Eo
464 2423 533 2488 quod
543 2422 600 2470 illos
607 2437 666 2487 pro·
710 2419 812 2485 saphara
823 2432 829 2468 :
839 2415 1012 2478 Staleuusille,
1020 2416 1063 2480 qui
1073 2427 1150 2466 totam
1159 2418 1223 2466 bane

150 2501 222 2550 missa
235 2502 368 2567 Oppianici
375 2502 474 2550 nomine
481 2501 583 2566 pecnnia
593 2499 666 2549 desti·
710 2516 761 2548 rem
774 2497 913 2556 condierat,
928 2498 1033 2562 aspergit
1051 2497 1108 2546 huic
1130 2498 1223 2561 bulbo,
1261 2531 1262 2534 =

152 2581 246 2630 suisset.
710 2595 792 2629 amaro
804 2579 897 2627 scilicet
908 2576 1039 2642 leguminI,
1058 2588 1166 2642 guttam,
1179 2595 1223 2627 seu

186 2661 212 2709 6.
219 2662 395 2722 Praepostmss.
402 2660 521 2708 Jocorum
530 2660 614 2706 seriem
624 2657 666 2706 laic
710 2659 812 2724 liquoris
825 2656 975 2723 paullulum,
989 2657 1042 2716 ejus
1055 2645 1223 2705 amaritudinis

152 2737 351 2795 maurentinus,
360 2737 499 2802 quinostris
508 2737 666 2785 auribusior·
711 2738 874 2802 temperandae
888 2751 970 2784 causa.
985 2736 1060 2798 Quod
1074 2737 1137 2785 serio
1150 2753 1221 2785 seusu

151 2835 193 2866 san
207 2817 326 2882 frigeant,
340 2833 390 2865 uon
404 2828 484 2865 sutem
493 2817 666 2864 Romanosol'-
709 2815 831 2880 signifieat
843 2817 959 2874 Guttam,
973 2815 1076 2862 alterum
1098 2815 1222 2876 iudicem,

151 2897 297 2955 fundebant,
304 2907 332 2944 ut
341 2911 370 2944 sx
380 2895 486 2960 Quintil.
495 2897 665 2956 IV,a,viders
709 2895 788 2944 Bulbo
795 2895 938 2956 adjunctum
947 2893 1082 2956 iuisss‚qui
1091 2892 1156 2941 illius
1165 2909 1224 2959 pro·

153 2989 202 3035 est,
215 2975 260 3040 qui
281 2976 333 3023 siue
345 2974 396 3022 ulla
409 2974 617 3023 animadversione
627 2973 666 3024 lo·
709 2977 836 3024 missorum
849 2974 1019 3036 ceteris‚quos
1030 2973 1222 3036 corrumpendos

153 3071 207 3104 eum
221 3055 317 3104 recitat.
331 3056 413 3118 Longa
425 3054 567 3119 metaphora
585 3065 620 3102 est
634 3071 665 3102 ex
708 3064 859 3118 susceperat,
877 3049 952 3100 fldem
971 3051 1067 3100 iaceret.
1089 3051 1128 3099 Sic
1142 3063 1221 3100 autem

154 3151 229 3184 smum
242 3149 291 3182 usu
303 3133 439 3198 desumpta.
452 3135 535 3199 Quum
545 3133 609 3180 euim
617 3133 665 3180 ini·
711 3133 782 3182 rebus
794 3131 951 3196 compositis,
962 3131 1056 3179 Bulbus
1072 3131 1171 3180 minime
1184 3131 1221 3179 vi·

154 3215 214 3264 tium
229 3229 306 3262 coeuse
318 3229 333 3260 a
347 3211 424 3260 bulbo
435 3210 489 3260 fieri
508 3227 561 3261 uon
574 3211 667 3271 soleat,
711 3229 751 3260 sus
765 3221 802 3259 est
823 3227 917 3259 amarus
930 3210 953 3259 ei
970 3213 1014 3275 qui
1033 3227 1101 3276 spem
1117 3212 1222 3276 aliquam

154 3293 265 3342 Staleuus
275 3302 376 3338 maueua
387 3289 467 3339 Bulbo
476 3291 561 3352 judice
570 3291 668 3338 initium
711 3289 823 3357 pecuniae
832 3293 921 3352 ex'sjus
928 3291 1080 3341 sermonibus
1090 3305 1223 3358 acceperat.
1322 3318 1324 3327 ·

154 3371 238 3420 feeerit
243 3369 331 3432 indicii
336 3370 507 3434 corrumpendi
515 3404 522 3429 ,
531 3369 588 3419 ideo
597 3379 668 3417 vocat
712 3371 807 3420 Multus
820 3380 857 3419 est
864 3371 889 3418 iu
897 3371 946 3419 boe
954 3369 1098 3420 admirando
1104 3373 1161 3422 loeo
1168 3373 1223 3421 Ma-

155 3467 210 3500 sum
219 3451 307 3502 Cicero
317 3459 494 3514 praepostsrum
502 3461 575 3515 atque
587 3448 667 3498 omnia
712 3451 953 3515 nutius‚tuirumqne
965 3453 1091 3501 Ciceronis
1099 3453 1224 3516 ingenium

157 3547 270 3596 perverso
283 3529 372 3578 ordine
385 3539 502 3594 agentem.
712 3532 739 3578 iu
759 3531 844 3596 lepore
860 3530 982 3579 dictorum
999 3530 1112 3579 laudibus
1129 3531 1199 3580 effert
1217 3545 1224 3578 ε

193 3627 218 3671 7.
239 3608 338 3657 Leniter
357 3607 464 3674 impellit.
477 3609 667 3658 Cubitolsuiter
710 3609 782 3658 nobis
799 3609 939 3673 huiusmodi
954 3611 1005 3672 joci
1027 3625 1058 3658 ez
1084 3608 1224 3656 nominibus

158 3689 259 3754 attingit.
712 3689 779 3737 ducti
800 3691 888 3754 saepius
908 3689 991 3754 frigidi
1006 3687 1127 3736 videntur.
1149 3689 1224 3738 Coul'.

192 3770 217 3818 8.
232 3767 283 3816 sed
292 3765 455 3834 quiliaffirs?
468 3766 536 3832 Quid
548 3767 668 3831 agendum
711 3769 816 3832 Quintil.
825 3772 873 3828 vl,
889 3771 914 3817 3.

158 3849 280 3896 nuncin?
751 3863 792 3897 rr.
805 3849 937 3912 Sequsster.
950 3847 1026 3906 Cujus
1043 3847 1070 3893 iu
1088 3861 1161 3894 uranu
1179 3861 1223 3911 ps·

193 3943 218 3990 9.
234 3927 342 3976 Ceteros.
355 3926 468 3990 Iudices,
479 3923 623 3990 quibuscum
635 3925 668 3972 fa·
713 3928 784 3976 cunia
806 3923 975 3990 deponeretur.
989 3917 1033 3961 '—
1053 3923 1223 3992 Confinaator.

158 4007 283 4054 miliar-iter
296 4017 439 4055 versamur.
714 4007 764 4069 Qui
783 4004 814 4053 ds
832 4005 935 4070 pecunia
954 4003 1085 4069 sponderet
1098 4021 1111 4053 a
1126 4007 1225 4055 Stalsuo

197 4103 237 4138 ro.
249 4086 307 4149 lpse
324 4083 444 4133 conditor.
458 4083 604 4134 Continuata
618 4099 670 4132 ms·
715 4084 840 4148 promissa.
