3020 4666
238 333 308 404 218
575 333 971 408 ARGUMENTUM.

274 471 336 513 rem
349 449 492 524 deserint,
509 465 539 512 et
552 470 735 516 communem
748 455 968 535 rempublicam
981 457 1127 516 communi
1140 457 1238 518 studio
1250 459 1302 520 de-

275 549 410 618 teodane
425 549 552 627 itemque
564 551 676 612 senatui
687 553 855 631 pollicetur,
866 555 891 614 si
903 553 965 633 ipse
976 553 1104 614 studium
1119 553 1157 614 ad
1173 575 1301 617 commu·

272 666 339 706 nem
360 644 529 725 dignitatem
545 646 757 710 defendendum
772 651 960 729 profiteatur,
987 670 1018 710 sc
1034 652 1248 729 perlectorum,
1268 667 1301 712 ut

270 757 355 804 vetus
365 742 455 821 hujus
467 741 579 803 ordinis
592 747 750 808 auctoritas
763 747 851 826 longo
862 747 1017 808 intervallo
1031 748 1073 808 rei
1086 747 1211 826 publicae
1222 749 1301 812 resti·

271 853 334 902 tota
344 860 406 902 csse
415 839 558 916 uideatur,
572 862 601 918 9.

229 1057 272 1114 Ea
283 1053 501 1114 estorationum
517 1053 607 1114 series
617 1073 684 1134 quas
693 1055 847 1116 maximam
861 1056 996 1116 Ciceroni
1012 1056 1194 1118 consulatum
1207 1059 1301 1138 auspi-

267 1150 344 1209 canti
363 1150 485 1228 gloriam
508 1152 670 1224 concessit,
693 1171 729 1211 eo
755 1151 836 1230 qood
861 1153 924 1230 ipse
947 1153 1091 1232 populum
1116 1165 1146 1212 et
1168 1152 1300 1214 tribunos

266 1247 344 1308 intra
368 1261 529 1308 castrorum
552 1249 772 1327 propugnacula
796 1249 950 1323 devicerit,
971 1249 1123 1330 legemque
1147 1249 1223 1310 banc
1242 1270 1299 1330 po-

267 1345 400 1423 pularem
413 1344 487 1405 adeo
498 1359 528 1404 ct
537 1345 737 1410 Gracchorum
755 1347 894 1406 memoria
911 1360 1074 1427 protectam
1089 1348 1130 1408 ita
1144 1348 1298 1428 impugna-

267 1443 359 1516 verit,
370 1455 403 1501 ut
413 1443 516 1502 llullm
526 1444 640 1521 cognita
652 1444 755 1522 populi
768 1445 938 1518 volontate,
955 1465 1007 1504 sua
1017 1465 1070 1524 spe
1079 1443 1222 1522 dejectus,
1235 1465 1299 1504 enm

268 1539 347 1598 ferre
356 1558 415 1598 non
424 1539 485 1618 jam
499 1559 585 1598 ausus
597 1540 643 1599 sit.
653 1545 690 1600 Et
701 1541 804 1600 Cicero
813 1561 873 1600 non
887 1541 975 1600 semel
989 1541 1044 1602 bac
1058 1561 1117 1600 sose
1127 1542 1299 1620 eloquentiae

268 1633 390 1694 victoria
403 1635 554 1714 gloriatur,
570 1648 601 1694 et
611 1636 783 1696 Plutarchus
795 1638 928 1710 maximis
941 1657 1005 1697 earn
1017 1637 1153 1698 laudibus
1163 1640 1259 1712 ellert,
1270 1652 1299 1697 et

268 1732 378 1792 Plinius
391 1731 421 1792 in
437 1731 616 1792 nobilissima
634 1734 684 1792 illa
704 1736 809 1793 sommi
829 1735 954 1794 oratoris
967 1734 1146 1808 laudatione,
1158 1735 1237 1814 quod
1245 1779 1254 1809 ,
1267 1747 1300 1793 ut

269 1829 420 1888 verissimo
434 1830 626 1889 admiratione
641 1851 826 1909 expressum,
848 1851 943 1909 neque
963 1830 1000 1889 ab
1019 1832 1082 1908 ipsa
1095 1831 1219 1890 alienum
1232 1833 1298 1890 elo·
1367 1883 1369 1890 .

271 1927 409 2004 quentia,
426 1927 620 1988 testimonium
637 1927 760 1986 recitare
779 1947 839 1986 non
853 1927 1011 1986 absurdum
1031 1928 1094 1986 fore
1106 1927 1297 1988 arbitramur:

270 2049 283 2078 ι
296 2029 364 2098 Quo
378 2037 406 2084 te
417 2067 426 2097 ,
439 2024 545 2103 inquit,
560 2029 602 2084 Μ.
615 2024 709 2096 Tulli,
726 2025 845 2103 piaculo
857 2026 986 2085 taceam?
998 2043 1095 2102 querc
1108 2025 1233 2082 maxime
1243 2045 1296 2083 ex-

269 2119 419 2182 cellentem
431 2120 535 2198 insigni
547 2121 723 2199 praedicem?
742 2127 809 2195 Quo
822 2121 935 2200 potius,
951 2141 1038 2199 quam
1052 2121 1182 2180 universi
1194 2122 1298 2200 populi

269 2217 347 2276 illius
358 2217 450 2296 gentis
460 2217 637 2296 amplissimo
651 2217 835 2291 testimonio,
848 2230 877 2277 et
891 2237 908 2276 e
923 2230 984 2277 tota
997 2218 1056 2276 rita
1070 2230 1120 2277 tua
1131 2219 1297 2278 consulatus

270 2327 382 2374 tantum
393 2314 531 2394 operibus
543 2314 660 2374 electis?
672 2319 714 2374 Te
731 2315 861 2390 dicente,
887 2317 979 2393 legem
993 2315 1151 2394 agrariam,
1165 2315 1222 2374 hoc
1236 2327 1296 2386 est,

269 2411 405 2470 alimenta
416 2431 468 2470 sua
480 2410 689 2470 abdicaverunt
700 2411 806 2471 tribus:
824 2425 853 2471 te
863 2410 1019 2485 suadente,
1031 2411 1138 2470 Roscio
1150 2411 1297 2472 theatralis

269 2510 382 2569 auctori
398 2510 470 2590 legis
482 2511 672 2589 ignoverunt,
691 2525 865 2590 notatasque
880 2530 911 2572 se
929 2510 1095 2570 discrimine
1111 2507 1193 2570 ‘sedis
1212 2529 1296 2587 aequo

268 2606 367 2664 animo
381 2606 528 2665 tulerunt:
546 2620 574 2665 to
588 2619 705 2679 orante,
726 2607 958 2686 proscriptorum
972 2606 1080 2665 liberos
1100 2606 1227 2664 honores
1242 2625 1295 2684 pe-

268 2715 330 2762 tere
344 2701 468 2782 puduit:
486 2715 568 2762 tuom
589 2703 713 2762 Catilina
734 2704 808 2782 sugit
829 2704 997 2782 ingenium:
1025 2716 1057 2761 tn
1076 2707 1118 2761 Μ.
1136 2702 1295 2760 Antonium

267 2799 474 2879 proscripsisti.
499 2800 599 2873 Salve,
616 2800 728 2879 primos
744 2801 873 2860 omnium
896 2819 999 2879 parens
1019 2799 1121 2878 patriae
1136 2798 1294 2878 appellatc;

268 2899 379 2974 primus
395 2899 426 2956 in
442 2911 508 2978 toga
531 2899 711 2978 triumphum
732 2900 895 2978 linguaque
910 2900 1037 2957 lauream
1059 2897 1179 2970 merite,
1205 2910 1235 2955 et
1255 2898 1295 2955 sa·

268 2995 382 3055 cundiae
392 2997 585 3074 latiarumque
596 2997 744 3055 literarum
758 3015 881 3075 parens:
897 3009 982 3074 atque
994 2993 1039 3075 (ut
1052 2992 1177 3053 dictator
1190 2998 1294 3063 Caesar,

265 3093 357 3153 bostis
369 3093 516 3171 quondam
531 3107 612 3169 tuus,
623 3094 660 3154 de
673 3108 701 3154 te
714 3095 840 3172 scripsit)
854 3093 982 3152 omnium
997 3092 1212 3170 triumphorum
1228 3091 1294 3149 lan·

266 3209 346 3248 ream
359 3189 465 3269 adepta
476 3190 631 3268 majorem,
645 3192 832 3270 quantoplus
845 3204 897 3265 est,
912 3189 1020 3269 ingenii
1033 3189 1146 3248 romani
1157 3189 1294 3247 terminos

268 3287 299 3342 in
316 3299 428 3345 tanturn
441 3289 638 3365 promovisse,
662 3307 750 3367 qoam
769 3288 901 3366 imperii,
921 3287 1043 3365 reliquis
1062 3287 1151 3346 animi
1171 3283 1256 3344 bonis
1271 3309 1292 3341 υ.

268 3379 351 3460 (Plio.
364 3381 438 3442 nist.
453 3388 518 3444 Nat
534 3383 585 3445 lib.
596 3375 670 3458 vll,
684 3405 748 3464 cap.
762 3384 823 3463 31.)

538 3659 985 3692 -ψ-ι-
