2934 4680
207 389 231 459 6

536 389 937 459 ARGUMENTUM.

284 515 320 569 lu
335 510 457 570 exordio
471 529 571 570 causas
588 510 724 588 exponit,
748 529 813 588 quae
834 529 901 568 eum
921 507 1076 587 quominus
1093 509 1270 570 adhaesum

244 609 355 686 populo
368 628 424 686 pro
438 608 551 667 Rostris
563 620 672 685 ageret,
691 605 910 685 prohibuerint,
923 626 987 685 cap.
1003 626 1027 664 1.

283 704 397 764 Deinde
412 705 552 764 orationis
566 716 767 782 argumentum
782 704 969 783 impartitur,
984 715 1017 762 ut
1032 704 1159 783 primum
1174 702 1211 782 de
1223 726 1272 784 ge·

244 821 312 860 nere
325 800 416 874 belli,
429 800 534 860 deiude
549 800 588 858 de
602 803 814 878 magnitudine,
827 813 975 879 postremo
989 800 1026 860 de
1039 803 1209 878 imperatore
1222 802 1272 862 de·

246 899 363 978 ligendo
380 899 436 959 sihi
456 899 610 959 dicendum
629 919 690 957 esse
704 897 890 974 demonstret.

284 1005 327 1059 Ae
348 1021 438 1076 genus
460 999 577 1078 quidem
602 998 673 1058 belli
689 997 830 1077 ejusmodi
855 1018 916 1059 esse
932 998 1019 1072 dicit,
1043 1001 1117 1059 utiu
1130 1020 1166 1060 eo
1179 1001 1272 1080 gloria

242 1098 345 1175 populi
363 1097 476 1156 romani
502 1117 536 1156 ae
560 1096 683 1175 dignitas
706 1096 837 1174 imperii,
863 1096 1058 1172 3-551deinde
1082 1097 1159 1156 salus
1178 1098 1271 1157 socio·

225 1212 327 1266 ,rum3
351 1193 502 1274 vectigalia
523 1192 626 1272 populi
648 1191 760 1252 romani
785 1192 961 1264 certissima,
988 1193 1022 1266 63
1048 1192 1174 1272 denique
1193 1193 1271 1253 bona

244 1288 479 1369 publicanorum,
496 1289 708 1368 negotiatorum
724 1304 753 1347 et
769 1288 894 1348 aliorum
911 1288 1018 1349 civium
1037 1307 1225 1350 romanortuu
1240 1291 1279 1364 in

246 1389 315 1448 Asia
330 1389 489 1447 viventium
504 1399 640 1463 agantur,
654 1407 683 1458 7.

283 1489 318 1542 In
345 1485 539 1560 magnitudine
557 1481 627 1541 belli
640 1481 830 1556 declaranda,
852 1483 977 1562 primum
1000 1484 1118 1563 quidem
1143 1487 1272 1564 agnoscit

246 1582 351 1640 multas
363 1579 484 1637 Lucullo
494 1578 595 1638 laudes
606 1578 688 1637 sortis
700 1578 766 1649 viri,
776 1581 914 1658 sapientis
930 1581 1057 1642 hominis
1070 1595 1100 1642 et
1111 1584 1209 1665 magni
1221 1582 1273 1642 im·

244 1676 386 1758 peratoris
402 1675 516 1749 deberi,
540 1690 634 1735 tamen
654 1695 803 1755 superesse
818 1676 946 1750 bellum,
970 1692 1002 1737 ut
1022 1699 1125 1752 genere
1138 1700 1272 1740 neeessa-

245 1776 337 1848 rium,
353 1775 394 1833 sic
416 1770 613 1850 magnitudine
632 1772 842 1856 periculosum3
868 1774 978 1853 quippe
994 1774 1073 1852 quod
1096 1775 1271 1854 conjungant

244 1891 325 1950 reges
346 1869 537 1949 potentissimi
558 1869 742 1928 Mithridates
762 1889 796 1928 ao
815 1871 971 1948 Tigranes,
999 1883 1143 1929 renovent
1158 1873 1271 1951 agitatae

244 1969 396 2039 nationes,
423 1965 582 2046 suscipiant
601 1967 720 2044 integrae
738 1977 852 2044 gentes,
878 1965 1006 2024 noudum
1022 1964 1100 2025 bello
1113 1968 1270 2042 lacessitae,

245 2084 339 2124 novus
354 2064 512 2142 imperator
523 2081 659 2121 romanus
671 2061 808 2141 accipiat,
820 2075 918 2120 vetere
929 2061 1013 2140 pulso
1025 2065 1171 2135 exercitu,
1187 2066 1220 2135 8,
1229 2087 1257 2143 p

282 2168 346 2222 iam
365 2160 476 2222 accedit
496 2171 596 2218 orator
620 2160 657 2218 ad
678 2161 867 2238 quaestionem
887 2159 924 2218 de
947 2160 1139 2239 imperatore,
1155 2162 1193 2222 ad
1214 2163 1270 2224 hoc

242 2259 351 2319 bellum
366 2256 529 2336 deligendo.
544 2261 678 2331 Quattuor
684 2276 730 2316 res
737 2245 827 2335 quum
840 2257 870 2315 in
876 2257 1053 2335 imperatore
1066 2259 1268 2338 requirantur:

242 2357 360 2416 scientia
371 2357 414 2414 rei
429 2355 577 2428 militaris,
597 2354 704 2423 virtus,
725 2354 894 2426 auctoritas,
916 2355 1051 2428 felicitas3
1066 2376 1113 2415 eas
1128 2377 1227 2418 omnes
1239 2359 1270 2417 in

247 2455 388 2533 Pompeio
401 2471 462 2512 esse
478 2451 614 2512 ostendit.

285 2575 311 2610 r.
327 2555 478 2612 Scientiam
492 2555 535 2610 rei
553 2553 699 2622 militaris,·
725 2551 762 2611 ab
779 2553 897 2612 ineunte
912 2555 989 2612 enim
1005 2567 1088 2613 aetate
1100 2556 1269 2634 Pompeium

241 2670 300 2710 non
315 2649 415 2710 alienis
428 2649 595 2728 praeceptis,
619 2648 670 2706 sed
689 2649 747 2708 suis
760 2649 890 2728 imperiis
905 2649 942 2708 ad
956 2671 1019 2710 eam
1035 2651 1182 2712 seientiam
1200 2671 1269 2711 eru-

242 2747 334 2806 ditum
347 2767 422 2820 esse,
436 2759 465 2804 et
478 2746 566 2804 variis
579 2766 614 2804 ac
628 2746 749 2804 diversis
761 2746 914 2822 generibus
925 2745 1071 2809 bellorum
1086 2747 1123 2807 ab
1137 2769 1173 2808 eo
1184 2751 1270 2828 gestis

241 2845 350 2904 nullam
364 2865 425 2903 rem
442 2863 503 2902 esse
517 2842 657 2902 declarari
675 2843 705 2901 in
721 2863 777 2901 usu
793 2844 911 2903 militari
933 2847 1074 2920 positam,
1093 2867 1159 2925 quae
1183 2847 1269 2925 hujus

205 2975 209 2982 .
242 2943 297 3000 viri
313 2940 469 3001 seientiam
479 2941 580 3020 lugere
593 2940 704 3018 possit,
722 2959 769 2998 10.

280 3057 307 3096 a.
320 3041 423 3096 Virtuti
430 3049 526 3096 autem
536 3037 667 3115 Pompeii
675 3056 775 3116 parem
788 3057 849 3096 non
863 3057 947 3118 posse
958 3041 1120 3099 orationem
1129 3040 1267 3112 inveniri3

239 3135 389 3196 nonenim
407 3133 501 3192 solum
515 3135 661 3212 egregium
677 3135 708 3194 in
722 3153 757 3192 eo
771 3153 832 3194 esse
849 3135 980 3196 laborem
995 3137 1025 3195 in
1038 3137 1166 3216 negotio,
1188 3138 1269 3197 sorti·

240 3233 370 3292 tudinem
381 3233 413 3288 in
424 3231 572 3309 perieulis,
588 3232 759 3292 industriam
769 3232 799 3291 in
814 3233 943 3312 agendo,
954 3235 1129 3295 celeritatem
1140 3237 1170 3294 in
1181 3235 1269 3295 conli-

238 3327 358 3400 oieudo,
375 3326 532 3386 consilium·
547 3327 577 3382 in
589 3326 789 3404 providendo,
808 3311 840 3386 tl
855 3373 863 3402 ,
880 3349 935 3402 1²3
953 3331 1004 3390 sed
1023 3332 1108 3390 etiarn
1129 3351 1268 3390 summam

134 3453 141 3458 ·
239 3423 448 3495 innocentiam,
468 3424 708 3500 temperantiam,
724 3425 826 3498 fidem,
844 3427 1021 3496 felicitatem,
1033 3427 1190 3505 ingenium,
1207 3427 1226 3484 i.
1241 3447 1266 3485 e.

239 3519 355 3583 dicendi
369 3519 539 3598 gravitatem
555 3535 585 3578 et
599 3521 728 3596 copiam,
742 3520 968 3595 humanitatem,
986 3523 1038 3594 13,
1053 3531 1098 3591 14.

278 3623 305 3678 3.
322 3623 468 3678 Summam
480 3618 541 3694 ejus
548 3620 744 3674 auctoritatem
756 3637 817 3676 esse
832 3618 928 3675 multis
944 3617 1032 3678 rebus
1045 3620 1133 3698 gestis
1140 3621 1267 3699 magnis-

238 3737 295 3795 que
311 3717 414 3795 populi
427 3715 538 3773 romani
551 3715 668 3791 judiciis
681 3715 900 3792 amplificatam,
920 3735 983 3792 quae
996 3716 1073 3796 apud
1086 3738 1168 3798 reges
1179 3733 1209 3777 et
1218 3740 1267 3778 ex·

238 3827 313 3872 teras
324 3813 455 3872 notiones
465 3812 611 3890 praecipue
625 3813 662 3870 sit
674 3812 811 3884 valitura,
827 3815 870 3872 15.

277 3919 304 3978 4.
330 3911 462 3986 Denique
466 3910 634 3984 felicitatem
647 3909 709 3986 ejus
726 3921 834 3969 tantam
857 3911 952 3971 adhuc
967 3911 1071 3985 luisse,
1086 3911 1173 3972 rebus
1186 3912 1266 3971 domi

237 4005 420 4082 militiaeque,
444 4019 520 4064 terra
539 4005 669 4084 marique
682 4006 782 4083 gestis,
806 4021 838 4066 ut
852 4007 913 4085 ejus
933 4028 1049 4086 semper
1069 4009 1266 4068 voluntatibus
