3018 4664
429 343 497 410 DE
521 343 660 410 LEGE
683 341 936 426 AGRARIA,
962 344 1034 412 ΙΙΙ.
1190 341 1261 428 333

199 463 409 536 Tusculanis
431 487 499 560 pro
517 486 611 560 aqua
630 462 806 539 crebram
822 462 972 559 vectigal
988 462 1164 560 pendam,
1177 470 1261 564 quia

199 574 378 670 mancipio
387 568 419 616 ³⁰
431 571 588 646 funtlum
602 574 743 670 acecpi3
759 573 788 646 si
801 572 930 646 aSulla
941 573 1029 646 milti
1041 572 1146 648 datus
1157 593 1262 666 esset,

197 681 294 754 Rulli
312 683 390 777 lege
408 705 483 754 uon
502 679 711 780 penderem.
738 743 746 754 ,

158 869 162 881 ,
246 797 306 864 ΙΙΙ.
325 790 441 864 Video
455 815 537 880 vos,
556 795 730 884 Quirites,
752 793 856 865 sicuti
874 815 932 864 res
950 794 1025 891 ipsa
1040 795 1152 892 cogit,
1166 819 1262 870 com·

199 905 362 974 moveri¹
392 903 449 973 vel
469 902 574 1000 legis,
598 903 653 974 vel
678 903 849 976 orationis
873 903 1128 1000 impudentia:
1157 903 1263 1004 legis,

198 1038 280 1109 quae
296 1013 356 1106 jus
371 1013 500 1086 melius
513 1013 670 1086 Sullanis
686 1013 827 1111 praediis
842 1014 1052 1100 constituat,
1071 1037 1181 1110 quam
1199 1041 1263 1113 pa·

93 1132 96 1144 ¹
199 1125 327 1208 ternis,
356 1123 547 1209 orationis,
578 1147 658 1219 quse
689 1121 866 1217 ejusmodi
893 1133 1024 1194 causa²
1052 1126 1261 1200 insimulare

198 1255 420 1328 quemquam
441 1231 588 1318 audeat,
610 1233 765 1306 rationes
780 1233 885 1306 Suttae
902 1234 1054 1306 nimium
1070 1231 1260 1308 vehemen-

199 1357 254 1416 ter
274 1340 479 1414 defendere.
503 1348 549 1416 Aa
568 1347 597 1414 si
616 1341 675 1414 iila
697 1342 816 1416 solum
834 1342 1005 1428 sanciret,
1027 1366 1143 1439 qnaea
1165 1345 1261 1420 Sulla

199 1465 318 1524 essent
345 1451 445 1536 data,
474 1467 647 1539 tacerem3
672 1453 781 1524 modo
807 1455 883 1550 ipsa
912 1477 950 1524 se
972 1453 1158 1526 Sullanum
1184 1479 1262 1528 esse

199 1559 442 1634 confiteretur.
463 1559 532 1635 Sed
554 1586 630 1634 non
651 1560 762 1634 modo
783 1563 853 1635 illis
871 1576 989 1646 cavet,
1008 1585 1133 1634 verum
1152 1567 1260 1638 etiam

200 1670 297 1742 aliud
313 1671 495 1767 quoddam
514 1697 628 1770 genus
645 1672 851 1746 donationis
866 1669 881 1716 ³
901 1671 1060 1759 inductu
1079 1685 1114 1746 et
1128 1675 1180 1758 is,
1196 1679 1259 1772 qul

199 1805 220 1852 a
239 1807 295 1852 me
318 1782 478 1854 Sullanas
501 1785 744 1878 possessiones
768 1779 913 1854 delendi
935 1783 1160 1866 criminatur,
1184 1807 1259 1856 nou

199 1915 260 1962 eas
282 1892 400 1964 solnm
429 1894 560 1980 sancit,
584 1917 708 1966 verum
736 1894 813 1990 ipsc
836 1896 977 1964 novasi
1006 1893 1263 1990 assignationes

246 2111 289 2158 aq.
313 2099 387 2162 Aqua
410 2096 508 2144 Crabra.
543 2096 709 2159 Aqussductus
752 2097 834 2158 datis,
848 2096 1261 2161 ete.Sedetiampuincsvenditis,

200 2184 263 2232 erat,
277 2175 320 2237 qui
336 2191 349 2221 a
365 2174 471 2222 Tusculo
487 2178 589 2223 Romam
605 2173 709 2232 fluebat3
751 2191 805 2239 qnae
815 2175 902 2223 Rullus
910 2175 990 2222 omnia
1003 2173 1123 2225 firmabat.
1135 2177 1259 2237 Quantum

200 2260 225 2298 st
244 2253 314 2313 cajus
333 2269 403 2302 mutu
426 2253 558 2302 Tusculani
579 2245 709 2318 quotannis
752 2270 821 2318 aqum
834 2255 931 2303 Crabra
943 2253 1020 2304 tando
1032 2254 1173 2316 delinietur,
1187 2256 1262 2303 etri-

200 2332 312 2394 vectigali
325 2333 481 2382 redimebant.
492 2335 529 2383 De
541 2334 609 2382 fonte
619 2333 667 2382 hoe
677 2333 709 2384 sd
752 2334 831 2382 cissim
843 2345 960 2398 qnantum
974 2333 1110 2396 vectigalia,
1123 2349 1260 2400 expressum

200 2410 315 2458 Tironem
327 2412 378 2474 agit
390 2411 420 2459 sd
430 2411 486 2459 Dis.
495 2412 570 2468 xvt,
587 2413 617 2459 18
629 2426 636 2460 t
649 2433 659 2456 ι
672 2415 709 2462 De
753 2423 802 2460 erat
820 2425 845 2460 et
859 2423 957 2460 cautum
977 2412 1002 2459 in
1021 2412 1073 2476 lege
1091 2411 1219 2475 mancipii,
1233 2425 1262 2462 ut

203 2488 292 2537 Crabra
303 2492 363 2555 quid
374 2503 466 2554 agatur,
476 2491 520 2538 etsi
532 2507 598 2540 nunc
611 2493 709 2555 quidem
753 2493 778 2538 in
791 2491 843 2539 aliis
854 2489 929 2539 fiebat
940 2491 1059 2552 ejusmodi
1072 2491 1152 2541 rebus.
1164 2495 1202 2540 De
1211 2509 1262 2542 ser·

201 2569 271 2616 etism
284 2571 384 2618 nimium
399 2582 434 2618 est
447 2585 530 2634 aque,
545 2581 624 2618 tameu
637 2571 708 2618 velim
753 2569 871 2617 vitutibus
880 2569 950 2618 loeus
958 2580 994 2617 sst
1006 2569 1036 2618 de
1045 2571 1113 2618 Orat.
1126 2571 1151 2628 1,
1164 2572 1206 2634 39.

200 2649 292 2698 sciren.
302 2651 333 2698 tte
344 2651 475 2698 Frontinus
483 2649 515 2696 de
523 2649 668 2712 Aquednct.
679 2665 708 2712 qt
789 2651 832 2698 111.
849 2665 870 2698 t.
887 2649 1041 2698 commoveri.
1053 2650 1160 2708 Concio,
1169 2661 1259 2700 mutata

202 2749 213 2771 u
223 2731 313 2778 Praeter
327 2740 401 2793 eaput
413 2730 486 2778 inlisa
498 2727 617 2778 transfluit
632 2745 709 2792 aqna,
753 2729 886 2785 sententia,
907 2729 1003 2776 fremuit
1022 2740 1047 2777 et
1068 2729 1174 2791 stupuit3
1193 2729 1262 2794 qnod

200 2823 254 2870 qun
272 2820 372 2856 secatur
390 2809 487 2858 Cralm.
510 2810 581 2858 lianc
601 2809 708 2872 Agrippa
753 2816 836 2854 orator
847 2805 915 2856 vidit.

200 2887 293 2942 emisit,
311 2903 353 2936 seu
368 2887 424 2950 qnia
437 2889 490 2948 ejus
502 2903 573 2936 usum
586 2886 708 2950 improba·
788 2899 815 2933 a.
830 2883 958 2948 Ejusruoda‘
974 2899 1057 2932 causa.
1077 2883 1223 2944 Cujustuodi
1234 2901 1262 2932 ea

200 2975 278 3022 verat,
291 2981 333 3014 sen
344 2967 401 3028 quia
410 2965 554 3014 Tusculanis
566 2966 709 3028 possessori·
752 2974 800 3025 est,
813 2979 884 3026 quarn
894 2962 982 3010 Rullus
991 2962 1112 3026 suscepit,
1123 2977 1178 3025 qnae
1187 2979 1260 3030 quum

200 3043 709 3107 burettnqnennaueudebn.ttammqne
752 3042 825 3092 Sullae
837 3054 890 3090 acta
904 3039 1032 3089 confirmet
1048 3042 1165 3102 maxime,
1183 3043 1263 3106 impu·

200 3133 252 3180 est,
268 3139 340 3185 quatu
360 3139 445 3170 omues
464 3121 527 3170 vitia
548 3131 638 3172 tractus
657 3122 709 3182 eius
751 3119 1262 3184 dentissirnsllalluseautsuspiciouemim-

200 3201 321 3264 persiam
340 3202 365 3250 in
386 3201 437 3250 diss
455 3200 617 3264 modulosque
629 3213 708 3252 certos
746 3199 832 3264 ‚pingit
841 3199 961 3249 Ciceroni.
971 3199 1032 3259 Quae
1041 3199 1156 3248 oratioeo
1166 3200 1263 3248 nomine

200 3279 361 3344 dispensatam
374 3280 499 3343 accipiunt
507 3301 528 3326 a.
753 3277 890 3326 insimulare
909 3293 1054 3342 quemquam
1072 3278 1173 3336 audeat,
1195 3279 1263 3344 quod

235 3357 277 3408 30.
306 3356 439 3422 Manapia.
470 3357 510 3406 ste
539 3357 709 3406 exhibentibus
753 3357 857 3404 rationes
884 3355 956 3404 Sulla
983 3356 1085 3404 nimium
1110 3357 1263 3408 vehementer

200 3435 321 3500 plerisque
339 3436 412 3486 codd.
429 3437 488 3485 loco
504 3452 538 3483 ss
551 3435 686 3499 municipio
698 3459 710 3477 n
754 3434 882 3494 defendat,
894 3451 970 3498 quatu
978 3433 1036 3485 ltuic
1046 3436 1093 3499 ipsi
1104 3453 1181 3486 musas
1194 3455 1221 3486 es
1231 3437 1263 3484 sit

200 3515 358 3576 reposuimus.
386 3517 470 3564 &aas
494 3515 626 3578 emptionis
648 3515 711 3564 inter
755 3515 856 3562 omuino
869 3514 995 3564 subeunda
1006 3515 1124 3580 euspicio.

200 3591 366 3654 privatosjure
374 3594 440 3642 civili
450 3591 612 3645 firmissimum
624 3595 710 3648 usitata
790 3595 817 3642 3.
845 3593 998 3644 Deuotionis.
1024 3595 1072 3642 Eos
1093 3609 1177 3658 agros,
1201 3610 1264 3658 qnos

202 3670 304 3718 tornata
330 3671 451 3736 mancipio
482 3673 591 3736 accipere
619 3673 710 3736 optime
754 3673 821 3722 Sulla
836 3687 887 3722 uota
908 3672 992 3730 dedit,
1007 3671 1050 3721 sed
1066 3671 1165 3736 quidam
1181 3673 1206 3718 iu
1222 3673 1264 3722 illa

201 3748 349 3810 designatur,
371 3749 401 3797 de
420 3767 467 3813 qna
483 3752 614 3810 Varronis,
633 3752 711 3800 Plauti
755 3753 815 3816 reip.
836 3753 936 3816 caligine
955 3760 1121 3814 occuparunt,
1138 3761 1163 3798 et
1181 3767 1263 3815 posse-

203 3827 271 3876 looos
284 3826 351 3890 apud
365 3827 478 3876 dleaudr.
492 3830 523 3878 ad
536 3831 620 3884 otum
631 3865 638 3890 ,
650 3833 709 3880 Imt.
755 3831 857 3888 derunt,
872 3831 1000 3878 confimat
1011 3839 1034 3876 et
1046 3829 1129 3876 sancit.
1144 3829 1266 3878 Donatio-

202 3910 231 3966 l,
259 3907 290 3961 6,
311 3903 327 3969 5
346 3907 397 3962 aa,
424 3907 451 3954 iu
467 3923 492 3954 re
521 3919 569 3956 tam
588 3911 712 3960 manifesta
755 3906 1263 3973 uemappellat,quodagrosllloseissua

202 3983 301 4032 laudare
315 3997 411 4034 neumae
423 3999 474 4034 nun
487 3996 532 4036 est.
547 3987 621 4036 llecte
631 3999 712 4041 autern
756 3989 808 4051 lege
821 3987 908 4039 Rullus
919 3985 1003 4036 donet.

203 4061 323 4127 mannitio
342 4062 452 4128 usupare
473 4065 609 4129 oppositus
617 4066 713 4130 pudls'ee
793 4075 818 4122 4.
836 4063 1113 4128 earumipsarum.
1126 4065 1200 4128 Quod
1209 4083 1266 4132 quse
