3020 4666
606 389 882 460 excussus.-
1205 375 1278 488 209'

212 512 511 579 citurmtnoenttvm.
526 507 682 592 Vertitur,
702 509 738 574 L.
759 509 888 574 Cinna:
905 509 984 598 quid
1002 514 1029 577 si
1045 511 1217 602 legendum
1234 517 1277 580 sit

213 615 323 704 potius
338 611 474 682 tuotone?
490 613 539 676 De
556 612 691 677 Sisenna
707 614 806 704 igitur
824 635 889 679 non
905 615 1091 699 inficiabor3
1117 619 1172 683 sed
1195 643 1276 684 cona

213 719 362 800 tendam,
382 740 449 782 non
466 739 534 782 esse
546 717 586 781 ad
603 719 782 782 Antonium
795 720 859 783 hoc
872 736 992 786 temere
1006 723 1276 791 transferendum.

215 827 327 908 Quum
341 823 427 886 enim
444 837 518 911 post
528 822 649 888 Sullam
662 821 825 888 ordinaria
840 825 938 888 fuerit
950 826 1213 905 jurisdictionum
1227 829 1278 895 di·

213 931 312 1012 visio,
330 927 419 1016 quod
436 927 553 1010 multa,
567 943 600 990 et
615 943 691 990 nota
707 927 827 992 docent
843 930 1001 1017 exempla,
1015 951 1116 1019 quum
1132 935 1281 1022 quastio-

215 1035 311 1099 nibus
324 1048 462 1122 praetore
476 1031 658 1096 carentibus
676 1031 861 1119 quaesitores
879 1033 1013 1121 legitimi
1030 1057 1095 1100 non
1111 1037 1279 1122 deessent,

215 1163 317 1230 quum
332 1136 474 1224 denique
490 1135 643 1200 omnibus
659 1136 852 1224 praetoribus
868 1137 964 1202 simul
981 1162 1056 1204 cum
1069 1164 1135 1231 rep.
1151 1146 1280 1233 negotia

215 1245 387 1326 creverint,
402 1241 519 1307 rationi
536 1258 585 1306 est
604 1257 878 1324 consentaneum,
902 1265 969 1308 uon
993 1268 1098 1328 more,
1121 1248 1178 1312 sed
1202 1271 1279 1314 casu

214 1349 322 1438 aliquo
340 1346 374 1410 id
389 1347 423 1410 in
440 1346 574 1411 Sisenna
598 1347 719 1411 factum
742 1367 890 1430 censere,
910 1351 1052 1436 euntque
1068 1353 1163 1416 talem
1181 1353 1280 1419 fuisse

216 1479 342 1535 essum,
365 1454 423 1542 qui
440 1453 572 1517 minime
595 1453 731 1518 Antonii
746 1475 833 1517 anno
851 1455 1032 1520 conveniat.
1054 1457 1130 1538 Quo
1148 1458 1281 1546 quidem

216 1585 303 1627 anno
312 1562 428 1628 fuisset
438 1561 563 1625 urbana
577 1581 664 1642 sors,
676 1577 709 1625 et
722 1561 890 1648 peregrina
900 1562 1089 1641 conjuncta,
1103 1581 1140 1628 ut
1156 1583 1280 1654 septem

216 1667 411 1756 questiones
437 1683 549 1730 contra
577 1687 701 1729 morem
732 1666 922 1754 praetoribus
948 1667 1189 1736 mandarentur.
1216 1673 1280 1736 Res

216 1796 295 1862 ergo
314 1794 410 1836 causa
429 1785 570 1836 careret:
587 1785 620 1835 at
639 1786 749 1834 contra
769 1793 909 1859 maguae,
928 1774 1184 1863 gravissimeque
1205 1794 1283 1843 sunt

216 1884 352 1960 onustes
369 1878 387 1943 8
405 1891 437 1941 et
455 1900 493 1964 9,
509 1900 527 1940 a
542 1876 637 1942 nobis
656 1877 823 1965 expositae,
841 1899 913 1965 quae
931 1878 1096 1944 Nasonem
1119 1882 1169 1946 vel
1191 1883 1282 1962 judi·

216 2007 288 2050 cem
303 1982 490 2072 quaestionis
503 1982 602 2046 luisse
619 1980 789 2064 suadeant,
804 1980 855 2046 vel
867 1997 1038 2069 pretorem
1053 1985 1206 2074 quidem,
1225 1987 1283 2052 sed

216 2091 286 2155 siue
302 2089 490 2178 quaestione.

261 2195 351 2260 Xlll.
369 2195 485 2260 Essent
499 2217 574 2261 sane
589 2196 698 2260 omnia
717 2195 877 2285 planiora,
894 2198 921 2262 si
942 2221 1046 2263 unum
1065 2221 1104 2263 ex
1121 2215 1196 2264 octo
1212 2201 1281 2281 ejus

216 2302 294 2366 anni
309 2301 499 2389 praetoribus
516 2301 664 2389 ignorare
679 2300 804 2382 liceret,
819 2302 929 2390 eique,
949 2319 1046 2392 atque
1065 2305 1210 2369 Antonio
1227 2305 1281 2385 ju-

216 2407 418 2473 risdictiones
431 2407 570 2471 tradere:
583 2423 621 2471 ut
627 2407 653 2470 is
660 2407 748 2470 verbi
758 2428 852 2472 causa
862 2408 897 2474 P.
906 2407 1066 2497 Sulpicius
1075 2409 1176 2504 §alba
1183 2413 1282 2476 fuisse

215 2513 441 2595 conjiceretur,
465 2511 522 2600 qui
543 2511 800 2600 sequentianno
826 2535 901 2576 cum
924 2513 1033 2602 Tullio
1055 2517 1283 2598 consulatum,

216 2620 336 2684 omissa
358 2618 543 2707 provincia,
573 2633 683 2706 petere
712 2617 858 2705 coeperit,
884 2619 958 2682 cxl
980 2618 1022 2682 ad
1048 2620 1145 2686 Attic.
1168 2645 1194 2685 ιι
1219 2621 1284 2688 Sed

218 2724 260 2806 Q.
279 2724 416 2788 Nasonis
428 2739 600 2812 praeturam
613 2722 647 2786 in
664 2723 762 2786 alium
777 2745 900 2786 annum
916 2724 1075 2803 conjicere
1086 2727 1187 2790 ferme
1197 2743 1284 2791 vetat

216 2831 286 2919 ipse
302 2831 416 2895 Cicero
434 2852 495 2917 pro
511 2827 642 2910 Flacco,
658 2851 727 2916 cap.
746 2851 782 2892 ar
800 2828 928 2894 :aPetit
945 2829 1156 2895 Heraclidesa
1167 2834 1202 2895 C.
1214 2833 1284 2897 Plo·

218 2936 265 3001 tio
299 2945 465 3016 senatore,
489 2935 559 2998 viro
581 2935 749 3022 primario,
777 2934 834 3021 qui
857 2933 979 3024 legatus
1004 2935 1036 2998 in
1062 2937 1135 2999 Asia
1158 2937 1283 3019 luerat,

217 3041 376 3129 mancipia
398 3038 571 3127 quaedam..
586 3087 593 3103 .
609 3086 616 3101 .
636 3040 678 3122 Q.
693 3040 797 3120 Naso,
815 3040 865 3102 vir
881 3041 1119 3123 ornatissimus,
1133 3043 1189 3130 qui
1202 3065 1283 3130 prae'·

217 3162 270 3211 tor
281 3147 405 3226 fuerat,
417 3144 518 3224 judex
533 3144 708 3208 sumitur».
723 3143 860 3208 Difficile
878 3161 926 3209 est
941 3167 1008 3210 non
1025 3146 1174 3225 credere,
1191 3171 1283 3213 eum·

216 3252 292 3316 dem
311 3250 364 3313 hic
383 3247 543 3312 nominari
561 3247 742 3331 Nasonem,
761 3249 818 3336 qui
836 3249 870 3312 in
887 3249 1091 3333 Cluentium,
1113 3251 1284 3342 eidemque

218 3357 325 3420 Asiam
339 3354 507 3418 obvenisse
524 3354 731 3442 provinciam.
750 3355 872 3442 Atqui,
885 3356 911 3420 si
926 3355 994 3420 hec
1008 3357 1051 3421 ita
1063 3375 1153 3441 sunt,
1172 3377 1285 3448 preto·

218 3485 286 3526 rem
309 3462 401 3526 illum
419 3461 530 3524 Romae
548 3481 636 3524 anno
652 3460 716 3548 687
734 3483 809 3524 cum
825 3461 931 3526 Tullio
948 3462 1062 3544 luisse,
1079 3487 1208 3530 necesse
1224 3485 1282 3532 est.

218 3567 258 3631 ld
275 3590 378 3655 quum
394 3565 555 3648 docuero,
578 3566 675 3630 simul
698 3565 868 3654 Pighium,
883 3567 940 3655 qui
959 3583 1112 3656 pretores
1128 3573 1211 3634 Asiae
1226 3590 1284 3659 per

218 3695 273 3736 eos
290 3693 393 3736 annos
410 3693 525 3761 parum
541 3687 688 3736 accurate
699 3672 863 3760 quesivit,
882 3675 1067 3761 suppletum
1081 3674 1283 3740 habebimus.

219 3779 296 3860 Quo
308 3777 507 3864 temporeQ.
524 3777 610 3842 Naso
623 3775 722 3856 judex
734 3794 783 3841 est
796 3793 945 3865 sumptus
953 3777 1099 3860 luQuum
1110 3780 1175 3858 jam
1186 3781 1284 3845 lrater

218 3905 310 3946 meus
326 3884 442 3947 Flacco
459 3885 685 3948 successisset»
696 3932 705 3967 ,
717 3884 825 3971 inquit
837 3883 883 3945 ibi
896 3881 1032 3946 Tullius.
1042 3885 1174 3948 Flaccus
1186 3909 1284 3973 porro

217 3990 253 4054 in
270 3990 377 4055 Asiam
396 3991 496 4054 iverat
512 4012 551 4052 ex
569 4004 720 4078 praetura,
739 4013 836 4078 quam
855 3989 1011 4052 Cicerone
1028 3991 1161 4054 consule
1181 4015 1286 4081 gesse-

222 4111 293 4176 rat,
314 4112 350 4158 ut
366 4111 482 4160 notum
505 4110 563 4159 est.
581 4095 666 4158 Ante
680 4095 716 4160 L.
734 4095 887 4159 Flaccum
904 4091 988 4158 duos
1014 4094 1093 4160 alios
1109 4097 1192 4161 Asiae
1210 4121 1291 4187 prte-

300 4205 362 4272 Ill.
385 4219 429 4268 cte.
439 4233 493 4281 pm
508 4215 614 4264 secunda.
1131 4207 1173 4289 tl,
