2934 4680
239 403 284 474 ad
557 402 605 470 Μ.
630 404 669 470 Τ.
696 402 973 477 CICERONIS

237 523 308 594 hoc
330 522 478 593 homine
496 523 667 593 scientior
685 545 858 618 umquam
881 536 942 592 aut
959 520 1046 608 suit,
1064 537 1127 593 aut
1145 547 1220 595 esse
1235 524 1296 596 de·

235 632 340 703 buit?
369 636 433 729 qui
457 656 477 702 e
505 629 725 726 luduntque
753 632 938 728 pueritiae²
968 629 1176 728 disciplina,
1196 631 1295 705 bello

235 737 426 828 maximni,
454 754 563 836 atquo
581 740 768 828 ,acerrimis
793 737 976 827 hostibus,
1002 738 1047 809 ad
1064 742 1174 837 patris
1193 766 1294 814 excr-

235 852 383 938 oituml,
413 865 521 947 atque
546 853 584 919 in
615 849 747 919 miliriae
772 848 996 948 disciplinam
1020 849 1202 945 profectus
1219 851 1297 922 esti

235 963 300 1057 qui
318 975 476 1030 extrema
499 959 650 1056 pueritia
671 955 799 1030 miles⁵
815 958 884 1031 fuit
902 963 1033 1030 summi
1049 960 1298 1058 imperatoris?

235 1072 384 1140 ineunte
410 1067 648 1139 adolescentia
672 1071 817 1139 maximi
843 1071 920 1167 ipse
942 1071 1119 1141 exercitus
1143 1073 1298 1168 impera·

236 1177 314 1250 tor⁶
325 1179 339 1248 l
352 1181 417 1275 qui
429 1181 558 1275 saepius
573 1202 657 1249 cum
671 1179 776 1250 hoste
791 1179 969 1268 conflixit,
983 1204 1090 1277 quam
1104 1181 1296 1278 quisquam

237 1312 321 1360 cum
345 1289 491 1360 inimico
519 1291 762 1360 concertavit?
789 1289 892 1387 plura
918 1287 1013 1359 bella
1033 1292 1162 1386 gessit,
1187 1313 1296 1386 quam

237 1399 347 1468 ceteri
377 1396 568 1494 legerunt?
596 1397 718 1494 plures
746 1400 947 1495 provincias
974 1398 1129 1469 confecit
1139 1409 1165 1486 ⁷,
1188 1423 1296 1497 quarn

236 1507 296 1578 alii
323 1508 632 1604 concupiverunt?
656 1507 759 1601 cujus
786 1508 1024 1579 adolescentia
1045 1507 1088 1580 ad
1112 1510 1296 1580 scientiam

236 1620 289 1687 rei
308 1616 468 1687 militaris
487 1641 561 1686 nou
578 1617 702 1688 alienis
719 1619 926 1714 praeceptis,
948 1616 1011 1688 sed
1030 1618 1102 1688 suis
1118 1618 1296 1714 imperiis,

237 1751 312 1796 non
326 1725 589 1797 offensionibus
603 1724 710 1812 belli,
727 1725 790 1798 sed
804 1727 979 1814 victoriis,
999 1753 1074 1798 non
1091 1727 1296 1824 stipendiis,

237 1834 301 1908 sed
320 1837 513 1934 triumphis
529 1851 582 1907 est
601 1837 762 1908 erudita?
779 1837 885 1929 Quod
908 1837 1065 1934 denique
1083 1861 1195 1934 genus
1211 1835 1298 1908 belli

236 1969 313 2017 csse
332 1961 472 2043 potest,
496 1951 533 2016 in
554 1973 629 2043 quo
648 1947 749 2018 illum
766 1973 841 2019 non
859 1949 1059 2020 exercuerit
1076 1946 1220 2019 fortuna
1234 1952 1299 2018 rei·

238 2054 419 2153 publicae?
443 2058 552 2130 Civile
560 2051 587 2144 ⁸,
611 2055 839 2146 Africanum,
859 2059 1153 2156 Transalpinam,
1170 2059 1297 2154 Hispa·

237 2167 380 2258 niense,
400 2171 553 2239 mixtum
572 2193 616 2239 ex
640 2167 868 2240 civitatibus9
885 2183 994 2266 atque
1012 2193 1056 2240 ex
1073 2166 1297 2240 bellicosissi-

274 2394 299 2430 π.
313 2381 393 2432 ὕων.
404 2381 490 2430 euss
503 2378 642 2444 dr'seirlim's.
650 2380 667 2428 J
668 2380 708 2428 Ν.
718 2380 745 2428 L.
789 2378 932 2428 Plutarchus
943 2390 967 2427 et
980 2379 1065 2428 Florus
1084 2392 1140 2426 enm
1152 2377 1180 2424 in
1188 2393 1246 2442 agro
1259 2378 1298 2426 Pi-

274 2458 299 2508 3.
315 2457 382 2506 Bello
392 2459 509 2508 mimo.
526 2459 623 2507 Socieli.
790 2473 851 2506 ceno
858 2459 979 2522 privatum
988 2456 1124 2519 hominem,
1133 2472 1211 2504 annos
1219 2467 1265 2504 tres
1273 2467 1298 2504 et

273 2543 299 2591 4.
307 2537 431 2600 Adpatris
438 2539 628 2587 exereitum.Cn.
636 2538 745 2602 Pompeii
789 2537 875 2600 viginti
886 2547 984 2596 natum,
993 2535 1155 2585 volunmrinm
1165 2536 1298 2582 exercitum

238 2613 376 2674 Strabonis,
388 2617 487 2666 Catonis
500 2617 746 2668 inconsnlstncolle·
790 2617 960 2679 conscripsisse
982 2615 1096 2673 trsdunt,
1110 2624 1135 2661 et
1151 2629 1207 2660 cnm
1220 2612 1299 2662 tribus

238 2695 318 2757 geals
335 2694 399 2744 bello
412 2695 495 2744 italico
513 2695 744 2760 proconsul,qnusn
789 2693 924 2757 legionibus
940 2693 971 2742 sd
988 2697 1013 2742 L.
1027 2694 1117 2743 Sullam
1136 2692 1243 2751 venisse,
1266 2687 1298 2738 ad

238 2771 295 2818 satis
308 2772 410 2822 feliciter
431 2774 603 2839 rempublicam
616 2775 745 2838 gessisset,
790 2765 893 2836 musque
905 2789 931 2821 se
940 2773 1089 2821 nobilitatem
1103 2787 1198 2819 omnem
1213 2781 1300 2818 contn-

238 2852 459 2916 enno'inseqnenti
475 2855 502 2902 in
520 2853 634 2902 tribunali
654 2851 747 2902 interli-
790 2851 858 2910 lisso,
868 2851 1007 2914 Scipionem
1019 2863 1043 2900 et
1050 2849 1184 2901 Carbonem
1193 2849 1299 2897 adversm

238 2927 353 2978 olendum
364 2932 459 2980 curavit
470 2934 503 2995 Q.
522 2932 664 2996 Pompeium
674 2932 748 2980 Sullae
790 2929 866 2995 pertis
887 2928 962 2977 duces
979 2929 1115 2988 lacessisse,
1129 2929 1299 2993 imperatorem

237 3005 264 3056 in
277 3009 404 3058 consulatu
417 3010 546 3074 collegam,
565 3007 609 3074 qni
615 3011 684 3071 jussu
701 3025 747 3075 po·
791 3005 887 3072 abipso
901 3007 966 3056 Sulla
979 3008 1106 3056 salutatum
1117 3017 1143 3056 es
1156 3008 1182 3054 in
1195 3005 1300 3056 Celtibe·

237 3085 291 3150 pali
303 3090 435 3138 exercitum
444 3088 565 3136 abeodem
574 3090 619 3138 Cn.
630 3089 747 3153 Pompeio
790 3087 850 3136 rlsm
861 3086 961 3134 mimum
970 3103 1030 3138 esse.

238 3165 362 3214 auferendi
375 3181 445 3215 musa
459 3168 769 3232 prolectusemtltaqne'
828 3181 852 3226 7.
876 3167 961 3215 Plures
980 3165 1120 3230 pmvriscins
1141 3161 1252 3226 confieri.
1269 3162 1300 3211 ld

238 3241 344 3291 lnlnlle
356 3245 467 3294 Cinnano
484 3243 549 3294 bello
562 3246 694 3294 exennium
705 3246 748 3293 laa-
791 3255 847 3307 est,
868 3245 949 3310 plnres
975 3244 1145 3310 expeditiones
1171 3240 1301 3306 glosiosius

239 3321 306 3380 bute,
318 3324 345 3370 in
358 3339 408 3388 quo
421 3324 528 3372 exercitu
540 3325 748 3388 Cn.1’ompeinsn,
792 3323 907 3373 absolvit.

238 3400 315 3465 ipsios
321 3399 749 3462 fllinm,adolesoentenrfnissenemt
829 3402 853 3452 8.
869 3401 948 3450 civile.
961 3401 1052 3450 contre
1063 3399 1165 3450 Cinnam
1175 3407 1200 3446 et
1209 3396 1300 3445 Carbo-

238 3479 390 3536 Plntarclaus,
793 3475 1300 3543 nem.-Africanum.QnoCn.Domitinn

276 3557 300 3607 5.
313 3559 364 3624 Qui
366 3571 476 3608 extrema
478 3559 588 3626 pueritie
595 3561 669 3611 aniles.
676 3563 749 3610 Pom·
791 3559 956 3626 proscriptum
966 3569 991 3606 et
1001 3557 1115 3607 Hiarbam
1128 3555 1250 3606 numida
1261 3570 1300 3603 re·

238 3635 323 3702 peine,
335 3637 450 3704 Cepione
463 3649 488 3686 et
496 3639 599 3687 Serrano
608 3655 670 3688 coss.
677 3649 748 3688 natus
791 3653 844 3703 gem
859 3637 1000 3686 derieia—
1012 3635 1204 3701 Transalpinam.
1220 3633 1299 3684 Galli·

238 3715 349 3764 nondum
363 3731 391 3778 ¹7
407 3733 483 3766 annos
492 3718 663 3781 compleverat,
671 3735 747 3783 quum
790 3716 1068 3782 com-Hispaniense.
1081 3714 1255 3764 Sertorianum.
1265 3739 1300 3754 -·-

238 3804 307 3860 pater
331 3807 416 3845 contra
437 3795 536 3845 Italicos
559 3796 693 3848 dimicaret.
710 3825 748 3836 —
789 3796 888 3846 ders-ile.
901 3799 925 3845 Δ
938 3798 1055 3862 spartaco
1065 3793 1197 3860 gladiatore
1210 3795 1300 3842 molta-

238 3873 331 3921 Summi
343 3874 502 3938 imperator-ak.
513 3877 589 3924 Patris
602 3877 687 3942 ipsine,
695 3893 746 3925 non
791 3885 857 3935 tnm3
867 3875 936 3935 cuins
948 3885 1028 3924 tamen
1042 3873 1148 3923 conlecti
1159 3871 1252 3922 laussd
1260 3871 1299 3921 M.

240 3952 328 4011 suum
343 3952 393 4001 dna
404 3955 483 4015 enirn,
493 3971 545 4003 non
558 3955 681 4018 miles,ad
690 3957 746 4005 Sul·
791 3957 902 4004 ennam
915 3956 1015 4020 propris
1027 3953 1144 4020 pertinet.
1154 3949 1300 3999 -len

239 4031 287 4080 lam
298 4032 421 4096 proiectus
432 4043 477 4084 est.
790 4033 928 4082 cinaeum.

275 4111 301 4159 6.
312 4109 418 4158 Maximi
422 4110 472 4174 ipse
482 4113 601 4163 exereitus
607 4113 746 4180 imperator.
826 4129 852 4176 9.
867 4115 948 4162 Graev.
957 4111 1039 4160 mallet
1051 4109 1149 4160 ambus.
1162 4110 1188 4158 J.
1198 4108 1230 4154 V·
1243 4107 1271 4154 l-
