2988 4668
374 413 464 484 PRO
489 415 858 486 JURECONSULTIS
884 415 1103 488 ROMANIS.
1202 411 1277 508 619

197 553 267 600 turn
278 567 301 602 u.
326 533 425 601 Nunc
444 535 632 620 videamus,
648 553 760 601 utrum
776 535 946 619 Ciceroni,
964 552 1130 626 tamquam
1147 535 1275 599 homini

197 643 364 708 erroribus
382 625 544 726 obnoxio,
560 645 633 708 sine
643 644 711 708 uilo
720 643 865 708 veritatis
882 643 1030 710 examine
1042 643 1140 708 fidem
1156 642 1277 707 habere

197 766 357 838 oporteat.
376 749 555 838 Equidem,
578 773 677 839 quarn
694 751 819 814 excelse
833 749 874 814 dc
888 773 1018 814 summo
1033 750 1105 814 viro
1121 749 1257 813 sentiam
1272 798 1281 830 ,

198 857 308 938 exiis,
329 880 402 945 quae
426 873 519 921 antea
545 859 676 946 scripsi,
696 857 905 922 manifestum
928 879 998 922 esse
1022 879 1107 934 reor,
1127 878 1188 920 nec
1208 855 1280 918 siue

198 963 325 1027 ratione
344 963 463 1028 dixisse
487 959 771 1049 lactantium(1):
795 963 898 1051 «quis
921 985 1031 1027 veram
1052 963 1138 1026 riam
1155 975 1280 1042 teneat,

198 1085 326 1132 errante
355 1070 514 1134 Cicerone
523 1101 546 1133 ι.
576 1071 686 1134 Homo
711 1083 821 1132 tamen
847 1069 930 1149 fuit,
957 1069 1168 1156 humanaque
1192 1081 1281 1130 sorte

199 1175 335 1239 minime
352 1178 475 1258 major:
490 1177 610 1241 etenim
623 1198 738 1240 omnes
752 1175 801 1262 (a)
817 1199 856 1239 ea
871 1174 1052 1240 conditione
1071 1175 1143 1238 nati
1157 1193 1281 1252 summ,

200 1295 236 1344 ut
249 1281 341 1373 nihii,
358 1281 448 1370 quod
456 1281 578 1346 homini
589 1281 732 1345 accidere
737 1284 844 1369 possit
849 1329 859 1362 ‚
877 1303 1024 1345 recusam
1034 1280 1222 1358 debeamus,
1239 1294 1282 1362 et,

200 1409 305 1475 quum
330 1391 468 1476 cujusvis
481 1387 529 1479 (3)
550 1389 686 1454 dominis
712 1405 760 1454 err
787 1411 909 1472 arram,
933 1411 969 1453 ea
988 1405 1098 1453 nostra
1121 1403 1171 1450 est
1186 1396 1283 1451 natu-

200 1515 240 1555 ra
253 1491 310 1582 (4),
321 1510 357 1558 ut
369 1517 429 1559 nos
444 1511 553 1560 noster
563 1495 698 1560 delectet
712 1519 808 1560 error.
826 1496 865 1559 ln
878 1495 974 1560 variis
988 1509 1074 1560 certe
1086 1492 1188 1574 libris,
1199 1513 1283 1580 quos

194 1598 305 1686 piures
322 1604 450 1688 scripsit
466 1623 564 1690 quam
582 1605 751 1691 quisquam
770 1625 788 1666 e
806 1601 959 1664 domnis
971 1599 1039 1688 (5),
1067 1621 1139 1663 non·
1153 1615 1282 1662 tanturn

201 1727 308 1770 enare
322 1707 451 1795 potuit',
463 1707 521 1772 sed
538 1708 633 1772 etiam
651 1709 777 1772 erravit.
796 1708 893 1772 Plura
909 1707 978 1787 ejus
992 1722 1123 1796 peccata
1140 1703 1286 1770 animad.

202 1828 371 1877 verterunt
382 1814 443 1878 riri
460 1816 585 1904 magni,
605 1816 755 1880 Muretus
769 1814 835 1902 (6),
854 1814 978 1878 Petitur
990 1813 1049 1902 (7),
1065 1812 1202 1877 Vossius
1217 1809 1284 1898 (8),

201 1917 391 1983 Perizonius
399 1917 456 2008 (9)
474 1921 582 1986 Pauca
596 1943 656 1985 nos
673 1920 831 1985 addamus
847 1921 1001 2008 exempla.

247 2024 296 2088 Ex
324 2023 452 2090 duabus
480 2027 651 2092 contrariis
682 2029 852 2092 sententiis
871 2029 1005 2090 aiteram
1032 2026 1146 2090 saltem
1171 2023 1282 2088 falsam

173 2147 175 2150 ·
203 2151 274 2194 esse
283 2147 421 2220 oportet.
432 2135 502 2198 iam
513 2133 572 2197 ista
583 2133 798 2198 inveniuntur
806 2135 841 2197 in
849 2133 939 2197 iibris
952 2127 1285 2217 delnrentione(ao):

203 2267 216 2291 «ι
232 2236 348 2324 Neque
362 2239 449 2302 enim
466 2240 592 2328 putavit
612 2237 755 2326 (Zeuxis)
770 2239 897 2321 omnia,
911 2261 983 2327 quae
999 2252 1160 2325 quaereret
1176 2233 1217 2298 ad
1230 2256 1286 2296 se·

204 2359 382 2425 nustatem‚
395 2367 465 2408 uno
478 2346 663 2435 incorpore
676 2369 711 2410 se
723 2346 865 2433 reperire
877 2366 973 2435 posse
985 2367 995 2428 3
1010 2343 1085 2408 ideo
1101 2341 1192 2431 quod
1205 2339 1285 2404 nihii

204 2447 388 2537 simplici-in
403 2472 522 2538 genere
532 2452 623 2515 omni
638 2473 676 2515 ex
689 2467 781 2539 parte
794 2453 973 2539 perfectum
987 2465 1101 2514 natura
1114 2446 1284 2536 expoiivit:

205 2554 336 2642 itaque,
355 2569 522 2642 tamquam
547 2557 661 2620 ceteris
687 2579 755 2620 non
780 2556 821 2619 sit
838 2555 990 2620 habitura
1012 2552 1103 2644 quod
1120 2553 1286 2642 largiatur,

205 2659 233 2724 si
248 2660 307 2724 uni
316 2677 434 2725 cuncta
445 2663 642 2727 concesserit
652 2709 661 2743 ,
670 2661 759 2726 aliud
768 2661 821 2724 alii
828 2661 994 2726 commodi
1005 2661 1115 2749 aliquo
1130 2657 1285 2739 adjuncto

242 2927 280 2990 (ι)
299 2926 356 2974 niv.
367 2929 428 2976 lust.
441 2925 487 2974 lib.
502 2929 555 2988 111,
569 2943 623 2992 cap.
640 2927 679 2976 15.

243 3024 282 3087 (a)
299 3023 351 3073 Cic.
367 3024 399 3072 ad
413 3027 466 3074 Art.
481 3023 524 3073 lib.
535 3025 593 3084 XV,
612 3040 652 3090 ep.
669 3040 692 3074 t.

192 3184 196 3190 Ι
245 3121 284 3186 (s)
303 3120 413 3187 runpp.
427 3123 492 3182 xn,
504 3137 558 3186 cap.
570 3138 594 3170 2.
621 3109 623 3114 '

244 3219 285 3286 (t)
302 3221 340 3268 De
350 3221 421 3267 Orat.
431 3217 477 3268 tib.
489 3221 526 3274 n,
537 3235 591 3284 cap.
603 3219 645 3280 64.

244 3314 282 3382 (5)
299 3317 337 3364 De
348 3317 402 3366 Fin.
411 3315 454 3364 lib.
464 3319 491 3376 1,
506 3331 563 3381 cap.
576 3323 606 3375 (ς
621 3315 885 3382 delaegg.iib.1,cap.
899 3317 985 3380 53pro
995 3315 1110 3374 Plancio,
1124 3331 1177 3379 cap.
1190 3333 1230 3376 ²7·

243 3415 282 3479 (δ)
298 3417 358 3463 Var.
371 3417 440 3463 lect.
449 3413 529 3462 luen
537 3449 546 3476 ,
559 3429 614 3479 cap.
626 3413 651 3477 5,
664 3425 689 3464 et
701 3414 769 3464 aiibi.

243 3513 281 3576 (7)
299 3510 404 3560 Misceil.
417 3512 477 3562 obs.
488 3511 533 3561 lib.
544 3513 590 3571 IV,
601 3527 658 3576 cap.
667 3528 693 3571 a,
702 3528 728 3577 p.
740 3513 792 3568 ati
803 3527 873 3576 seqq.

244 3609 281 3674 (8)
301 3611 380 3659 instit.
392 3609 462 3658 Orat.
474 3609 520 3656 lib.
532 3605 554 3668 Ι,
564 3625 620 3673 cap.
633 3610 647 3655 ³
659 3624 704 3666 ,u.
716 3625 747 3667 a,
761 3619 786 3656 et
796 3607 886 3673 sepius
898 3607 966 3656 aiibi.

243 3707 282 3775 (9)
300 3707 432 3758 Animada.
446 3709 511 3758 Eist.
531 3723 585 3772 cap.
599 3723 637 3770 9,
655 3722 713 3772 pag.
729 3706 797 3765 sss,
817 3705 861 3754 ubi
879 3706 974 3772 insigne
992 3707 1130 3756 invenietur
1147 3707 1285 3772 exemplato

210 3794 385 3866 ἁμαρτήματος
397 3801 553 3864 μνημονικοῦ,
568 3813 620 3861 quo
634 3797 719 3863 lapsus
731 3797 893 3856 suiacum,
908 3797 948 3844 oui
965 3798 1060 3862 peceati
1076 3798 1158 3862 generi
1172 3797 1285 3846 nonnuiii

209 3887 281 3934 etiam
294 3885 421 3946 tribuunt,
441 3886 511 3949 quod
527 3886 557 3933 de
571 3886 681 3934 Platonis
694 3886 793 3952 scriptia
803 3885 911 3945 dicitur,
927 3885 1004 3935 send.
1020 3886 1064 3935 iilr.
1079 3887 1107 3944 i,
1124 3901 1178 3953 cap.
1194 3895 1218 3944 4.
1232 3889 1286 3951 Ego

209 3975 307 4040 cuipam
323 3975 443 4038 innatare
461 3974 544 4022 naliru
560 3974 681 4036 librariis,
702 3991 807 4040 quoram
824 3975 887 4024 male
907 3975 994 4026 aeduin
1011 3975 1137 4040 diligentia
1157 3976 1223 4025 medi
1243 3979 1286 4030 vix

209 4073 304 4128 potest,
317 4078 390 4126 quam
405 4071 429 4111 et
439 4061 514 4110 hodie
525 4062 552 4110 iu
561 4063 638 4112 suun
653 4064 751 4130 scriptia
761 4080 809 4114 uos
819 4063 932 4113 deludat!

244 4160 300 4226 (ιο)
318 4159 372 4211 Lib.
382 4162 421 4219 11,
440 4175 494 4225 cap.
508 4176 531 4208 r.
