2958 4670
220 292 290 380 524
535 301 584 366 M.
610 299 648 366 T.
675 297 958 368 CICERONIS

213 433 287 506 tur,
305 415 487 508 homiues,
505 443 620 516 quum
634 432 733 490 recte
747 431 857 515 atque
869 419 908 488 in
924 415 1006 487 loco
1020 415 1279 506 constitissent,

214 527 476 624 juberiabire3
496 543 556 617 ut,
577 530 675 602 unde
693 526 869 616 abissent,
891 524 1020 598 eodem
1039 527 1158 620 statim
1181 524 1278 597 redi·

217 655 309 712 rent.
329 639 462 712 Iisdem
485 640 629 736 ineptiis
653 637 770 710 fucata
788 653 874 708 sunt
893 636 955 706 illa
971 636 1112 722 omnia,
1130 659 1278 720 Quanno

216 775 260 820 ra
272 772 311 821 sn
325 773 412 820 suna
428 757 658 838 consuetum,
671 764 709 819 et
718 746 806 835 haec,
823 771 886 818 san
898 771 990 818 anna
1003 769 1050 816 ru
1065 767 1279 816 nrcsscansa

214 883 461 932 vmnrcavanss
474 859 527 928 ¹¹?
550 863 640 950 Qua
665 857 753 929 dum
772 871 876 928 erant
895 854 1054 944 occulta,
1078 855 1278 926 necessario

213 965 260 1038 ab
275 972 343 1056 eis,
357 970 421 1066 qui
437 992 480 1039 ea
494 967 685 1054 tenebant,
698 963 937 1064 petebantur:
955 979 1078 1062 postea
1094 988 1181 1036 vero
1195 987 1276 1060 per-

211 1073 371 1173 vulgata,
388 1089 501 1173 atque
517 1077 556 1148 in
572 1074 740 1148 manibus
756 1075 885 1170 jactata
898 1087 935 1144 et
953 1097 1120 1162 excussa,
1141 1075 1278 1146 inanis·

211 1188 305 1258 sima
328 1184 528 1284 prudentiae
545 1199 689 1283 reperta
713 1199 812 1273 sunt,
834 1181 970 1254 fraudis
989 1197 1111 1256 autem
1129 1197 1165 1255 et
1183 1182 1276 1256 stul·

213 1296 299 1366 titiae
317 1294 533 1392 plenissima.
620 1347 623 1352 -

258 1409 348 1478 Nam
365 1429 480 1502 quum
500 1403 679 1502 permulta
697 1403 864 1501 praeclare
885 1402 1166 1500 legibusessent
1188 1426 1276 1474 con·

208 1515 353 1604 stituta,
364 1538 405 1586 ea
416 1514 748 1610 jureconsultorum
761 1514 912 1612 ingeniis
924 1512 1097 1611 pleraque
1105 1527 1276 1610 corrupta

210 1647 252 1692 ac
275 1621 464 1721 depravata
486 1639 581 1695 sunt.
605 1624 775 1696 Mulieres
800 1632 985 1714 omnes¹²,
1007 1637 1158 1722 propter
1176 1621 1277 1694 infir·

209 1732 370 1804 mitatem
392 1734 551 1822 consilii,
570 1734 724 1830 majores
751 1736 790 1804 in
813 1748 977 1805 tutorum
1000 1748 1177 1832 potestate
1197 1758 1275 1807 esse

212 1841 426 1914 voluerunt:
446 1843 484 1914 hi
500 1847 721 1916 invenerunt
736 1869 868 1942 genera
881 1858 1044 1916 tutorum
1056 1841 1099 1932 ¹³,
1116 1868 1196 1942 quae
1210 1868 1274 1941 po·

245 2047 285 2080 so.
295 2033 328 2080 Te
336 2033 423 2099 injure
431 2033 715 2098 conspicio.DsIorrnula
758 2035 813 2094 jure
830 2049 913 2082 omnes
931 2045 1046 2101 perpetua
1064 2033 1138 2082 tutela
1158 2036 1273 2085 contine·

205 2113 252 2161 bac
262 2127 334 2176 quam
343 2123 418 2162 totam
428 2113 531 2178 exponit
539 2113 649 2160 Valerius
658 2113 716 2161 Pro·
760 2115 858 2172 bantur,
871 2129 951 2178 neque
964 2125 1044 2162 ratum
1054 2113 1189 2162 habebatur
1199 2115 1273 2178 qnid·

206 2191 253 2240 bns
262 2192 296 2255 Q.
303 2195 327 2258 ¹I.
336 2193 352 2240 J
356 2228 363 2240 .
373 2194 402 2240 Τ.
414 2193 443 2242 C.
452 2194 480 2240 P.
489 2193 521 2242 A.
530 2195 559 2241 F.
568 2196 600 2241 Δ.
609 2191 716 2254 Quando
760 2210 833 2259 quam
845 2194 914 2258 quod
927 2211 941 2242 a
954 2193 1052 2242 snubere
1063 2194 1115 2240 alne
1126 2195 1271 2242 auctoritate

207 2273 234 2318 in
243 2273 297 2334 jure
306 2283 330 2319 te
340 2273 481 2336 conspicio,
494 2271 594 2335 postulo
603 2287 665 2318 enne
674 2269 718 2318 liat
761 2275 848 2322 tutoris
860 2285 942 2322 ectum
961 2284 1029 2322 esset.
1051 2273 1104 2321 Hac
1120 2271 1151 2320 de
1170 2289 1196 2320 re
1215 2275 1274 2321 totis

207 2363 305 2414 auctor;
314 2351 383 2416 plura
392 2350 517 2414 disputant
523 2353 540 2397 J
541 2350 592 2398 Cti:
602 2351 718 2413 quaeritur
761 2351 970 2400 timendorum
981 2367 1049 2414 egere
1063 2353 1123 2398 Otto
1134 2350 1165 2398 de
1177 2363 1271 2415 perpet.

208 2441 290 2478 utrum
301 2429 437 2476 illalocum
449 2427 559 2476 babuerit
572 2427 598 2476 in
613 2427 716 2476 actioni-
761 2432 843 2480 femin.
870 2431 939 2480 tutel.
967 2429 1113 2479 Heineccius
1136 2428 1166 2477 de
1193 2431 1271 2479 mas-it.

206 2508 291 2556 buain
306 2524 372 2568 mm,
387 2525 417 2554 an
432 2519 526 2557 nutum
541 2509 567 2556 in
580 2506 718 2555 actionibus
761 2521 837 2558 tutor.

205 2584 716 2652 inpersonam,anreroinutrbquesimul.
800 2590 839 2638 1³.
862 2588 959 2636 Genera
974 2598 1090 2636 tutorum.
1107 2587 1164 2635 Non
1180 2603 1228 2636 una
1242 2587 1273 2635 de

205 2665 397 2715 Constatautern
408 2663 467 2712 olins
477 2665 502 2712 in
514 2663 572 2712 solla
581 2663 717 2712 actionibus
760 2666 798 2714 bis
810 2666 947 2726 tutoribus,
965 2667 1048 2730 quiin
1062 2665 1190 2714 mulierum
1204 2677 1272 2715 erant

205 2745 233 2792 ln
252 2759 317 2805 reru,
338 2744 471 2808 presertim
489 2744 517 2791 in
536 2743 716 2798 vindicatione,
759 2756 896 2810 potestate,
918 2756 954 2793 est
979 2743 1110 2794 doctorum
1135 2744 1271 2802 sententia,

204 2823 325 2872 habuisse.
339 2825 431 2872 Verum
443 2834 504 2872 etet
514 2838 564 2872 non
576 2822 606 2870 ad
618 2823 716 2870 Cicero·
759 2825 851 2889 quippe
861 2825 938 2874 Jths
951 2826 1073 2888 exagitans
1087 2823 1173 2874 Cicero
1186 2823 1272 2871 ironiis

206 2918 276 2959 nem,
293 2901 336 2950 sed
352 2902 384 2950 ad
393 2903 434 2963 jus
456 2901 525 2950 civile
546 2900 715 2966 explicandum
759 2904 851 2952 saisita
863 2903 945 2952 omnia
957 2904 1039 2964 auxit,
1051 2902 1167 2962 detorsit,
1177 2901 1272 2950 alienis·

204 2983 337 3046 pertinent.
347 2983 437 3031 Confer
446 2998 491 3046 pro
502 2983 591 3031 Caecin.
604 2999 627 3029 c.
642 2996 683 3043 sp.
759 2999 806 3046 que
815 2986 892 3032 causis
902 2983 1012 3031 attribuit
1020 3017 1028 3042 ,
1036 2993 1065 3030 ut
1074 2981 1196 3046 Delphico
1207 2991 1273 3029 nata·

241 3076 282 3109 rr.
293 3059 466 3109 Vindicaveris.
475 3064 597 3124 Quorsum
605 3061 658 3107 haec
665 3061 715 3107 lor·
760 3071 812 3109 tore
821 3077 884 3127 opus
892 3061 939 3123 ait,
957 3063 1000 3124 qui
1014 3062 1049 3110 tei
1058 3060 1159 3108 fallaciis
1168 3059 1272 3107 obtectu

205 3139 269 3186 mula
283 3139 418 3202 pertineat,
433 3139 532 3204 quando
549 3151 574 3188 et
591 3155 604 3187 a
620 3154 671 3202 quo
688 3139 714 3186 in
758 3150 784 3186 at
803 3141 921 3188 immersae
943 3141 1069 3188 veritatem
1092 3138 1188 3204 detegat
1210 3149 1234 3186 et
1258 3156 1271 3186 e

205 3217 371 3267 vindicatione
384 3217 493 3266 adbibita
507 3219 591 3277 fuerit,
608 3219 635 3264 iu
649 3227 714 3265 tanta
758 3218 836 3268 fundo
855 3219 974 3270 extrahat.
997 3223 1026 3267 In
1045 3219 1109 3270 banc
1129 3218 1270 3282 opinionesn

205 3296 357 3360 antiquitatis
374 3295 488 3360 caligine,
504 3307 530 3344 et
544 3307 715 3344 monumento·
756 3301 806 3360 jans
816 3298 1135 3357 Iereomnesconsentiunt,
1148 3313 1270 3362 quamve·

204 3393 258 3426 rum
276 3377 376 3442 iuopia,
389 3393 464 3441 quum
483 3376 525 3424 illa
544 3377 648 3424 formula
664 3393 716 3425 non
759 3379 925 3426 risimillisuam
934 3381 1099 3439 conjecturam
1109 3377 1185 3425 edidit
1194 3377 1271 3425 maxi·

204 3455 303 3504 aliunde
315 3455 465 3513 innotuerit,
484 3453 582 3502 difficile
597 3456 663 3504 dictu
678 3457 715 3504 vi·
758 3475 813 3505 snus
826 3458 945 3507 JCtorum
964 3457 1046 3517 Ctajac.
1059 3456 1120 3506 Oba.
1134 3457 1209 3515 VIII,
1230 3471 1271 3504 ιι.

206 3534 285 3582 detur.
305 3536 399 3582 Partem
416 3535 499 3582 fecisse
516 3533 583 3581 illam
600 3551 714 3582 manuum
759 3537 842 3584 Mariti
853 3537 993 3600 inquorum
1003 3551 1099 3583 manum
1109 3549 1197 3581 uxores
1208 3549 1270 3581 con-

203 3615 364 3662 couaerticnia
389 3611 518 3661 verisimile
543 3613 647 3662 videtur.
676 3617 714 3662 De
759 3626 888 3673 venerant,
908 3629 1062 3678 quorumque
1075 3613 1136 3661 adeo
1155 3612 1181 3660 in
1198 3622 1271 3675 pote·

202 3693 296 3757 origine
308 3701 333 3740 et
345 3707 390 3739 usu
401 3707 490 3741 vocum
500 3691 561 3740 dicis
569 3709 646 3740 cerasa
655 3694 713 3741 scri·
758 3705 819 3743 state
829 3705 896 3742 crant
904 3694 994 3757 patria,
1007 3693 1037 3740 iis
1051 3700 1193 3740 testamento
1204 3699 1271 3737 tuto-

203 3781 304 3836 peernut
324 3771 448 3820 Antonius
467 3773 617 3838 Augustinus
639 3773 711 3822 Thes.
757 3791 794 3822 res
819 3773 923 3835 dabant,
940 3775 985 3839 qui
1006 3789 1036 3820 ue
1055 3769 1270 3820 feminisnimiam

201 3851 252 3911 jur.
268 3851 317 3900 civ.
332 3853 378 3910 IV,
392 3869 418 3917 p.
435 3859 519 3912 πάγας
538 3853 623 3900 Petrus
637 3851 713 3900 Faber
756 3869 840 3918 graves
854 3861 943 3910 essent,
956 3850 1109 3916 indulgentes
1118 3849 1198 3896 mariti
1207 3863 1270 3896 con·

204 3929 690 3988 Aner.adCic.Acad.1,3,etc.Lusaa.
753 3931 852 3995 iugibus
882 3931 931 3978 suis
959 3939 1102 3980 testamento
1130 3927 1268 3974 facultatem

242 4021 280 4056 aa.
302 4007 414 4056 Mulieres
431 4025 522 4058 onmes.
542 4008 593 4057 Ille
610 4011 712 4074 antiquo
756 4007 942 4076 permittebant,
962 4025 1033 4073 quern
1052 4006 1142 4056 vellent
1162 4015 1268 4057 tutorem
