2962 4682
366 322 562 393 onsrto
587 323 691 393 rno
714 281 754 392 i.
780 323 1068 394 cnunu‘no.
1203 323 1250 425 73

179 445 308 518 stravit
324 446 446 515 omnia
465 444 662 542 cupiditate
680 468 721 516 ac
736 441 858 516 lurore
878 472 886 516 :
904 445 990 517 vicit
1005 442 1183 542 pudorem
1207 447 1251 518 li·

179 553 288 643 bido,
307 553 475 627 timorem
489 554 658 640 audacia,
679 557 857 626 tutionem
873 557 1039 626 mnentia.
1057 556 1156 628 Tulit
1180 557 1252 631 hoo

179 687 376 738 commune
391 663 547 739 dedecus
558 661 654 762 jam⁵
662 663 1069 764 familiae‚cognatiouis‚
1081 670 1251 757 nominis,

181 776 338 874 graviter
354 772 469 863 filius3
496 775 696 874 augebatur
711 791 834 848 autem
848 777 926 872 ejus
944 776 1108 849 molestia
1128 779 1252 876 quoti-

183 884 300 958 dianis
322 887 560 984 querimoniis
588 901 625 960 et
657 886 803 959 assiduo
825 885 914 959 fletu
940 889 1103 958 sororis:
1131 889 1254 960 statuit

182 1011 307 1068 mmen
325 995 413 1068 nihil
438 997 522 1085 sibi,
551 1001 590 1070 in
619 1000 731 1070 tantis
760 997 901 1093 injuriis
927 1021 970 1068 ac
996 1011 1099 1068 tanto
1119 998 1253 1070 scelere

182 1112 332 1197 matris,
351 1107 517 1205 gravius⁶
541 1107 767 1197 iaciendum,
796 1131 906 1206 quam
927 1121 970 1178 ut
993 1107 1052 1178 illa
1071 1122 1192 1179 matre.
1207 1131 1254 1178 ne

183 1231 392 1290 uteretur⁷:
408 1243 477 1308 ne,
493 1243 602 1317 quam
616 1217 738 1291 videre
754 1220 832 1290 sine
844 1241 988 1290 summo
1002 1219 1112 1288 animi
1131 1216 1257 1290 dolore
1341 1217 1346 1222 ’

184 1351 263 1398 uon
276 1342 432 1426 poterat,
448 1353 489 1400 ea
506 1331 535 1402 si
548 1343 663 1401 matre
675 1341 851 1418 uteretur,
867 1351 944 1399 non
959 1322 1101 1399 solum⁸
1116 1324 1257 1416 videro,

185 1435 250 1510 sed
271 1438 378 1510 etiam
397 1438 553 1536 probare
568 1463 636 1511 suo
644 1438 783 1535 judicio
798 1450 1000 1536 putaretur.

234 1547 386 1618 Initium
399 1547 499 1644 quod
512 1547 600 1620 huic
617 1572 702 1621 cum
716 1561 829 1619 matre
848 1545 958 1618 luerit
972 1544 1181 1634 simultatis,
1198 1569 1259 1616 au·

186 1653 300 1728 distis.
315 1656 630 1730 Pertinuisse⁹hoc
645 1656 689 1728 ad
705 1679 865 1744 causam,
880 1669 979 1740 tunc,
993 1679 1107 1764 quum
1120 1656 1261 1752 reliqua

184 1767 670 1866 cognoveritis‚intelligetis.
688 1769 781 1839 Nam
799 1764 889 1836 illud
909 1790 969 1856 me
990 1790 1067 1838 non
1084 1765 1258 1864 praeterit,

184 1875 544 1973 cujusmodicumque
565 1889 680 1950 mater
693 1878 758 1965 sit,
780 1877 961 1949 tamenin
979 1876 1118 1973 judicio
1132 1876 1197 1948 filii
1212 1877 1258 1948 de
1343 1959 1348 1966 ¹

183 1985 411 2084 turpitudine
432 1993 592 2086 parentis
620 1989 691 2061 dici
718 1989 778 2058 vix·
798 2000 967 2086 oportere
977 1998 1019 2059 ¹⁰.
1039 1991 1122 2061 Non
1141 2011 1256 2060 essem

184 2095 233 2168 ad
250 2097 360 2168 ullam
384 2123 526 2170 causam
553 2099 729 2187 idoneus,
749 2096 910 2192 judices,
934 2101 964 2168 si
981 2097 1075 2187 hoc,
1102 2096 1203 2195 quod
1219 2101 1258 2168 in

185 2207 443 2281 communibus
459 2208 648 2282 hominum
666 2209 831 2280 sensibus
851 2221 961 2304 atque
979 2207 1017 2278 in
1036 2208 1112 2305 ipsa
1130 2222 1260 2278 natura

185 2317 346 2416 puditum
366 2333 475 2417 atque
493 2319 646 2392 infixum
673 2333 746 2405 est,
771 2316 924 2417 id'ego,
956 2340 1071 2414 quum
1092 2315 1137 2390 ad
1154 2319 1260 2388 amici

222 2473 248 2529 5.
264 2481 333 2528 lam.
351 2479 448 2528 Delevit
464 2481 544 2530 oret.
561 2490 586 2529 et
601 2476 700 2531 Sehiitn.
713 2457 716 2463 Ι
744 2478 891 2543 asperiorem
899 2476 988 2526 hebere
997 2477 1100 2525 frontem
1112 2487 1207 2542 potest,
1215 2487 1258 2527 aut

92 2599 99 2612 ,
188 2571 288 2616 vm,
303 2569 333 2607 ut
350 2557 459 2608 delendis
473 2559 616 2619 Mutina,
635 2560 701 2608 idem
745 2558 807 2622 quid
818 2573 889 2606 eures
901 2555 1028 2606 homiuum
1039 2558 1116 2620 maffia
1127 2567 1259 2620 rupnnnt,

189 2647 227 2685 eet
248 2637 317 2700 qnod
335 2636 456 2701 meus,
474 2638 541 2710 quod
561 2640 612 2702 ianr
639 2651 701 2690 esset
745 2633 1258 2702 qmmquumestiilioiiliiveadvoeatiein

187 2729 326 2764 commune.
745 2726 846 2764 matrem
863 2714 1045 2780 perorandum?
1062 2714 1204 2779 Aliquando
1223 2726 1260 2763 ta-

223 2795 250 2844 6.
270 2795 383 2844 Gratim·
403 2797 465 2860 hp
483 2805 584 2846 matrem
598 2797 698 2862 ilnrlus,
745 2809 802 2844 auen
811 2809 909 2842 neeeaee
921 2802 973 2852 est,
986 2803 1015 2840 nt
1029 2793 1139 2844 incensa
1150 2794 1260 2845 Cluentii

188 2872 311 2923 aeerbine.
513 2923 518 2932 ,
745 2873 827 2932 Aviti,
847 2871 891 2920 sed
905 2887 958 2921 non
970 2887 1065 2936 semper
1078 2871 1121 2920 illa
1140 2873 1193 2935 via,
1210 2889 1258 2936 qua

225 2969 250 3015 7.
262 2953 304 3001 Ne
316 2965 429 3003 utantur.
441 2953 701 3005 Neiamilr'aritereanr
746 2964 831 3002 eontra
845 2951 948 3000 Sassiam
964 2949 1050 3000 Cioero
1069 2965 1128 2999 nsua
1142 2961 1194 3011 eat;
1207 2967 1259 3000 non

190 3031 363 3095 imquentaret.
745 3031 804 3097 quin
816 3046 867 3078 non
880 3030 922 3078 ille
936 3029 1044 3096 optime,
1059 3028 1103 3078 sed
1115 3029 1172 3093 quie
1184 3028 1261 3094 pluri-

225 3111 251 3158 8.
266 3112 326 3159 Non
341 3113 420 3160 solum
436 3111 530 3162 uidem.
550 3113 609 3162 Nou
623 3113 702 3163 aolum
746 3127 813 3161 naum
826 3111 914 3170 roien,
927 3127 975 3176 qna
988 3110 1014 3158 in
1027 3125 1075 3170 re,
1095 3120 1119 3158 et
1133 3111 1259 3176 quomodo

189 3190 241 3251 eiua
248 3187 470 3254 flagitioruenteetia
476 3194 702 3252 eeae,verurnetiana
745 3191 826 3240 ludat,
839 3193 924 3254 ltaque
936 3190 978 3238 illu
987 3205 1064 3254 qunnr
1074 3187 1120 3238 filit
1130 3199 1204 3256 ceput
1216 3207 1259 3256 pn-

190 3283 217 3314 ea
227 3269 389 3332 comprobare
400 3269 530 3324 videretur.
745 3269 794 3324 lanu
816 3270 982 3334 impugnaret,
1002 3269 1097 3319 fortiter
1119 3269 1166 3318 init
1184 3271 1260 3335 repel-

225 3361 250 3410 9.
263 3348 417 3400 Pertinuisse.
427 3351 531 3400 Neoeaae
543 3349 617 3401 fumas
629 3349 702 3400 intel·
745 3349 894 3404 lenda.1lno
903 3359 982 3398 tamen
989 3366 1045 3415 ane
1051 3350 1101 3398 sola
1109 3360 1262 3413 superarent,

189 3426 270 3492 ligetis
288 3437 343 3478 uta
363 3445 402 3476 me
420 3441 600 3494 amnentur,
622 3445 703 3494 neque
746 3429 829 3479 divine
851 3429 937 3479 Cioero
960 3428 1072 3478 servavit.
1092 3430 1200 3478 Primum
1228 3445 1260 3478 ne

191 3506 255 3554 enim
270 3517 358 3556 tenera
367 3518 411 3557 ant
423 3509 571 3560 accusatorie
581 3507 648 3568 dini,
659 3507 703 3556 aed
747 3508 1261 3572 obliviaoereturreverentianqutepereuti·

192 3597 221 3634 nt
229 3587 330 3634 meterni
339 3589 367 3634 in
376 3588 515 3640 Cluentium
524 3586 577 3636 odii
584 3589 703 3652 originem
746 3587 792 3636 bue
801 3587 916 3646 debetur3
926 3587 1060 3644 deludent,
1070 3586 1180 3649 repetitis
1187 3584 1260 3633 nitius

193 3664 388 3714 dnnoustrarem.
747 3663 1260 3731 mueie,diligentiasimeoatenderet,qnum

230 3759 271 3794 ro.
290 3745 340 3792 Vix
360 3757 480 3810 oportere.
499 3745 582 3804 ιΙΙΙι,
603 3755 704 3794 auctore
746 3745 850 3810 idquod
860 3757 910 3794 eret
921 3745 948 3793 in
958 3756 1058 3792 matrem
1070 3744 1194 3802 diuturna,
1208 3758 1259 3794 non

192 3822 357 3884 Quintiliano,
367 3839 423 3888 quse
436 3835 496 3874 snut
512 3835 597 3874 natura
616 3838 704 3888 parum
747 3835 872 3890 oporteret
878 3825 955 3875 modo
963 3823 1074 3885 lieri‚eed
1083 3825 1154 3872 etiam
1163 3840 1261 3874 neeesse

192 3901 310 3964 speciosa,
319 3918 422 3966 qunque
429 3919 480 3952 non
487 3903 704 3960 diceremiutrurn
748 3915 816 3952 esset.
827 3905 893 3952 Fecit
901 3903 983 3966 itaque
992 3917 1081 3950 nornen
1091 3903 1199 3968 parentia
1208 3919 1259 3952 non

192 3976 251 4030 libet
260 3991 324 4030 esset
333 3981 447 4044 liberum,
460 3982 640 4042 maluissemus,
652 3997 704 4029 non
746 3981 800 4038 illio
819 3981 985 4040 invidiosum,
1005 3981 1047 4028 sed
1068 3983 1114 4047 ipei
1136 3983 1162 4031 in
1185 3999 1259 4047 quarn

194 4069 272 4110 tanen
285 4059 400 4111 indecora
414 4063 463 4110 sint
476 4061 622 4112 dicentibus.
636 4059 704 4124 Quid
749 4061 907 4110 dicebatur.»
