3020 4666
603 401 889 502 ¹rsrrcuusus.
1214 421 1279 478 att

220 529 379 618 planeque
393 526 539 592 suadent.
552 526 585 591 si
600 527 672 616 quis
683 525 816 615 pondus
829 526 890 590 illis
899 545 973 589 vere
988 519 1174 609 detraxerit,
1190 528 1286 595 inibit

221 657 240 698 a
259 633 450 721 memetipso
474 633 620 722 gratiam.
645 633 789 713 interea,
808 631 834 695 si
853 646 902 694 est
922 631 1057 696 omnino
1077 632 1118 714 Q.
1140 632 1227 698 Naso
1250 634 1285 698 in

220 755 358 828 praetura
374 738 522 803 Ciceroni
538 737 659 826 collega
670 734 813 813 dandus,
831 736 922 800 nulio
932 734 1031 800 modo
1045 738 1216 803 conciliare
1227 739 1288 803 ista

220 867 374 933 possum,
398 843 461 908 nisi
478 841 653 932 probabile,
665 843 723 924 sit,
742 843 906 906 Nasonem
929 858 1099 931 praetorem
1123 844 1287 910 urbanum

221 953 328 1016 fuisse.
346 955 417 1018 Hoc
426 950 617 1040 jampridem
635 950 785 1038 Sigonius¹
802 947 843 1012 de
853 947 926 1013 tud.
941 950 987 1031 ΙΙ,
1004 953 1045 1031 ά,
1060 949 1127 1014 fere
1141 952 1288 1032 conjece·

219 1073 284 1139 rat,
301 1056 359 1122 sed
379 1057 572 1121 inanissimis
597 1055 805 1144 argumentis.
823 1053 912 1118 Nihil
934 1055 1022 1118 enim
1039 1053 1172 1138 falsius,
1190 1075 1288 1144 quam

220 1164 255 1226 C.
284 1163 420 1226 Verrem
442 1184 518 1225 cum
540 1161 664 1225 urbana
691 1177 778 1224 sorte
802 1158 933 1224 alteram
958 1159 1103 1224 veneficii
1136 1162 1288 1228 babuisse

220 1267 427 1347 conjunctam
446 1292 454 1332 :
471 1289 578 1354 neque
595 1265 808 1330 demonstrari
825 1281 951 1355 potest,
968 1287 1007 1329 eo
1026 1281 1173 1356 tempore
1193 1267 1285 1333 binas

217 1373 458 1453 jurisdictiones
488 1371 583 1434 simul
614 1393 689 1435 cunr
718 1370 951 1457 quaestionibus
981 1371 1079 1436 fuisse
1107 1372 1283 1439 mandatas.

223 1481 305 1564 Quee
318 1481 393 1545 licet
411 1501 485 1545 vera
502 1494 609 1542 essent
623 1477 749 1558 omnia,
766 1493 872 1542 tamen
889 1476 991 1541 nihilo
1008 1479 1109 1568 magis
1127 1479 1169 1562 Q.
1185 1480 1289 1559 Naso,

221 1607 320 1673 qnam
333 1585 415 1649 alius
432 1583 589 1670 quispiam
608 1581 677 1662 ejus
694 1581 770 1644 anni
785 1595 914 1670 praetor,
926 1581 960 1644 in
975 1581 1048 1661 jure
1063 1581 1206 1647 dicundo
1218 1606 1289 1649 ren-

222 1689 284 1753 san'
300 1688 475 1778 potuisset,
491 1703 588 1773 atque
605 1686 639 1749 in
655 1685 746 1750 illum
759 1685 861 1750 nrbilo
877 1685 1033 1750 minusca
1046 1687 1206 1770 valerent,
1218 1711 1290 1776 quse

220 1807 237 1872 ς
255 1796 274 1861 8
291 1811 323 1859 et
339 1816 360 1880 9
383 1785 602 1882 exposuimus.
618 1793 657 1856 Iu
676 1793 741 1856 hoc
758 1809 866 1856 autern
885 1792 1160 1873 meaconjeetura
1178 1795 1221 1859 ab
1235 1795 1287 1859 Si-

221 1901 360 1991 goniana
377 1899 500 1982 differt,
519 1897 679 1987 quod'ille
697 1897 819 1963 Nasoni
838 1911 871 1962 et
886 1899 1031 1963 Antonio
1046 1899 1285 1978 jurisdictiones

220 2007 266 2071 ita
282 2005 354 2084 dat,
370 2022 409 2070 ut
424 2027 495 2093 quae
511 2005 668 2092 cujusque
682 2004 794 2084 fuerit,
814 2011 882 2067 ndu
899 2001 1047 2084 definiat,
1062 2026 1123 2094 ego
1136 2007 1287 2071 nomina·

222 2114 281 2178 tim
297 2113 454 2176 urbanam
464 2110 587 2176 Nasoni
603 2112 714 2176 tribuo
729 2134 737 2175 :
753 2126 785 2174 et
803 2109 893 2198 quod
908 2110 960 2174 ille
977 2111 1190 2196 quaestionem
1209 2113 1292 2176 utri·
1354 2121 1357 2126 ’

222 2241 287 2306 que
301 2217 425 2299 adjicit,
446 2237 507 2307 ego
524 2239 602 2280 vero
619 2216 751 2281 nemini.
769 2215 840 2281 Nisi
857 2215 944 2280 enim
960 2216 1052 2279 aliter
1067 2218 1221 2303 componi
1237 2239 1288 2282 res

221 2325 339 2414 possit,
362 2343 461 2412 cogor
482 2345 520 2386 eo
541 2321 757 2405 descendere,
778 2338 816 2386 ut
830 2337 960 2411 putem,
984 2321 1025 2404 Q.
1043 2319 1228 2386 Voconium
1247 2321 1290 2388 de

222 2449 349 2494 veneno
367 2429 438 2516 lege
461 2427 629 2516 quaesisse,
651 2451 753 2517 quum
772 2428 881 2492 nulius
901 2428 969 2508 ejus
989 2428 1036 2491 rei
1054 2443 1173 2516 praetor
1189 2445 1289 2512 esset,

222 2536 317 2623 plane
332 2551 371 2598 ut
387 2549 481 2598 antea
499 2535 534 2599 C.
549 2535 679 2616 Iunius,
695 2534 849 2622 quoniam
868 2532 902 2597 id
917 2550 1044 2599 certum
1061 2532 1212 2598 videtur:
1229 2534 1287 2600 sed

223 2629 383 2704 nominari
402 2640 497 2704 simul
514 2639 555 2722 Q.
572 2639 737 2704 Nasonem
759 2654 847 2727 praet.
875 2640 947 2703 urb.
973 2637 1120 2728 digniore
1142 2638 1214 2705 loco
1238 2663 1288 2705 se·

222 2744 354 2810 dentem
365 2792 375 2827 ,
386 2767 423 2809 ac
437 2741 560 2825 judices
577 2761 794 2825 coercentem,
815 2742 905 2832 quod
922 2744 947 2808 is
964 2758 1083 2831 praetor
1100 2766 1168 2808 non
1186 2744 1286 2809 modo

219 2849 345 2932 judices
356 2850 463 2914 sortiri
478 2847 609 2915 deberet
622 2850 774 2915 omnibus
789 2850 823 2913 in
840 2850 1086 2937 questionibus,
1096 2872 1175 2936 quas
1187 2848 1289 2929 judex

223 2973 350 3022 tantum
364 2972 542 3039 exerceret,
559 2979 598 3019 ex
612 2957 682 3020 Act.
696 2957 712 3020 I
733 2956 767 3019 in
781 2957 873 3021 Verr.
888 2955 943 3037 13,
955 2959 1068 3020 rerum
1081 2955 1177 3019 etiam
1198 2954 1286 3036 judi·

223 3063 275 3128 cio
288 3062 398 3127 adesse
411 3077 539 3150 posset,
554 3061 579 3124 si
593 3061 622 3124 ei
637 3059 813 3125 rideretur.
825 3063 874 3125 Ita
891 3083 988 3125 nemo
1002 3059 1181 3142 mirabitur,
1196 3060 1223 3124 si
1234 3061 1288 3142 ju·

225 3165 287 3232 dex
299 3167 485 3255 quaestionis
498 3165 711 3254 legejubetur
727 3187 887 3254 querere,
905 3164 995 3254 quod
1013 3187 1112 3232 vacua
1130 3164 1175 3230 illi
1188 3188 1286 3230 vene·

226 3271 288 3336 ficii
307 3273 441 3361 quaestio
453 3271 657 3353 remanserit,
670 3293 773 3360 quum
784 3287 890 3335 tamen
901 3271 1030 3360 praetori
1039 3271 1180 3354 urban0,
1196 3272 1288 3353 cujus
1394 3281 1396 3284 ’

226 3393 294 3442 erat
310 3377 448 3442 maxima
461 3375 619 3465 dignitas,
633 3375 780 3458 cederet,
797 3375 887 3462 quod
907 3377 1022 3441 attinet
1036 3375 1078 3441 ad
1095 3377 1287 3465 imperium,

226 3500 323 3571 atque
337 3483 497 3548 honorem
510 3505 517 3547 ε
531 3505 637 3571 neque
653 3483 679 3546 si
693 3497 802 3546 actum
815 3483 1034 3548 voluntarium
1046 3479 1162 3548 Verres
1175 3483 1288 3548 omise-

227 3588 282 3671 rit,
294 3589 381 3654 Naso
393 3605 501 3655 autem
511 3589 658 3654 obiverit.
