<?xml version="1.0" encoding="UTF-8"?>
<!DOCTYPE html PUBLIC "-//W3C//DTD XHTML 1.0 Transitional//EN"
    "http://www.w3.org/TR/xhtml1/DTD/xhtml1-transitional.dtd">
<html xmlns="http://www.w3.org/1999/xhtml" xml:lang="en" lang="en">
 <head>
  <title>
</title>
<meta http-equiv="Content-Type" content="text/html;charset=utf-8" />
  <meta name='ocr-system' content='tesseract 3.04.00' />
  <meta name='ocr-capabilities' content='ocr_page ocr_carea ocr_par ocr_line ocrx_word'/>
</head>
<body>
  <div class='ocr_page' id='page_1' title='image "./mtciceronisquae00lemagoog_0432.png"; bbox 0 0 3026 4680; ppageno 0'>
   <div class='ocr_carea' id='block_1_1' title="bbox 484 337 1281 427">
    <p class='ocr_par' dir='ltr' id='par_1_1' title="bbox 484 337 1281 427">
     <span class='ocr_line' id='line_1_1' title="bbox 484 337 1281 427; baseline 0.005 -23"><span class='ocrx_word' id='word_1_1' title='bbox 484 339 537 408; x_wconf 78' lang='lat' dir='ltr'>ut</span> <span class='ocrx_word' id='word_1_2' title='bbox 562 339 599 406; x_wconf 88' lang='lat' dir='ltr'>L.</span> <span class='ocrx_word' id='word_1_3' title='bbox 626 340 938 424; x_wconf 76' lang='lat' dir='ltr'>CATILINAM,</span> <span class='ocrx_word' id='word_1_4' title='bbox 962 341 1014 407; x_wconf 92' lang='lat'>11.</span> <span class='ocrx_word' id='word_1_5' title='bbox 1210 337 1281 427; x_wconf 65' lang='lat' dir='ltr'>aas</span> 
     </span>
    </p>
   </div>
   <div class='ocr_carea' id='block_1_2' title="bbox 218 457 1296 2424">
    <p class='ocr_par' dir='ltr' id='par_1_2' title="bbox 218 457 1284 1412">
     <span class='ocr_line' id='line_1_2' title="bbox 220 457 1282 557; baseline 0.001 -27"><span class='ocrx_word' id='word_1_6' title='bbox 220 473 256 542; x_wconf 84' lang='lat' dir='ltr'>et</span> <span class='ocrx_word' id='word_1_7' title='bbox 269 471 387 530; x_wconf 86' lang='lat' dir='ltr'>scorta</span> <span class='ocrx_word' id='word_1_8' title='bbox 406 471 630 554; x_wconf 80' lang='lat' dir='ltr'>quaererent,</span> <span class='ocrx_word' id='word_1_9' title='bbox 649 474 768 530; x_wconf 87' lang='lat' dir='ltr'><strong>essent</strong></span> <span class='ocrx_word' id='word_1_10' title='bbox 783 459 834 530; x_wconf 90' lang='lat' dir='ltr'>illi</span> <span class='ocrx_word' id='word_1_11' title='bbox 851 457 999 556; x_wconf 89' lang='lat' dir='ltr'>quidem</span> <span class='ocrx_word' id='word_1_12' title='bbox 1015 457 1227 557; x_wconf 88' lang='lat' dir='ltr'>desperandi</span> <span class='ocrx_word' id='word_1_13' title='bbox 1240 472 1282 546; x_wconf 87' lang='lat'>¹⁰,</span> 
     </span>
     <span class='ocr_line' id='line_1_3' title="bbox 219 565 1281 667; baseline 0.002 -29"><span class='ocrx_word' id='word_1_14' title='bbox 219 565 282 638; x_wconf 85' lang='lat' dir='ltr'>sed</span> <span class='ocrx_word' id='word_1_15' title='bbox 293 581 414 638; x_wconf 87' lang='lat' dir='ltr'>tameo</span> <span class='ocrx_word' id='word_1_16' title='bbox 427 581 547 638; x_wconf 89' lang='lat' dir='ltr'>essent</span> <span class='ocrx_word' id='word_1_17' title='bbox 560 565 699 640; x_wconf 86' lang='lat' dir='ltr'>ferendi</span> <span class='ocrx_word' id='word_1_18' title='bbox 711 578 753 638; x_wconf 88' lang='lat'>¹¹.</span> <span class='ocrx_word' id='word_1_19' title='bbox 768 573 845 641; x_wconf 91' lang='lat' dir='ltr'>Hoc</span> <span class='ocrx_word' id='word_1_20' title='bbox 854 594 941 640; x_wconf 88' lang='lat' dir='ltr'>vero</span> <span class='ocrx_word' id='word_1_21' title='bbox 951 570 1032 667; x_wconf 91' lang='lat' dir='ltr'>quis</span> <span class='ocrx_word' id='word_1_22' title='bbox 1044 566 1138 640; x_wconf 86' lang='lat' dir='ltr'>ferre</span> <span class='ocrx_word' id='word_1_23' title='bbox 1150 571 1281 666; x_wconf 87' lang='lat' dir='ltr'><strong>possit,</strong></span> 
     </span>
     <span class='ocr_line' id='line_1_4' title="bbox 220 677 1278 772; baseline 0.003 -25"><span class='ocrx_word' id='word_1_24' title='bbox 220 679 353 748; x_wconf 88' lang='lat' dir='ltr'>inertes</span> <span class='ocrx_word' id='word_1_25' title='bbox 370 677 537 750; x_wconf 90' lang='lat' dir='ltr'>homines</span> <span class='ocrx_word' id='word_1_26' title='bbox 552 677 754 772; x_wconf 73' lang='lat' dir='ltr'>fortissimis</span> <span class='ocrx_word' id='word_1_27' title='bbox 770 681 854 752; x_wconf 86' lang='lat' dir='ltr'>viris</span> <span class='ocrx_word' id='word_1_28' title='bbox 864 679 1020 756; x_wconf 85' lang='lat' dir='ltr'>insidiari</span> <span class='ocrx_word' id='word_1_29' title='bbox 1030 732 1040 764; x_wconf 92' lang='lat'>,</span> <span class='ocrx_word' id='word_1_30' title='bbox 1052 679 1278 752; x_wconf 88' lang='lat' dir='ltr'>stultissimos</span> 
     </span>
     <span class='ocr_line' id='line_1_5' title="bbox 219 786 1280 888; baseline 0.004 -32"><span class='ocrx_word' id='word_1_31' title='bbox 219 786 522 884; x_wconf 84' lang='lat' dir='ltr'>prudentissimis,</span> <span class='ocrx_word' id='word_1_32' title='bbox 550 787 751 860; x_wconf 83' lang='lat' dir='ltr'>ebriosos¹²</span> <span class='ocrx_word' id='word_1_33' title='bbox 779 788 929 878; x_wconf 85' lang='lat' dir='ltr'>sobriis,</span> <span class='ocrx_word' id='word_1_34' title='bbox 948 789 1168 862; x_wconf 85' lang='lat' dir='ltr'>dormientes</span> <span class='ocrx_word' id='word_1_35' title='bbox 1191 790 1280 888; x_wconf 84' lang='lat' dir='ltr'>vigi-</span> 
     </span>
     <span class='ocr_line' id='line_1_6' title="bbox 219 895 1282 995; baseline 0.004 -28"><span class='ocrx_word' id='word_1_36' title='bbox 219 895 401 968; x_wconf 84' lang='lat' dir='ltr'>lantibus?</span> <span class='ocrx_word' id='word_1_37' title='bbox 419 901 483 995; x_wconf 93' lang='lat' dir='ltr'>qui</span> <span class='ocrx_word' id='word_1_38' title='bbox 508 895 640 968; x_wconf 83' lang='lat' dir='ltr'>mihi¹³</span> <span class='ocrx_word' id='word_1_39' title='bbox 667 897 882 971; x_wconf 85' lang='lat' dir='ltr'>accubantes</span> <span class='ocrx_word' id='word_1_40' title='bbox 910 902 949 970; x_wconf 90' lang='lat' dir='ltr'>in</span> <span class='ocrx_word' id='word_1_41' title='bbox 974 900 1162 986; x_wconf 88' lang='lat' dir='ltr'>conviviis,</span> <span class='ocrx_word' id='word_1_42' title='bbox 1182 923 1282 971; x_wconf 90' lang='lat' dir='ltr'>com-</span> 
     </span>
     <span class='ocr_line' id='line_1_7' title="bbox 219 1005 1283 1106; baseline 0 -29"><span class='ocrx_word' id='word_1_43' title='bbox 219 1005 315 1104; x_wconf 87' lang='lat' dir='ltr'>plexi</span> <span class='ocrx_word' id='word_1_44' title='bbox 330 1009 498 1080; x_wconf 90' lang='lat' dir='ltr'>mulieres</span> <span class='ocrx_word' id='word_1_45' title='bbox 509 1008 733 1106; x_wconf 84' lang='lat' dir='ltr'>impudicas,</span> <span class='ocrx_word' id='word_1_46' title='bbox 753 1009 838 1080; x_wconf 92' lang='lat' dir='ltr'>vino</span> <span class='ocrx_word' id='word_1_47' title='bbox 852 1007 1011 1106; x_wconf 84' lang='lat' dir='ltr'>languidi</span> <span class='ocrx_word' id='word_1_48' title='bbox 1022 1014 1072 1096; x_wconf 70' lang='lat'>¹⁴,</span> <span class='ocrx_word' id='word_1_49' title='bbox 1088 1005 1283 1081; x_wconf 86' lang='lat' dir='ltr'>confecti¹⁵</span> 
     </span>
     <span class='ocr_line' id='line_1_8' title="bbox 220 1114 1284 1216; baseline 0.002 -31"><span class='ocrx_word' id='word_1_50' title='bbox 220 1114 320 1204; x_wconf 93' lang='lat' dir='ltr'>cibo,</span> <span class='ocrx_word' id='word_1_51' title='bbox 337 1117 441 1189; x_wconf 89' lang='lat' dir='ltr'>sertis</span> <span class='ocrx_word' id='word_1_52' title='bbox 455 1115 663 1206; x_wconf 64' lang='lat' dir='ltr'>redimitiffi,</span> <span class='ocrx_word' id='word_1_53' title='bbox 678 1122 872 1216; x_wconf 86' lang='lat' dir='ltr'>unguentis</span> <span class='ocrx_word' id='word_1_54' title='bbox 885 1116 1003 1200; x_wconf 86' lang='lat' dir='ltr'>obliti,</span> <span class='ocrx_word' id='word_1_55' title='bbox 1020 1117 1193 1190; x_wconf 88' lang='lat' dir='ltr'>debilitati</span> <span class='ocrx_word' id='word_1_56' title='bbox 1210 1131 1284 1190; x_wconf 91' lang='lat' dir='ltr'>stu-</span> 
     </span>
     <span class='ocr_line' id='line_1_9' title="bbox 219 1225 1282 1324; baseline 0.003 -29"><span class='ocrx_word' id='word_1_57' title='bbox 219 1229 485 1324; x_wconf 90' lang='lat' dir='ltr'>pris,eructant</span> <span class='ocrx_word' id='word_1_58' title='bbox 497 1226 949 1300; x_wconf 82' lang='lat' dir='ltr'>sermonibussuiscaedem</span> <span class='ocrx_word' id='word_1_59' title='bbox 961 1225 1282 1324; x_wconf 87' lang='lat' dir='ltr'>bonorum,atque</span> 
     </span>
     <span class='ocr_line' id='line_1_10' title="bbox 218 1325 620 1412; baseline 0.01 -6"><span class='ocrx_word' id='word_1_60' title='bbox 218 1335 320 1408; x_wconf 90' lang='lat' dir='ltr'>urbis</span> <span class='ocrx_word' id='word_1_61' title='bbox 339 1337 519 1412; x_wconf 87' lang='lat' dir='ltr'>incendia.</span> <span class='ocrx_word' id='word_1_62' title='bbox 616 1325 620 1332; x_wconf 44' lang='lat'>¹</span> 
     </span>
    </p>

    <p class='ocr_par' dir='ltr' id='par_1_3' title="bbox 220 1445 1296 2424">
     <span class='ocr_line' id='line_1_11' title="bbox 267 1445 1286 1554; baseline 0.001 -37"><span class='ocrx_word' id='word_1_63' title='bbox 267 1447 411 1537; x_wconf 88' lang='lat' dir='ltr'>Quibus</span> <span class='ocrx_word' id='word_1_64' title='bbox 433 1472 502 1545; x_wconf 82' lang='lat' dir='ltr'>ego</span> <span class='ocrx_word' id='word_1_65' title='bbox 525 1446 670 1519; x_wconf 89' lang='lat' dir='ltr'>confido</span> <span class='ocrx_word' id='word_1_66' title='bbox 689 1447 898 1554; x_wconf 76' lang='lat' dir='ltr'>impendere</span> <span class='ocrx_word' id='word_1_67' title='bbox 913 1446 1038 1518; x_wconf 85' lang='lat' dir='ltr'>&#39;latum</span> <span class='ocrx_word' id='word_1_68' title='bbox 1060 1445 1226 1544; x_wconf 86' lang='lat' dir='ltr'>aliquod,</span> <span class='ocrx_word' id='word_1_69' title='bbox 1249 1460 1286 1518; x_wconf 85' lang='lat' dir='ltr'>et</span> 
     </span>
     <span class='ocr_line' id='line_1_12' title="bbox 221 1555 1283 1655; baseline 0.001 -30"><span class='ocrx_word' id='word_1_70' title='bbox 221 1579 347 1653; x_wconf 87' lang='lat' dir='ltr'>poenas</span> <span class='ocrx_word' id='word_1_71' title='bbox 365 1555 502 1652; x_wconf 85' lang='lat' dir='ltr'>jamdiu</span> <span class='ocrx_word' id='word_1_72' title='bbox 512 1568 540 1614; x_wconf 82' lang='lat'>¹⁷</span> <span class='ocrx_word' id='word_1_73' title='bbox 565 1555 806 1654; x_wconf 84' lang='lat' dir='ltr'>improbitati,</span> <span class='ocrx_word' id='word_1_74' title='bbox 830 1560 1018 1655; x_wconf 82' lang='lat' dir='ltr'>nequitiae,</span> <span class='ocrx_word' id='word_1_75' title='bbox 1038 1555 1182 1644; x_wconf 85' lang='lat' dir='ltr'>sceleri,</span> <span class='ocrx_word' id='word_1_76' title='bbox 1202 1555 1283 1627; x_wconf 90' lang='lat' dir='ltr'>libi-</span> 
     </span>
     <span class='ocr_line' id='line_1_13' title="bbox 221 1663 1296 1765; baseline 0.002 -31"><span class='ocrx_word' id='word_1_77' title='bbox 221 1663 298 1734; x_wconf 91' lang='lat' dir='ltr'>dini</span> <span class='ocrx_word' id='word_1_78' title='bbox 324 1664 483 1754; x_wconf 87' lang='lat' dir='ltr'>debitas,</span> <span class='ocrx_word' id='word_1_79' title='bbox 503 1680 566 1737; x_wconf 92' lang='lat' dir='ltr'>aut</span> <span class='ocrx_word' id='word_1_80' title='bbox 587 1667 721 1737; x_wconf 90' lang='lat' dir='ltr'>instare</span> <span class='ocrx_word' id='word_1_81' title='bbox 743 1667 818 1762; x_wconf 88' lang='lat' dir='ltr'>jam</span> <span class='ocrx_word' id='word_1_82' title='bbox 845 1666 974 1765; x_wconf 86' lang='lat' dir='ltr'>plane,</span> <span class='ocrx_word' id='word_1_83' title='bbox 1003 1682 1065 1750; x_wconf 82' lang='lat' dir='ltr'>aut</span> <span class='ocrx_word' id='word_1_84' title='bbox 1090 1682 1185 1741; x_wconf 84' lang='lat' dir='ltr'>certe</span> <span class='ocrx_word' id='word_1_85' title='bbox 1208 1667 1296 1760; x_wconf 85' lang='lat' dir='ltr'>jam</span> 
     </span>
     <span class='ocr_line' id='line_1_14' title="bbox 221 1777 1286 1873; baseline 0.001 -30"><span class='ocrx_word' id='word_1_86' title='bbox 221 1778 523 1872; x_wconf 84' lang='lat' dir='ltr'>appropinquare.</span> <span class='ocrx_word' id='word_1_87' title='bbox 534 1779 634 1868; x_wconf 86' lang='lat' dir='ltr'>Quos</span> <span class='ocrx_word' id='word_1_88' title='bbox 650 1778 680 1848; x_wconf 90' lang='lat' dir='ltr'>si</span> <span class='ocrx_word' id='word_1_89' title='bbox 690 1800 796 1849; x_wconf 91' lang='lat' dir='ltr'>meus</span> <span class='ocrx_word' id='word_1_90' title='bbox 806 1777 1034 1866; x_wconf 89' lang='lat' dir='ltr'>consulatus,</span> <span class='ocrx_word' id='word_1_91' title='bbox 1048 1778 1221 1873; x_wconf 88' lang='lat' dir='ltr'>quoniam</span> <span class='ocrx_word' id='word_1_92' title='bbox 1231 1799 1286 1846; x_wconf 87' lang='lat' dir='ltr'>sa·-</span> 
     </span>
     <span class='ocr_line' id='line_1_15' title="bbox 221 1885 1285 1984; baseline 0 -30"><span class='ocrx_word' id='word_1_93' title='bbox 221 1907 308 1954; x_wconf 86' lang='lat' dir='ltr'>uare</span> <span class='ocrx_word' id='word_1_94' title='bbox 330 1909 405 1956; x_wconf 92' lang='lat' dir='ltr'>non</span> <span class='ocrx_word' id='word_1_95' title='bbox 424 1901 565 1983; x_wconf 91' lang='lat' dir='ltr'>potest,</span> <span class='ocrx_word' id='word_1_96' title='bbox 594 1887 803 1960; x_wconf 88' lang='lat' dir='ltr'>sustulerit:</span> <span class='ocrx_word' id='word_1_97' title='bbox 823 1914 898 1959; x_wconf 91' lang='lat' dir='ltr'>non</span> <span class='ocrx_word' id='word_1_98' title='bbox 912 1887 1032 1972; x_wconf 77' lang='lat' dir='ltr'>breve,</span> <span class='ocrx_word' id='word_1_99' title='bbox 1043 1887 1164 1958; x_wconf 88' lang='lat' dir='ltr'>nescio</span> <span class='ocrx_word' id='word_1_100' title='bbox 1181 1885 1285 1984; x_wconf 91' lang='lat' dir='ltr'>quod</span> 
     </span>
     <span class='ocr_line' id='line_1_16' title="bbox 220 1993 1285 2096; baseline -0.001 -31"><span class='ocrx_word' id='word_1_101' title='bbox 220 2008 380 2092; x_wconf 87' lang='lat' dir='ltr'>tempus,</span> <span class='ocrx_word' id='word_1_102' title='bbox 392 1995 454 2068; x_wconf 90' lang='lat' dir='ltr'>sed</span> <span class='ocrx_word' id='word_1_103' title='bbox 467 1996 579 2068; x_wconf 89' lang='lat' dir='ltr'>multa</span> <span class='ocrx_word' id='word_1_104' title='bbox 592 1997 718 2070; x_wconf 85' lang='lat' dir='ltr'>saecula</span> <span class='ocrx_word' id='word_1_105' title='bbox 732 1995 1162 2096; x_wconf 81' lang='lat' dir='ltr'>propagaritreipublicae.</span> <span class='ocrx_word' id='word_1_106' title='bbox 1178 1993 1285 2066; x_wconf 88' lang='lat' dir='ltr'>Nulla</span> 
     </span>
     <span class='ocr_line' id='line_1_17' title="bbox 221 2100 1286 2206; baseline 0 -32"><span class='ocrx_word' id='word_1_107' title='bbox 221 2119 275 2175; x_wconf 86' lang='lat' dir='ltr'>est</span> <span class='ocrx_word' id='word_1_108' title='bbox 299 2107 395 2176; x_wconf 90' lang='lat' dir='ltr'>enim</span> <span class='ocrx_word' id='word_1_109' title='bbox 414 2100 573 2193; x_wconf 79' lang='lat' dir='ltr'>natio¹⁸,</span> <span class='ocrx_word' id='word_1_110' title='bbox 592 2131 700 2203; x_wconf 91' lang='lat' dir='ltr'>quam</span> <span class='ocrx_word' id='word_1_111' title='bbox 720 2111 1038 2206; x_wconf 71' lang='lat' dir='ltr'>pertimescamus,</span> <span class='ocrx_word' id='word_1_112' title='bbox 1065 2106 1184 2177; x_wconf 90' lang='lat' dir='ltr'>nullus</span> <span class='ocrx_word' id='word_1_113' title='bbox 1201 2130 1286 2192; x_wconf 84' lang='lat' dir='ltr'>rex,</span> 
     </span>
     <span class='ocr_line' id='line_1_18' title="bbox 222 2212 1283 2314; baseline 0.001 -31"><span class='ocrx_word' id='word_1_114' title='bbox 222 2213 286 2310; x_wconf 91' lang='lat' dir='ltr'>qui</span> <span class='ocrx_word' id='word_1_115' title='bbox 299 2212 435 2284; x_wconf 92' lang='lat' dir='ltr'>bellum</span> <span class='ocrx_word' id='word_1_116' title='bbox 453 2215 592 2313; x_wconf 90' lang='lat' dir='ltr'>populo</span> <span class='ocrx_word' id='word_1_117' title='bbox 605 2241 759 2289; x_wconf 90' lang='lat' dir='ltr'>romano</span> <span class='ocrx_word' id='word_1_118' title='bbox 776 2215 894 2289; x_wconf 83' lang='lat' dir='ltr'>lacere</span> <span class='ocrx_word' id='word_1_119' title='bbox 910 2220 1033 2314; x_wconf 87' lang='lat' dir='ltr'>possit.</span> <span class='ocrx_word' id='word_1_120' title='bbox 1050 2216 1180 2286; x_wconf 89' lang='lat' dir='ltr'>Omnia</span> <span class='ocrx_word' id='word_1_121' title='bbox 1197 2228 1283 2286; x_wconf 90' lang='lat' dir='ltr'>sunt</span> 
     </span>
     <span class='ocr_line' id='line_1_19' title="bbox 221 2323 1283 2424; baseline 0.003 -33"><span class='ocrx_word' id='word_1_122' title='bbox 221 2336 369 2394; x_wconf 84' lang='lat' dir='ltr'>externa</span> <span class='ocrx_word' id='word_1_123' title='bbox 378 2326 773 2401; x_wconf 83' lang='lat' dir='ltr'>uniusvirtute¹⁹tcrra</span> <span class='ocrx_word' id='word_1_124' title='bbox 785 2328 948 2424; x_wconf 89' lang='lat' dir='ltr'>marique</span> <span class='ocrx_word' id='word_1_125' title='bbox 958 2323 1283 2424; x_wconf 78' lang='lat' dir='ltr'>pacatazdomesti-</span> 
     </span>
    </p>
   </div>
   <div class='ocr_carea' id='block_1_3' title="bbox 220 2543 1306 4116">
    <p class='ocr_par' dir='ltr' id='par_1_4' title="bbox 220 2543 1306 4116">
     <span class='ocr_line' id='line_1_20' title="bbox 220 2543 1281 2622; baseline 0.003 -23"><span class='ocrx_word' id='word_1_126' title='bbox 220 2551 369 2616; x_wconf 81' lang='lat' dir='ltr'>sublatisque</span> <span class='ocrx_word' id='word_1_127' title='bbox 380 2553 474 2617; x_wconf 76' lang='lat' dir='ltr'>epulis,</span> <span class='ocrx_word' id='word_1_128' title='bbox 494 2555 582 2618; x_wconf 81' lang='lat' dir='ltr'>pocula</span> <span class='ocrx_word' id='word_1_129' title='bbox 603 2567 680 2604; x_wconf 81' lang='lat' dir='ltr'>umen</span> <span class='ocrx_word' id='word_1_130' title='bbox 695 2575 729 2606; x_wconf 85' lang='lat' dir='ltr'>re·</span> <span class='ocrx_word' id='word_1_131' title='bbox 811 2567 851 2614; x_wconf 66' lang='grc' dir='ltr'>ιι.</span> <span class='ocrx_word' id='word_1_132' title='bbox 879 2557 943 2603; x_wconf 79' lang='lat' dir='ltr'>Viuo</span> <span class='ocrx_word' id='word_1_133' title='bbox 967 2557 1087 2622; x_wconf 75' lang='lat' dir='ltr'>languidi.</span> <span class='ocrx_word' id='word_1_134' title='bbox 1104 2543 1178 2613; x_wconf 68' lang='lat' dir='ltr'>Nam,</span> <span class='ocrx_word' id='word_1_135' title='bbox 1201 2567 1228 2602; x_wconf 92' lang='lat' dir='ltr'>ut</span> <span class='ocrx_word' id='word_1_136' title='bbox 1247 2557 1281 2603; x_wconf 82' lang='lat' dir='ltr'>ait</span> 
     </span>
     <span class='ocr_line' id='line_1_21' title="bbox 220 2630 1283 2705; baseline 0.003 -27"><span class='ocrx_word' id='word_1_137' title='bbox 220 2630 405 2695; x_wconf 82' lang='lat' dir='ltr'>linquebrutur‚</span> <span class='ocrx_word' id='word_1_138' title='bbox 419 2632 509 2695; x_wconf 89' lang='lat' dir='ltr'>quibus</span> <span class='ocrx_word' id='word_1_139' title='bbox 527 2645 613 2682; x_wconf 88' lang='lat' dir='ltr'>mutuo</span> <span class='ocrx_word' id='word_1_140' title='bbox 629 2637 729 2684; x_wconf 81' lang='lat' dir='ltr'>interce</span> <span class='ocrx_word' id='word_1_141' title='bbox 773 2641 844 2700; x_wconf 74' lang='lat' dir='ltr'>poeti</span> <span class='ocrx_word' id='word_1_142' title='bbox 854 2651 860 2685; x_wconf 95' lang='lat'><strong>:</strong></span> <span class='ocrx_word' id='word_1_143' title='bbox 869 2657 881 2677; x_wconf 74' lang='grc' dir='ltr'>ι</span> <span class='ocrx_word' id='word_1_144' title='bbox 888 2637 923 2684; x_wconf 88' lang='lat' dir='ltr'>Ut</span> <span class='ocrx_word' id='word_1_145' title='bbox 932 2651 1007 2684; x_wconf 86' lang='lat' dir='ltr'>renus</span> <span class='ocrx_word' id='word_1_146' title='bbox 1016 2645 1113 2705; x_wconf 74' lang='lat' dir='ltr'>enerrat</span> <span class='ocrx_word' id='word_1_147' title='bbox 1120 2635 1230 2694; x_wconf 83' lang='lat' dir='ltr'>virea,sic</span> <span class='ocrx_word' id='word_1_148' title='bbox 1241 2650 1283 2681; x_wconf 91' lang='lat' dir='ltr'>co-</span> 
     </span>
     <span class='ocr_line' id='line_1_22' title="bbox 221 2707 998 2780; baseline 0.008 -22"><span class='ocrx_word' id='word_1_149' title='bbox 221 2721 339 2759; x_wconf 80' lang='lat' dir='ltr'>errtrntes</span> <span class='ocrx_word' id='word_1_150' title='bbox 357 2713 479 2772; x_wconf 73' lang='lat' dir='ltr'>convivus,</span> <span class='ocrx_word' id='word_1_151' title='bbox 499 2723 541 2761; x_wconf 85' lang='lat' dir='ltr'>sut</span> <span class='ocrx_word' id='word_1_152' title='bbox 556 2714 619 2774; x_wconf 84' lang='lat' dir='ltr'>jocis</span> <span class='ocrx_word' id='word_1_153' title='bbox 636 2713 729 2763; x_wconf 78' lang='lat' dir='ltr'>hilara·</span> <span class='ocrx_word' id='word_1_154' title='bbox 772 2717 813 2780; x_wconf 83' lang='lat' dir='ltr'>piu</span> <span class='ocrx_word' id='word_1_155' title='bbox 824 2715 903 2764; x_wconf 73' lang='lat' dir='ltr'>viuin.</span> <span class='ocrx_word' id='word_1_156' title='bbox 996 2707 998 2715; x_wconf 61' lang='grc'>’</span> 
     </span>
     <span class='ocr_line' id='line_1_23' title="bbox 220 2787 1282 2854; baseline 0.003 -17"><span class='ocrx_word' id='word_1_157' title='bbox 220 2789 279 2838; x_wconf 84' lang='lat' dir='ltr'>brut</span> <span class='ocrx_word' id='word_1_158' title='bbox 301 2789 425 2849; x_wconf 63' lang='lat' dir='ltr'>mirum,</span> <span class='ocrx_word' id='word_1_159' title='bbox 445 2803 487 2840; x_wconf 79' lang='lat' dir='ltr'>rut</span> <span class='ocrx_word' id='word_1_160' title='bbox 499 2791 575 2840; x_wconf 78' lang='lat' dir='ltr'>aleam</span> <span class='ocrx_word' id='word_1_161' title='bbox 596 2791 730 2852; x_wconf 77' lang='lat' dir='ltr'>ludebant,</span> <span class='ocrx_word' id='word_1_162' title='bbox 812 2787 1197 2854; x_wconf 77' lang='lat' dir='ltr'>15.Coufirti.sicbabeutmulti</span> <span class='ocrx_word' id='word_1_163' title='bbox 1207 2791 1282 2840; x_wconf 83' lang='lat' dir='ltr'>codd.</span> 
     </span>
     <span class='ocr_line' id='line_1_24' title="bbox 220 2868 1281 2933; baseline 0.003 -18"><span class='ocrx_word' id='word_1_164' title='bbox 220 2877 263 2916; x_wconf 87' lang='lat' dir='ltr'>aut</span> <span class='ocrx_word' id='word_1_165' title='bbox 276 2868 368 2933; x_wconf 75' lang='lat' dir='ltr'>sliqmd</span> <span class='ocrx_word' id='word_1_166' title='bbox 379 2871 500 2919; x_wconf 82' lang='lat' dir='ltr'>faciebant</span> <span class='ocrx_word' id='word_1_167' title='bbox 512 2871 641 2930; x_wconf 88' lang='lat' dir='ltr'>ejusmodi.</span> <span class='ocrx_word' id='word_1_168' title='bbox 650 2871 680 2919; x_wconf 90' lang='lat' dir='ltr'>ld</span> <span class='ocrx_word' id='word_1_169' title='bbox 688 2873 730 2919; x_wconf 82' lang='lat' dir='ltr'>lta·</span> <span class='ocrx_word' id='word_1_170' title='bbox 774 2882 798 2920; x_wconf 90' lang='lat' dir='ltr'>et</span> <span class='ocrx_word' id='word_1_171' title='bbox 808 2869 865 2918; x_wconf 86' lang='lat' dir='ltr'>inde</span> <span class='ocrx_word' id='word_1_172' title='bbox 877 2885 891 2917; x_wconf 80' lang='lat' dir='ltr'>a</span> <span class='ocrx_word' id='word_1_173' title='bbox 904 2870 1003 2916; x_wconf 82' lang='lat' dir='ltr'>Moreto</span> <span class='ocrx_word' id='word_1_174' title='bbox 1020 2879 1162 2932; x_wconf 86' lang='lat' dir='ltr'>receperunt</span> <span class='ocrx_word' id='word_1_175' title='bbox 1180 2871 1281 2918; x_wconf 85' lang='lat' dir='ltr'>Gruter.</span> 
     </span>
     <span class='ocr_line' id='line_1_25' title="bbox 221 2945 1187 3015; baseline 0.001 -21"><span class='ocrx_word' id='word_1_176' title='bbox 221 2963 269 3010; x_wconf 88' lang='lat' dir='ltr'>que</span> <span class='ocrx_word' id='word_1_177' title='bbox 280 2955 375 3011; x_wconf 87' lang='lat' dir='ltr'>tempus</span> <span class='ocrx_word' id='word_1_178' title='bbox 389 2949 556 2998; x_wconf 82' lang='lat' dir='ltr'>iudicaturlris</span> <span class='ocrx_word' id='word_1_179' title='bbox 564 2949 681 3014; x_wconf 90' lang='lat' dir='ltr'>loquendi</span> <span class='ocrx_word' id='word_1_180' title='bbox 691 2966 731 3015; x_wconf 77' lang='lat' dir='ltr'>ge·</span> <span class='ocrx_word' id='word_1_181' title='bbox 775 2949 911 2996; x_wconf 80' lang='lat' dir='ltr'>Heumann.</span> <span class='ocrx_word' id='word_1_182' title='bbox 929 2945 1029 2997; x_wconf 74' lang='lat' dir='ltr'>Lartem.</span> <span class='ocrx_word' id='word_1_183' title='bbox 1039 2945 1070 2994; x_wconf 80' lang='lat' dir='ltr'>al.</span> <span class='ocrx_word' id='word_1_184' title='bbox 1082 2947 1107 2994; x_wconf 89' lang='lat' dir='ltr'>J.</span> <span class='ocrx_word' id='word_1_185' title='bbox 1118 2949 1150 2994; x_wconf 83' lang='lat' dir='ltr'>V.</span> <span class='ocrx_word' id='word_1_186' title='bbox 1160 2949 1187 2995; x_wconf 82' lang='lat' dir='ltr'>L.</span> 
     </span>
     <span class='ocr_line' id='line_1_26' title="bbox 222 3016 1284 3091; baseline 0 -20"><span class='ocrx_word' id='word_1_187' title='bbox 222 3025 333 3088; x_wconf 83' lang='lat' dir='ltr'>neribus,</span> <span class='ocrx_word' id='word_1_188' title='bbox 341 3048 354 3068; x_wconf 76' lang='grc' dir='ltr'>ι</span> <span class='ocrx_word' id='word_1_189' title='bbox 362 3027 388 3073; x_wconf 87' lang='lat' dir='ltr'>iu</span> <span class='ocrx_word' id='word_1_190' title='bbox 399 3016 568 3088; x_wconf 75' lang='lat' dir='ltr'>rino,iu1&#39;ocd</span> <span class='ocrx_word' id='word_1_191' title='bbox 582 3039 654 3091; x_wconf 83' lang='lat' dir='ltr'>atque</span> <span class='ocrx_word' id='word_1_192' title='bbox 662 3029 731 3089; x_wconf 82' lang='lat' dir='ltr'>vino,</span> <span class='ocrx_word' id='word_1_193' title='bbox 813 3027 853 3076; x_wconf 78' lang='grc' dir='ltr'>ιθ,</span> <span class='ocrx_word' id='word_1_194' title='bbox 866 3024 939 3074; x_wconf 80' lang='lat' dir='ltr'>Sertis</span> <span class='ocrx_word' id='word_1_195' title='bbox 949 3023 1061 3072; x_wconf 78' lang='lat' dir='ltr'>redimiti.</span> <span class='ocrx_word' id='word_1_196' title='bbox 1073 3025 1190 3073; x_wconf 75' lang='lat' dir='ltr'>Coronati</span> <span class='ocrx_word' id='word_1_197' title='bbox 1202 3035 1226 3071; x_wconf 93' lang='lat' dir='ltr'>et</span> <span class='ocrx_word' id='word_1_198' title='bbox 1237 3039 1284 3071; x_wconf 91' lang='lat' dir='ltr'>un·</span> 
     </span>
     <span class='ocr_line' id='line_1_27' title="bbox 222 3102 1283 3170; baseline 0.001 -20"><span class='ocrx_word' id='word_1_199' title='bbox 222 3105 248 3150; x_wconf 89' lang='lat' dir='ltr'>in</span> <span class='ocrx_word' id='word_1_200' title='bbox 267 3104 324 3151; x_wconf 82' lang='lat' dir='ltr'>vino</span> <span class='ocrx_word' id='word_1_201' title='bbox 340 3104 510 3168; x_wconf 79' lang='lat' dir='ltr'>atque-elea».</span> <span class='ocrx_word' id='word_1_202' title='bbox 522 3127 535 3148; x_wconf 76' lang='grc' dir='ltr'><strong>α</strong></span> <span class='ocrx_word' id='word_1_203' title='bbox 547 3107 730 3165; x_wconf 83' lang='lat' dir='ltr'>llerc,iuviuo</span> <span class='ocrx_word' id='word_1_204' title='bbox 776 3105 870 3170; x_wconf 77' lang='lat' dir='ltr'>guentis</span> <span class='ocrx_word' id='word_1_205' title='bbox 888 3103 980 3170; x_wconf 79' lang='lat' dir='ltr'>perfusi</span> <span class='ocrx_word' id='word_1_206' title='bbox 993 3103 1141 3151; x_wconf 78' lang='lat' dir='ltr'>coenitabant</span> <span class='ocrx_word' id='word_1_207' title='bbox 1153 3102 1226 3162; x_wconf 78' lang='lat' dir='ltr'>obm,</span> <span class='ocrx_word' id='word_1_208' title='bbox 1240 3106 1283 3167; x_wconf 89' lang='lat' dir='ltr'>qui</span> 
     </span>
     <span class='ocr_line' id='line_1_28' title="bbox 222 3181 1100 3247; baseline 0.002 -18"><span class='ocrx_word' id='word_1_209' title='bbox 222 3197 295 3247; x_wconf 88' lang='lat' dir='ltr'>quam</span> <span class='ocrx_word' id='word_1_210' title='bbox 309 3181 467 3231; x_wconf 83' lang='lat' dir='ltr'>immodestus</span> <span class='ocrx_word' id='word_1_211' title='bbox 476 3183 544 3232; x_wconf 83' lang='lat' dir='ltr'>fuisti</span> <span class='ocrx_word' id='word_1_212' title='bbox 554 3185 560 3232; x_wconf 93' lang='lat'>!</span> <span class='ocrx_word' id='word_1_213' title='bbox 570 3206 583 3227; x_wconf 71' lang='lat' dir='ltr'>n</span> <span class='ocrx_word' id='word_1_214' title='bbox 596 3185 731 3235; x_wconf 82' lang='lat' dir='ltr'>Terentius.</span> <span class='ocrx_word' id='word_1_215' title='bbox 775 3183 924 3232; x_wconf 80' lang='lat' dir='ltr'>luxuriosius</span> <span class='ocrx_word' id='word_1_216' title='bbox 933 3181 1100 3246; x_wconf 69' lang='lat' dir='ltr'>epulabantur.</span> 
     </span>
     <span class='ocr_line' id='line_1_29' title="bbox 223 3259 1283 3328; baseline 0.003 -22"><span class='ocrx_word' id='word_1_217' title='bbox 223 3277 314 3310; x_wconf 66' lang='lat' dir='ltr'>emuna</span> <span class='ocrx_word' id='word_1_218' title='bbox 323 3262 419 3310; x_wconf 73' lang='lat' dir='ltr'>sinistra</span> <span class='ocrx_word' id='word_1_219' title='bbox 427 3261 734 3324; x_wconf 82' lang='lat' dir='ltr'>Noubelleuterisiujoco</span> <span class='ocrx_word' id='word_1_220' title='bbox 817 3259 1126 3328; x_wconf 83' lang='lat' dir='ltr'>17.Poeuasjamdiu.Tres</span> <span class='ocrx_word' id='word_1_221' title='bbox 1134 3259 1191 3308; x_wconf 89' lang='lat' dir='ltr'>libri</span> <span class='ocrx_word' id='word_1_222' title='bbox 1200 3263 1283 3312; x_wconf 75' lang='lat' dir='ltr'>Graer.</span> 
     </span>
     <span class='ocr_line' id='line_1_30' title="bbox 220 3337 1288 3410; baseline -0.006 -17"><span class='ocrx_word' id='word_1_223' title='bbox 220 3355 293 3410; x_wconf 87' lang='lat' dir='ltr'>atque</span> <span class='ocrx_word' id='word_1_224' title='bbox 307 3345 366 3391; x_wconf 82' lang='lat' dir='ltr'>vino</span> <span class='ocrx_word' id='word_1_225' title='bbox 378 3363 405 3392; x_wconf 79' lang='grc' dir='ltr'>ι.</span> <span class='ocrx_word' id='word_1_226' title='bbox 420 3343 538 3394; x_wconf 71' lang='lat' dir='ltr'>Catullus.</span> <span class='ocrx_word' id='word_1_227' title='bbox 778 3353 803 3391; x_wconf 88' lang='lat' dir='ltr'>et</span> <span class='ocrx_word' id='word_1_228' title='bbox 813 3341 869 3391; x_wconf 90' lang='lat' dir='ltr'>cod.</span> <span class='ocrx_word' id='word_1_229' title='bbox 879 3339 950 3389; x_wconf 83' lang='lat' dir='ltr'>Barb.</span> <span class='ocrx_word' id='word_1_230' title='bbox 960 3337 1163 3404; x_wconf 80' lang='lat' dir='ltr'>babentpoenam.</span> <span class='ocrx_word' id='word_1_231' title='bbox 1172 3341 1288 3406; x_wconf 75' lang='lat' dir='ltr'>Utroque</span> 
     </span>
     <span class='ocr_line' id='line_1_31' title="bbox 260 3415 1159 3487; baseline -0.003 -16"><span class='ocrx_word' id='word_1_232' title='bbox 260 3440 300 3474; x_wconf 91' lang='lat' dir='ltr'>ro.</span> <span class='ocrx_word' id='word_1_233' title='bbox 312 3421 470 3487; x_wconf 77' lang='lat' dir='ltr'>Despcmrrdi.</span> <span class='ocrx_word' id='word_1_234' title='bbox 480 3421 551 3471; x_wconf 81' lang='lat' dir='ltr'>Nihil</span> <span class='ocrx_word' id='word_1_235' title='bbox 557 3421 621 3470; x_wconf 84' lang='lat' dir='ltr'>enim</span> <span class='ocrx_word' id='word_1_236' title='bbox 632 3421 663 3469; x_wconf 87' lang='lat' dir='ltr'>rb</span> <span class='ocrx_word' id='word_1_237' title='bbox 673 3421 732 3470; x_wconf 82' lang='lat' dir='ltr'>alea·</span> <span class='ocrx_word' id='word_1_238' title='bbox 778 3421 853 3470; x_wconf 88' lang='lat' dir='ltr'>modo</span> <span class='ocrx_word' id='word_1_239' title='bbox 865 3419 959 3469; x_wconf 77' lang='lat' dir='ltr'>tullius</span> <span class='ocrx_word' id='word_1_240' title='bbox 972 3415 1031 3466; x_wconf 76' lang='lat' dir='ltr'>stibi</span> <span class='ocrx_word' id='word_1_241' title='bbox 1043 3419 1159 3482; x_wconf 85' lang='lat' dir='ltr'>loquitur.</span> 
     </span>
     <span class='ocr_line' id='line_1_32' title="bbox 222 3495 1287 3562; baseline -0.006 -13"><span class='ocrx_word' id='word_1_242' title='bbox 222 3502 326 3562; x_wconf 88' lang='lat' dir='ltr'>toribus,</span> <span class='ocrx_word' id='word_1_243' title='bbox 336 3501 525 3562; x_wconf 76' lang='lat' dir='ltr'>scortatoribus,</span> <span class='ocrx_word' id='word_1_244' title='bbox 535 3499 731 3550; x_wconf 62' lang='lat' dir='ltr'>comisatoribus</span> <span class='ocrx_word' id='word_1_245' title='bbox 812 3503 852 3549; x_wconf 82' lang='lat'>18.</span> <span class='ocrx_word' id='word_1_246' title='bbox 863 3497 940 3547; x_wconf 83' lang='lat' dir='ltr'>Nuda</span> <span class='ocrx_word' id='word_1_247' title='bbox 953 3509 987 3546; x_wconf 82' lang='lat' dir='ltr'>est</span> <span class='ocrx_word' id='word_1_248' title='bbox 996 3497 1059 3546; x_wconf 83' lang='lat' dir='ltr'>euim</span> <span class='ocrx_word' id='word_1_249' title='bbox 1073 3497 1150 3546; x_wconf 83' lang='lat' dir='ltr'>nario.</span> <span class='ocrx_word' id='word_1_250' title='bbox 1165 3499 1205 3546; x_wconf 87' lang='lat' dir='ltr'>sic</span> <span class='ocrx_word' id='word_1_251' title='bbox 1218 3495 1248 3544; x_wconf 80' lang='lat' dir='ltr'>ad</span> <span class='ocrx_word' id='word_1_252' title='bbox 1258 3495 1287 3543; x_wconf 91' lang='lat' dir='ltr'>ll-</span> 
     </span>
     <span class='ocr_line' id='line_1_33' title="bbox 222 3576 1286 3647; baseline -0.005 -20"><span class='ocrx_word' id='word_1_253' title='bbox 222 3586 300 3643; x_wconf 79' lang='lat' dir='ltr'>nequs</span> <span class='ocrx_word' id='word_1_254' title='bbox 318 3581 449 3647; x_wconf 84' lang='lat' dir='ltr'>privatim,</span> <span class='ocrx_word' id='word_1_255' title='bbox 470 3597 548 3646; x_wconf 81' lang='lat' dir='ltr'>neque</span> <span class='ocrx_word' id='word_1_256' title='bbox 560 3581 660 3646; x_wconf 88' lang='lat' dir='ltr'>publice</span> <span class='ocrx_word' id='word_1_257' title='bbox 673 3581 732 3629; x_wconf 88' lang='lat' dir='ltr'>utile</span> <span class='ocrx_word' id='word_1_258' title='bbox 775 3595 831 3628; x_wconf 87' lang='lat' dir='ltr'>uem</span> <span class='ocrx_word' id='word_1_259' title='bbox 844 3578 928 3643; x_wconf 73' lang='lat' dir='ltr'>primu</span> <span class='ocrx_word' id='word_1_260' title='bbox 944 3576 1194 3641; x_wconf 61' lang='lat' dir='ltr'>Agendum-Nullum</span> <span class='ocrx_word' id='word_1_261' title='bbox 1208 3587 1286 3623; x_wconf 83' lang='lat' dir='ltr'>exter·-</span> 
     </span>
     <span class='ocr_line' id='line_1_34' title="bbox 223 3655 1285 3724; baseline -0.004 -19"><span class='ocrx_word' id='word_1_262' title='bbox 223 3661 313 3723; x_wconf 78' lang='lat' dir='ltr'>spersri</span> <span class='ocrx_word' id='word_1_263' title='bbox 326 3670 418 3724; x_wconf 87' lang='lat' dir='ltr'>potest.</span> <span class='ocrx_word' id='word_1_264' title='bbox 775 3675 834 3706; x_wconf 88' lang='lat' dir='ltr'>uum</span> <span class='ocrx_word' id='word_1_265' title='bbox 845 3655 979 3723; x_wconf 88' lang='lat' dir='ltr'>periculum</span> <span class='ocrx_word' id='word_1_266' title='bbox 988 3665 1036 3704; x_wconf 87' lang='lat' dir='ltr'>est:</span> <span class='ocrx_word' id='word_1_267' title='bbox 1045 3667 1155 3712; x_wconf 84' lang='lat' dir='ltr'>uunrex,</span> <span class='ocrx_word' id='word_1_268' title='bbox 1165 3669 1216 3714; x_wconf 85' lang='lat' dir='ltr'>nou</span> <span class='ocrx_word' id='word_1_269' title='bbox 1227 3669 1285 3717; x_wconf 83' lang='lat' dir='ltr'>geus</span> 
     </span>
     <span class='ocr_line' id='line_1_35' title="bbox 262 3733 1285 3799; baseline -0.002 -17"><span class='ocrx_word' id='word_1_270' title='bbox 262 3752 301 3785; x_wconf 90' lang='lat'>11.</span> <span class='ocrx_word' id='word_1_271' title='bbox 310 3738 359 3784; x_wconf 83' lang='lat' dir='ltr'>Sed</span> <span class='ocrx_word' id='word_1_272' title='bbox 372 3749 454 3786; x_wconf 83' lang='lat' dir='ltr'>tamen</span> <span class='ocrx_word' id='word_1_273' title='bbox 473 3749 551 3786; x_wconf 84' lang='lat' dir='ltr'>esseut</span> <span class='ocrx_word' id='word_1_274' title='bbox 561 3735 670 3799; x_wconf 83' lang='lat' dir='ltr'>serendi.</span> <span class='ocrx_word' id='word_1_275' title='bbox 679 3739 733 3786; x_wconf 89' lang='lat' dir='ltr'>Do·</span> <span class='ocrx_word' id='word_1_276' title='bbox 776 3738 825 3786; x_wconf 82' lang='lat' dir='ltr'>ulla</span> <span class='ocrx_word' id='word_1_277' title='bbox 835 3772 842 3795; x_wconf 94' lang='lat'>‚</span> <span class='ocrx_word' id='word_1_278' title='bbox 853 3753 904 3785; x_wconf 90' lang='lat' dir='ltr'>uon</span> <span class='ocrx_word' id='word_1_279' title='bbox 916 3737 983 3784; x_wconf 84' lang='lat' dir='ltr'>ustio</span> <span class='ocrx_word' id='word_1_280' title='bbox 993 3733 1181 3799; x_wconf 77' lang='lat' dir='ltr'>pertimescenda</span> <span class='ocrx_word' id='word_1_281' title='bbox 1189 3743 1240 3792; x_wconf 88' lang='lat' dir='ltr'>est;</span> <span class='ocrx_word' id='word_1_282' title='bbox 1249 3733 1285 3780; x_wconf 87' lang='lat' dir='ltr'>in-</span> 
     </span>
     <span class='ocr_line' id='line_1_36' title="bbox 224 3811 1306 3881; baseline -0.004 -19"><span class='ocrx_word' id='word_1_283' title='bbox 224 3815 323 3863; x_wconf 83' lang='lat' dir='ltr'>nrestica</span> <span class='ocrx_word' id='word_1_284' title='bbox 336 3817 399 3863; x_wconf 86' lang='lat' dir='ltr'>euim</span> <span class='ocrx_word' id='word_1_285' title='bbox 413 3817 454 3864; x_wconf 83' lang='lat' dir='ltr'>illu</span> <span class='ocrx_word' id='word_1_286' title='bbox 467 3817 593 3881; x_wconf 89' lang='lat' dir='ltr'>turpitudo</span> <span class='ocrx_word' id='word_1_287' title='bbox 605 3816 732 3864; x_wconf 82' lang='lat' dir='ltr'>etiufamis</span> <span class='ocrx_word' id='word_1_288' title='bbox 777 3817 871 3864; x_wconf 88' lang='lat' dir='ltr'>elusum</span> <span class='ocrx_word' id='word_1_289' title='bbox 884 3813 973 3860; x_wconf 80' lang='lat' dir='ltr'>malum</span> <span class='ocrx_word' id='word_1_290' title='bbox 991 3827 1020 3859; x_wconf 87' lang='lat' dir='ltr'>nc</span> <span class='ocrx_word' id='word_1_291' title='bbox 1031 3811 1190 3860; x_wconf 87' lang='lat' dir='ltr'>domesticum</span> <span class='ocrx_word' id='word_1_292' title='bbox 1200 3821 1235 3858; x_wconf 89' lang='lat' dir='ltr'>est</span> <span class='ocrx_word' id='word_1_293' title='bbox 1244 3833 1265 3860; x_wconf 75' lang='grc' dir='ltr'>υ.</span> <span class='ocrx_word' id='word_1_294' title='bbox 1304 3840 1306 3848; x_wconf 75' lang='lat'>.</span> 
     </span>
     <span class='ocr_line' id='line_1_37' title="bbox 223 3889 1285 3959; baseline -0.006 -16"><span class='ocrx_word' id='word_1_295' title='bbox 223 3893 305 3943; x_wconf 83' lang='lat' dir='ltr'>saltem</span> <span class='ocrx_word' id='word_1_296' title='bbox 314 3893 488 3958; x_wconf 77' lang='lat' dir='ltr'>rempublicam</span> <span class='ocrx_word' id='word_1_297' title='bbox 500 3911 551 3943; x_wconf 91' lang='lat' dir='ltr'>non</span> <span class='ocrx_word' id='word_1_298' title='bbox 560 3895 698 3959; x_wconf 81' lang='lat' dir='ltr'>attingeret.</span> <span class='ocrx_word' id='word_1_299' title='bbox 817 3911 854 3957; x_wconf 85' lang='lat'>¹9·</span> <span class='ocrx_word' id='word_1_300' title='bbox 874 3891 948 3939; x_wconf 80' lang='lat' dir='ltr'>Uuiru</span> <span class='ocrx_word' id='word_1_301' title='bbox 968 3889 1066 3938; x_wconf 81' lang='lat' dir='ltr'>virtute.</span> <span class='ocrx_word' id='word_1_302' title='bbox 1081 3889 1128 3938; x_wconf 87' lang='lat' dir='ltr'>Cn.</span> <span class='ocrx_word' id='word_1_303' title='bbox 1143 3890 1285 3954; x_wconf 83' lang='lat' dir='ltr'>Pompeium</span> 
     </span>
     <span class='ocr_line' id='line_1_38' title="bbox 263 3967 1287 4036; baseline -0.004 -16"><span class='ocrx_word' id='word_1_304' title='bbox 263 3989 302 4020; x_wconf 81' lang='lat' dir='ltr'>ru.</span> <span class='ocrx_word' id='word_1_305' title='bbox 312 3973 432 4020; x_wconf 76' lang='lat' dir='ltr'>Ebriosus.</span> <span class='ocrx_word' id='word_1_306' title='bbox 443 3973 510 4021; x_wconf 82' lang='lat' dir='ltr'>Libri</span> <span class='ocrx_word' id='word_1_307' title='bbox 524 3985 614 4020; x_wconf 87' lang='lat' dir='ltr'>veteres</span> <span class='ocrx_word' id='word_1_308' title='bbox 628 3973 712 4022; x_wconf 81' lang='lat' dir='ltr'>ebrios.</span> <span class='ocrx_word' id='word_1_309' title='bbox 776 3973 893 4036; x_wconf 78' lang='lat' dir='ltr'>Magnum</span> <span class='ocrx_word' id='word_1_310' title='bbox 914 3967 1038 4032; x_wconf 70' lang='lat' dir='ltr'>iutelligit,</span> <span class='ocrx_word' id='word_1_311' title='bbox 1060 3969 1177 4029; x_wconf 62' lang='lat' dir='ltr'>des-,ujus</span> <span class='ocrx_word' id='word_1_312' title='bbox 1198 3969 1287 4018; x_wconf 81' lang='lat' dir='ltr'>virtute</span> 
     </span>
     <span class='ocr_line' id='line_1_39' title="bbox 263 4047 1221 4116; baseline -0.001 -17"><span class='ocrx_word' id='word_1_313' title='bbox 263 4054 302 4102; x_wconf 80' lang='lat'>13.</span> <span class='ocrx_word' id='word_1_314' title='bbox 315 4051 363 4116; x_wconf 82' lang='lat' dir='ltr'>Qui</span> <span class='ocrx_word' id='word_1_315' title='bbox 376 4051 443 4100; x_wconf 81' lang='lat' dir='ltr'>milri.</span> <span class='ocrx_word' id='word_1_316' title='bbox 457 4049 563 4101; x_wconf 84' lang='lat' dir='ltr'>Subsud.</span> <span class='ocrx_word' id='word_1_317' title='bbox 573 4051 695 4101; x_wconf 79' lang='lat' dir='ltr'>uidentur.</span> <span class='ocrx_word' id='word_1_318' title='bbox 777 4052 910 4099; x_wconf 86' lang='lat' dir='ltr'>orationem</span> <span class='ocrx_word' id='word_1_319' title='bbox 923 4048 979 4096; x_wconf 76' lang='lat' dir='ltr'>vide</span> <span class='ocrx_word' id='word_1_320' title='bbox 992 4047 1100 4113; x_wconf 81' lang='lat' dir='ltr'>prolege</span> <span class='ocrx_word' id='word_1_321' title='bbox 1112 4047 1221 4098; x_wconf 78' lang='lat' dir='ltr'>Manilia.</span> 
     </span>
    </p>
   </div>
   <div class='ocr_carea' id='block_1_4' title="bbox 0 0 1523 4680">
    <p class='ocr_par' dir='ltr' id='par_1_5' title="bbox 0 0 1523 4680">
     <span class='ocr_line' id='line_1_40' title="bbox 0 0 1523 4680; baseline 0 0"><span class='ocrx_word' id='word_1_322' title='bbox 0 0 1523 4680; x_wconf 95' lang='lat' dir='ltr'> </span> 
     </span>
    </p>
   </div>
  </div>
 </body>
</html>
