3026 4680
403 359 595 428 ORATIO
621 357 719 428 PRO
744 359 781 424 L.
809 358 1042 430 MURENA.
1190 363 1255 438 511

192 483 301 568 mari,
322 479 528 567 residissem
556 483 592 550 in
612 503 655 550 ea
672 482 813 552 civitate
828 482 955 554 consul
973 483 1179 580 designatus
1194 489 1260 562 de-
1306 493 1310 501 '

194 592 373 666 sensorom
389 616 466 663 non
477 589 646 678 haberet,
657 591 696 660 in
712 613 784 686 qua
798 592 935 662 nemini
949 613 1122 689 umquam
1134 585 1261 675 infimo

193 704 386 798 majores¹²
419 703 534 774 nostri
564 716 760 798 patronum
795 699 920 774 deesse
956 704 1161 779 voluerunt.
1190 713 1262 809 Ego

194 810 334 898 vero¹³,
339 812 497 909 judices,
510 812 590 908 ipse
599 835 657 881 me
666 813 909 882 existimarem
926 811 1159 904 nefarium,si
1175 821 1262 890 ami·

194 950 259 1014 co,
272 922 476 1009 crudelem,
493 922 522 993 si
535 922 688 1009 misero,
701 919 921 1018 superbum,
935 925 964 993 si
976 926 1116 996 consuli
1130 927 1262 1004 deluis-

193 1059 280 1108 sem.
296 1037 417 1125 Quare
436 1030 538 1129 quod
555 1029 716 1101 dandum
736 1043 790 1101 est
806 1033 991 1118 amicitiae,
1006 1032 1102 1132 large
1116 1035 1261 1111 dabitur

193 1171 213 1216 a
231 1169 307 1230 me,
324 1158 367 1214 ut
383 1159 503 1215 tecum
518 1162 638 1237 agenn
657 1143 898 1227 Servi¹⁴,non
912 1163 1029 1230 secus,
1051 1169 1092 1216 ac
1110 1150 1139 1218 si
1157 1173 1260 1221 meus

193 1269 287 1327 esset
302 1253 430 1341 frater,
450 1254 514 1350 qui
531 1249 620 1320 mihi
633 1263 694 1334 ,est
720 1253 944 1336 carissimus,
968 1255 1038 1324 isto
1054 1251 1085 1298 ¹⁵
1103 1257 1143 1328 in
1160 1257 1262 1330 loco:

193 1363 294 1462 quod
308 1362 544 1434 tribuendum
561 1375 616 1431 est
634 1357 770 1446 officio,
787 1357 893 1448 fidei,
911 1363 1134 1460 religioni¹⁶,
1156 1367 1194 1439 id
1212 1373 1261 1442 ita

194 1471 431 1560 moderabor,
449 1485 491 1540 ut
504 1470 752 1556 meminerim,
771 1493 828 1542 me
842 1488 969 1544 contra
983 1475 1088 1546 amici
1099 1476 1261 1550 studium

193 1606 261 1680 pro
277 1585 384 1653 amici
399 1578 561 1679 periculo
580 1578 712 1650 dicere.

241 1696 284 1762 V.
298 1692 465 1789 intelligo
478 1702 502 1778 ¹,
516 1687 673 1787 judices,
684 1703 757 1786 tres
765 1691 877 1762 totius
891 1697 1128 1767 accusationis
1141 1711 1261 1794 partes

193 1802 320 1890 luisse,
337 1818 374 1875 et
388 1827 511 1875 earum
527 1825 638 1872 unam
653 1801 690 1870 iu
704 1800 988 1898 reprehensione
1000 1806 1098 1893 vitae,
1113 1806 1260 1880 alteram

192 1916 230 1985 in
248 1917 484 1987 contentione
503 1911 708 2010 dignitatis,
728 1916 872 1983 tertiam
891 1915 927 1984 in
948 1915 1163 1989 criminibus
1185 1941 1261 1990 am·

191 2025 289 2122 bitus
303 2049 380 2097 esse
396 2037 584 2094 remotam.

238 2139 358 2233 Atque
379 2134 510 2206 harum
528 2135 639 2204 trium
660 2136 819 2228 partium
836 2135 951 2231 prima
976 2135 1049 2223 illa,
1073 2161 1153 2235 quae
1176 2162 1257 2235 gra-

182 2247 332 2317 'vissima
348 2267 425 2317 esse
442 2243 619 2326 debebat,
638 2246 688 2312 ita
706 2239 774 2312 fuit
790 2241 933 2316 infirma
948 2260 985 2318 et
998 2246 1102 2334 levis,
1121 2259 1163 2320 ut
1177 2249 1258 2322 illos

192 2356 250 2425 lex
270 2357 382 2453 magis
403 2353 566 2452 quaedam
589 2354 853 2440 accusatoriam
873 2379 981 2452 quam
1002 2381 1086 2428 vera
1109 2357 1258 2430 meledi-

190 2467 296 2538 cendi
310 2465 460 2538 facultas
478 2464 524 2537 de
542 2467 615 2536 vita
633 2467 672 2534 L.
691 2465 855 2535 sturenae
873 2466 994 2538 dicem
1016 2465 1154 2566 aliquid
1171 2493 1256 2540 coe·
1285 2493 1290 2504 ·

190 2579 292 2674 gerit.
315 2576 467 2674 Objecta
484 2590 539 2648 est
558 2577 656 2647 enim
677 2570 784 2644 Asia³
812 2601 820 2643 :
846 2598 927 2674 quse
957 2575 1003 2648 ab
1022 2577 1093 2650 hoc
1117 2603 1192 2651 non
1210 2579 1256 2672 ad

229 2783 269 2816 ra.
294 2767 391 2835 Infimo.
411 2769 503 2816 Pretor
525 2767 589 2814 enim
611 2767 641 2814 iis
660 2765 703 2827 qui
758 2756 760 2760 ¹
785 2763 827 2812 ro.
842 2764 968 2828 Religioni.
987 2766 1118 2828 Quieeum
1131 2767 1257 2832 auspicato

189 2845 310 2896 advocato
319 2848 432 2896 carebant
442 2847 522 2895 dicere
531 2843 637 2894 solebat:
653 2867 666 2886 «
678 2847 702 2892 st
747 2843 932 2892 enunciaverim.

189 2937 240 2973 non
249 2925 595 2990 habehontrdvoestum,ego
608 2923 673 2973 dabo
680 2945 700 2972 υ.
782 2921 813 2969 V.
840 2937 861 2970 r.
875 2921 999 2986 intelligo.
1015 2923 1173 2972 partitionem
1190 2923 1254 2974 banc

189 3005 243 3050 Nec
251 3004 329 3050 solum
338 3004 405 3052 hisee
414 3004 523 3067 personis
534 3013 625 3068 praetor
636 3002 699 3051 hanc
747 3001 921 3048 confutationis
946 3000 1029 3049 leudat
1051 3012 1076 3050 et
1102 3003 1257 3052 commendat

190 3082 364 3132 humanitatem
383 3083 446 3131 solas
465 3083 595 3142 adhibere,
616 3097 700 3130 verum
744 3077 924 3138 Quintilianus,
936 3090 1024 3143 utque
1040 3095 1136 3127 causam
1155 3080 1257 3130 lucidis·

190 3160 262 3208 esim
280 3161 300 3208 ai
313 3161 368 3225 qui.
385 3162 447 3210 altu,
463 3164 508 3222 ἀι,
525 3163 568 3226 qui
584 3163 655 3209 oeffi,
669 3177 700 3208 u
743 3155 804 3202 sime
815 3157 941 3216 ostendat,
954 3167 979 3204 et
996 3157 1057 3206 nihil
1076 3159 1160 3208 lecerit
1171 3177 1256 3228 snper-

190 3239 283 3297 crusia,
299 3240 339 3288 vel
352 3240 485 3290 ambitione
499 3241 645 3302 adversarii,
660 3240 699 3289 vel
743 3247 855 3282 ”mum-

190 3329 256 3366 mean
266 3329 396 3384 paeonum
404 3337 457 3370 „011
464 3323 592 3371 innuerit,
780 3330 804 3363 a.
826 3317 878 3361 Lex
901 3316 1064 3364 “mentoris
1078 3317 1254 3369 incusatorum

228 3398 270 3447 13.
290 3401 346 3464 Ego
359 3417 430 3450 esem,
447 3401 550 3466 megum
568 3399 699 3461 diajmotio
744 3403 830 3442 moset
841 3395 1095 3444 eomeudoeotent
1107 3399 1172 3446 eninr
1185 3415 1255 3447 aceu-

188 3489 351 3541 eommarum‚
363 3497 411 3546 qm
422 3479 451 3528 fla
460 3481 540 3530 0:250
549 3489 574 3529 «ι
584 3479 699 3542 mmuh,
743 3483 833 3523 satores
845 3485 902 3522 ants
911 3477 1032 3524 sotevitae
1045 3476 1145 3524 edmins
1155 3491 1197 3524 nec
1208 3477 1255 3528 ob·

189 3565 213 3602 et
223 3567 292 3605 aucta
302 3570 376 3624 atque
386 3571 479 3610 ornata.
740 3554 830 3617 jicere,
844 3569 895 3618 quo
907 3555 982 3620 megi·
991 3555 1107 3604 credibile
1120 3556 1152 3603 sit
1162 3556 1254 3605 crimen

228 3639 268 3695 ¹4·
281 3639 353 3688 Semi.
367 3641 404 3687 Ita
417 3639 443 3688 in
452 3639 562 3705 epistolis
570 3639 700 3706 aliquoties
742 3635 769 3682 id
781 3633 933 3698 quodcausre
943 3637 1070 3699 proprium
1082 3645 1132 3696 est;
1142 3633 1253 3683 {dautem

189 3713 242 3760 scio
255 3717 405 3778 prenomine
413 3719 519 3784 appellat
529 3756 537 3783 ,
549 3729 573 3768 et
582 3718 645 3768 inira
654 3735 698 3768 η.
743 3731 815 3778 quam
827 3716 932 3762 maxime
946 3713 1074 3762 observant
1086 3725 1254 3773 recusatores,

189 3793 244 3856 piria
255 3794 325 3856 facit3
335 3795 403 3859 quod
413 3797 598 3848 familieritatem
607 3809 632 3849 et
641 3801 699 3848 ami-
743 3793 811 3857 quod
824 3791 966 3842 criminibus
983 3803 1038 3840 ante
1058 3793 1117 3840 aetia
1130 3791 1161 3841 ad
1175 3803 1253 3841 cetera

188 3871 270 3919 citiam
281 3873 380 3923 indicat.
427 3929 432 3940 ῃ
743 3873 862 3921 credenda
875 3879 1041 3936 prepuentor
1054 3880 1078 3917 et
1096 3873 1163 3936 quasi
1181 3885 1253 3920 mann

227 3952 266 4001 ri.
291 3955 341 4002 Iseo
362 3955 699 4008 r'srioee.1nseeunromm
745 3951 866 4000 ducantur
881 3950 990 4011 iulium
1010 3949 1091 4013 itaque
1104 3952 1254 4000 remeaturis

189 4023 315 4072 subselliis.
327 4025 390 4074 Vide
402 4029 536 4077 cretionem
551 4045 596 4092 pro
609 4029 701 4082 Cluen·
745 4031 856 4095 quaedam
869 4029 910 4077 lea
921 4045 972 4076 esse
981 4028 1085 4076 videtur.

191 4101 225 4148 tio
236 4139 243 4164 ‚
256 4119 308 4167 cap.
323 4113 365 4161 al.
783 4108 806 4158 3.
823 4108 923 4172 Obiecta
934 4119 970 4154 ese
980 4107 1043 4154 caim
1058 4107 1127 4157 Asia.
1139 4109 1195 4158 Asia
1206 4125 1254 4157 om
