2962 4682
254 349 299 418 82
578 349 625 420 tt.
652 351 690 416 T.
716 350 997 421 CICERONIS

249 485 325 578 ipse
349 477 522 578 poculum
549 477 722 564 dedisset,
743 477 865 551 subito
883 479 943 552 illa
965 481 1004 552 in
1024 478 1146 552 media
1166 483 1316 579 potione

249 587 480 675 exclamavit,
504 611 543 658 se
566 589 725 659 maximo
749 613 834 662 cum
856 589 982 662 dolore
1004 591 1122 662 mori:
1144 615 1214 667 nec
1235 591 1316 664 diu·

249 704 320 772 tius
341 701 448 788 visit,
468 723 578 796 quam
599 697 751 797 loquuta
770 711 870 788 cst93
889 725 973 773 nam
992 703 1029 772 iu
1050 703 1133 798 ipso
1148 727 1315 775 sermone

247 811 319 884 huc
333 826 370 883 et
383 809 639 882 vociferatione
654 825 796 882 mortua
809 827 872 883 est.
887 817 932 884 Et
944 811 990 884 ad
1004 811 1098 886 hanc
1110 825 1141 858 ¹⁰
1156 828 1313 886 mortem

246 937 319 994 tam
329 924 569 1021 repentinam,
579 943 779 1019 vocemque
790 924 991 1011 morientis,
1000 925 1123 998 omnia
1133 939 1315 1020 praeterea,

246 1057 326 1130 quoe
352 1033 471 1104 solent
496 1055 573 1103 esse
601 1031 732 1102 indicia
757 1047 796 1103 et
814 1034 964 1130 vestigia
982 1035 1134 1121 veneni,
1157 1035 1196 1104 in
1220 1035 1316 1107 illius

246 1157 397 1214 mortue
422 1165 577 1241 corpore
596 1139 755 1217 fuerunt.
777 1141 989 1240 Eodemque
1010 1163 1153 1214 veneno
1176 1145 1217 1214 C.
1241 1147 1315 1242 Op·

241 1256 449 1353 pinnicum,
468 1250 639 1338 fratrem,
662 1255 817 1324 necavit.

288 1369 348 1436 xt.
371 1369 501 1462 Neque
520 1377 575 1434 est
595 1363 666 1432 hoc
688 1364 795 1434 satis:
820 1365 962 1436 tametsi
984 1365 1023 1434 in
1046 1365 1127 1462 ipso
1151 1361 1315 1435 fraterno

233 1459 457 1573 'parricidio¹
482 1472 624 1544 nullum
641 1471 757 1544 scelus
775 1475 1054 1571 pretermissum
1074 1470 1238 1560 videtur3
1264 1487 1317 1544 tu·

243 1609 347 1671 men,
366 1598 406 1654 ut
428 1583 473 1654 ad
497 1582 567 1654 hoc
588 1581 766 1653 nefarium
787 1582 925 1654 facinus
948 1583 1155 1670 accederet,
1178 1581 1319 1654 aditum

242 1695 312 1766 sibi
338 1693 416 1765 aliis
444 1692 641 1787 sceleribus
667 1709 751 1763 ante
777 1687 947 1764 munivit.
973 1697 1065 1765 Nam
1086 1715 1203 1789 quum
1225 1707 1319 1764 esset

245 1804 391 1904 gravida
418 1805 550 1891 Auria,
578 1801 696 1874 fratris
726 1827 838 1891 uxor,
864 1819 901 1875 et
925 1805 1001 1900 jam
1023 1804 1319 1902 appropinquare

244 1930 370 2014 partus
382 1911 580 1996 videretur;
596 1913 785 1985 mulierem
799 1937 943 1984 veneno
955 1911 1155 1998 interfecit,
1169 1923 1232 1983 ut·
1245 1935 1319 1986 unu

248 2025 331 2110 illa,
358 2038 393 2096 et
420 2019 620 2120 quoderat
648 2047 692 2093 ex
716 2020 826 2095 fratre
851 2037 1092 2122 conceptum,
1113 2036 1317 2094 necaretur.

246 2139 373 2206 Postea
391 2131 537 2208 fratrem
553 2156 738 2230 aggressus
757 2147 834 2206 est:
856 2136 920 2231 qui
937 2157 1039 2221 sero,
1052 2131 1127 2226 jam
1141 2129 1319 2204 exhausto

247 2245 310 2316 illo
336 2243 471 2342 poculo
498 2244 626 2314 mortis
636 2239 664 2330 ³,
693 2265 806 2340 quum
836 2257 873 2314 et
901 2241 947 2314 de
972 2265 1038 2314 suo
1063 2256 1099 2314 et
1125 2241 1171 2313 de
1193 2242 1318 2314 uxoris

247 2359 398 2426 interitu
420 2353 606 2440 clamaret,
629 2366 960 2451 testamentumque
986 2367 1126 2424 mutare
1147 2367 1317 2450 cuperet,

247 2467 285 2535 in
310 2465 387 2562 ipsa
412 2462 673 2560 significatione
697 2463 807 2560 hujus
830 2465 1043 2548 voluntatis,
1062 2478 1117 2534 est
1138 2478 1316 2537 mortuus.

246 2579 300 2645 Ita
326 2572 530 2661 mulierem,
556 2595 602 2644 ne
627 2588 735 2671 partu
764 2577 844 2671 ejus
865 2575 910 2647 ab
938 2574 1138 2647 hereditate
1158 2572 1318 2646 fraterna

248 2683 515 2772 excluderetur,
546 2687 705 2772 necavit,
736 2683 855 2757 fratris
883 2699 1004 2758 autem
1033 2685 1197 2757 tiber0s⁴
1214 2683 1318 2782 prius

247 2797 319 2865 vita
341 2797 514 2892 privavit,
534 2795 715 2891 quantilli
735 2793 894 2868 hancei)
916 2812 1043 2868 natiue
1062 2799 1248 2894 proprium
1267 2795 1319 2866 lu·

249 2902 356 2978 cem⁵
382 2907 543 3004 accipere
570 2921 802 3002 potueruntt
833 2923 875 2979 ut
899 2930 1027 2979 omnes
1052 2907 1316 3005 intelligerent,

286 3157 311 3206 9.
326 3141 404 3202 Quam
427 3139 528 3202 logmata
548 3151 593 3186 cst.
607 3140 652 3188 liis
671 3139 758 3198 dictis,
801 3140 853 3199 tic,
862 3155 916 3204 quss
925 3155 969 3205 pos
977 3155 1003 3188 ss
1010 3149 1091 3188 tunm
1098 3141 1158 3189 sutis
1166 3137 1316 3190 illuditur.

250 3222 378 3283 absumpta
387 3229 430 3266 est
802 3221 899 3266 Frustra
913 3219 1019 3267 correxit
1031 3217 1165 3268 Gulielmius
1180 3239 1193 3261 ι
1203 3217 1316 3266 mortife-

287 3313 326 3348 ro.
339 3297 383 3346 Ad
390 3296 454 3345 lianc
465 3309 575 3346 murtetis.
587 3298 677 3346 Proeter
686 3315 757 3362 quatu
803 3311 857 3348 ron.
864 3299 917 3347 Etc
928 3299 1069 3363 glossemate
1079 3307 1159 3346 crtum
1169 3306 1317 3362 putaverunt

252 3378 321 3443 quod
339 3387 389 3425 tum
402 3379 529 3441 repentino
547 3387 583 3425 est
598 3389 701 3426 mortus.
720 3379 760 3426 Sic
805 3362 924 3426 Gruterus
940 3390 965 3426 ct
981 3378 1115 3426 ErnestIus.
1128 3377 1238 3425 Omnino
1251 3375 1317 3425 dulc·

252 3473 328 3522 grece
337 3455 442 3505 dicitur:
452 3454 513 3523 Πρὸς
521 3455 597 3525 τοὺτῳ
610 3456 713 3526 θανάτῳ.
805 3457 839 3505 vit
849 3457 986 3509 Schiitzius.

285 3537 331 3584 11.
353 3553 374 3584 x.
396 3537 513 3598 Fraterno
530 3537 673 3600 parricidio.
695 3536 761 3584 ottus
841 3545 866 3592 t.
881 3537 989 3586 liberos.
1003 3537 1111 3586 Verbum
1121 3535 1169 3584 lsoc
1181 3552 1228 3603 pro
1242 3535 1316 3584 unico

255 3615 351 3665 verbum
363 3616 411 3664 hoc
422 3615 452 3662 sd
463 3631 559 3664 omnem
569 3615 761 3679 consanguineo·
804 3611 869 3670 filio,
887 3616 989 3664 unicius
1001 3614 1052 3665 fltn
1067 3631 1119 3665 uon
1131 3615 1204 3664 semel
1217 3625 1317 3685 usurpat

250 3713 305 3745 rum
326 3695 416 3744 cedem
435 3695 584 3760 pertinebat,
603 3695 660 3744 idco
680 3705 759 3743 sutem
804 3693 906 3756 Cicer03
923 3705 948 3743 et
962 3695 997 3743 sic
1012 3695 1101 3760 saepius
1117 3694 1179 3756 dici,
1190 3695 1316 3744 scribitA.

250 3773 759 3841 illudusurputorutor,qnodprodigiosum
805 3773 906 3834 Gellius,
919 3776 994 3822 Noct.
1004 3775 1082 3824 Attio.
1094 3777 1127 3823 11.

233 3873 236 3880 ·
251 3853 375 3919 quoddam
384 3855 476 3902 fucinus
484 3851 614 3919 signiticet.
841 3853 864 3900 5.
879 3853 1007 3917 Propriam
1017 3851 1102 3902 luam.
1113 3855 1192 3917 Quem
1203 3853 1317 3901 omnibus

289 3951 313 3982 a.
329 3935 360 3981 Ut
372 3949 432 3982 nna.
444 3933 480 3980 Ut
489 3932 575 3981 codem
585 3947 679 3980 veneno
690 3931 762 3980 simul
805 3947 976 3992 communem,
997 3931 1103 3996 ideoque
1120 3931 1221 3997 singulis
1237 3947 1315 3998 pecu·

253 4025 277 4062 ct
288 4013 366 4061 sustris
376 4025 440 4060 uxor
450 4019 474 4058 ct
485 4010 566 4076 proles
577 4009 760 4060 interficeretur.
804 4011 887 4059 liutem
901 4011 985 4060 tribuit
998 4022 1093 4061 ustura.
1112 4012 1178 4060 Male
1190 4009 1253 4058 illud
1266 4025 1316 4074 op·

288 4094 312 4142 3.
323 4089 413 4140 Poculc
423 4090 514 4136 mortis.
523 4089 636 4140 Notuudu
644 4089 685 4138 illa
694 4090 761 4139 locu·
805 4091 865 4156 poni
879 4091 955 4140 credit
975 4089 1111 4140 sensilem
1125 4091 1183 4142 ritus
1195 4089 1315 4140 tuncrum
