2956 4676
274 383 338 455 152
581 387 629 453 M.
655 385 694 453 T.
719 382 1010 452 CICERONIS

268 528 336 602 ego
364 506 518 600 turpiter
542 525 643 601 paene
668 503 832 602 praeterii.
860 505 942 574 Mea
968 500 1065 572 enim
1088 525 1166 572 osse
1188 499 1332 575 dicitur.

269 613 443 685 Recitavit
475 637 520 684 ex
551 613 731 700 oratione,
757 611 878 684 nescio
905 635 977 709 qua
995 622 1023 700 ²,
1055 613 1190 702 Attius,
1221 636 1334 710 quam

268 749 385 798 meam
400 749 477 797 esse
490 711 649 814 dicebat,
665 724 952 796 cohortationem
964 721 1157 821 quamdam
1169 722 1335 818 judicum

268 833 315 906 ad
333 836 484 906 honeste
497 833 734 930 judicandum
750 831 777 922 ³,
802 847 837 905 et
855 833 1237 904 commemorationem
1255 844 1334 901 tum

270 947 424 1018 aliorum
446 945 681 1040 judiciorum,
707 969 787 1042 quae
811 943 966 1042 probata
983 967 1057 1017 non
1077 944 1236 1029 essent⁴,
1254 955 1335 1011 tum

270 1055 365 1128 illius
381 1059 493 1154 ipsius
507 1055 635 1151 judicii
648 1055 814 1126 Juniani:
833 1053 982 1153 perinde
996 1055 1099 1152 quasi
1117 1077 1184 1149 ego
1200 1075 1277 1125 non
1290 1049 1335 1120 ab

269 1167 375 1238 initio
401 1166 510 1260 hujus
537 1163 756 1236 defensionis
789 1163 968 1251 dixerim,
997 1160 1216 1234 invidiosum
1246 1159 1337 1231 illud

271 1272 380 1345 fuisse
402 1273 598 1370 judicium3
626 1288 706 1362 aut,
733 1297 850 1371 quum
876 1272 923 1345 de
947 1270 1092 1344 infamia
1114 1270 1337 1367 judiciorum

250 1433 259 1450 .
271 1382 512 1482 disputarem,
526 1387 707 1481 potuerim
720 1384 825 1474 iliud,
841 1381 942 1481 quod
951 1398 1024 1454 tarn
1038 1381 1215 1480 populare
1229 1394 1338 1465 esset,

176 1571 178 1582 Ι
272 1493 311 1561 in
329 1491 392 1562 iiio
406 1505 570 1590 tempore
583 1495 775 1589 praeterire.
792 1498 868 1591 Ego
882 1517 986 1580 rer0,
1005 1495 1034 1565 si
1052 1491 1142 1590 quid
1159 1489 1339 1587 ejusmodi

274 1599 368 1688 dixi,
389 1625 511 1699 neque
531 1603 717 1699 cognitum
739 1606 1035 1691 commemoravi,
1056 1625 1177 1699 neque
1197 1625 1265 1699 pro
1289 1614 1338 1671 te·

273 1711 444 1782 stimonio
458 1710 550 1800 dixir
562 1727 597 1783 et
611 1712 672 1784 iila
683 1715 798 1785 oratio
809 1717 930 1812 potius
940 1716 1112 1810 temporis
1124 1713 1214 1794 mei,
1228 1735 1338 1808 quam

272 1819 400 1915 judicii
419 1833 455 1892 ct
474 1821 724 1894 auctoritatis⁵
748 1822 828 1894 fuit.
852 1824 976 1913 Quum
998 1825 1096 1893 enim
1117 1843 1339 1905 accusarem,

253 2019 256 2028 Ι
277 1943 314 1998 et
326 1929 415 2000 mihi
434 1931 540 2003 initio
562 1935 849 2028 proposuissem,
869 1947 910 2003 ut
927 1936 1067 2003 animos
1086 1945 1123 2002 et
1140 1930 1268 2028 populi
1282 1953 1337 2000 ro·

275 2040 374 2108 mani
392 2053 428 2110 et
443 2039 607 2133 judicum
626 2065 910 2128 commoverem3
928 2063 1118 2139 quumque
1136 2065 1265 2112 omnes
1285 2037 1340 2111 of-

277 2145 457 2222 fensiones
481 2149 701 2245 judiciorum
722 2177 799 2223 non
824 2175 869 2223 ex
889 2176 970 2222 mea
994 2152 1189 2248 opinione,
1212 2149 1275 2222 scd
1297 2173 1340 2220 ex

278 2256 469 2330 hominum
496 2284 642 2332 rumore
668 2259 870 2358 proferrem
893 2286 901 2329 ε
924 2262 1027 2330 istam
1049 2278 1145 2348 rem,
1167 2281 1248 2355 quae
1269 2271 1340 2328 tarn

279 2370 503 2467 populariter
535 2381 627 2440 esset
654 2371 800 2465 agitata,
827 2369 1010 2467 praeteriro
1034 2391 1111 2450 non
1135 2368 1249 2464 potui.
1273 2365 1340 2436 Sed

280 2492 375 2548 errat
398 2476 677 2567 vehementer⁶,·
699 2481 729 2550 si
756 2480 838 2576 quis
866 2482 905 2549 in
930 2476 1155 2550 orationibus
1188 2480 1341 2564 nostris,

280 2655 381 2704 solerter
394 2656 420 2704 in
430 2673 455 2704 re
466 2658 569 2706 maxime
578 2673 694 2723 operose,
705 2673 786 2706 verse·
831 2669 860 2706 ut
868 2659 953 2722 quevis
962 2657 1056 2705 radone
1069 2656 1182 2704 clientem
1192 2656 1306 2705 defendat
1314 2673 1341 2705 ac

281 2744 330 2794 tur,
340 2745 464 2799 et,quum
478 2751 503 2784 te
515 2736 567 2800 ipse
579 2737 685 2789 refutare
696 2752 724 2784 ec
734 2736 789 2785 taut
832 2747 925 2797 terret,
944 2735 992 2784 hoc
1014 2735 1067 2784 solo
1085 2736 1185 2790 nomine
1206 2735 1251 2783 vix
1271 2751 1341 2800 porse

280 2829 381 2878 umens
403 2826 513 2879 cogatur,
537 2815 571 2864 ite
592 2831 698 2867 errorem
718 2832 788 2864 suum
833 2816 961 2874 excusari,
975 2815 1045 2878 quod
1064 2829 1144 2864 muner
1158 2831 1208 2864 eurr
1227 2816 1341 2864 inservire

281 2909 337 2950 cunr
354 2893 470 2942 universo
487 2894 582 2958 populo
598 2909 702 2953 romano
720 2909 790 2943 com·
833 2911 930 2944 necesse
945 2893 1042 2959 hebent.

282 2973 402 3032 municet,
420 2982 449 3021 ut
468 2973 542 3027 ferme
557 2974 627 3024 aliter
645 2975 723 3024 tacere
737 2990 791 3022 non
869 2989 894 3042 ²:
910 2974 1027 3032 Oratione
1037 2973 1116 3023 nescio
1126 2989 1184 3037 qua.
1200 2973 1295 3040 Nempe
1312 2991 1341 3023 ex

283 3052 523 3115 potuioevideatur.
539 3053 606 3102 liiud
625 3054 697 3105 etiam
715 3054 791 3102 adno-
833 3053 912 3118 prima
932 3053 959 3100 in
979 3054 1081 3100 Verrem
1093 3053 1197 3110 actione,
1219 3070 1274 3120 cop.
1303 3054 1342 3102 1³.
1449 3095 1450 3100 ,

283 3130 496 3190 ῐιηάιιιιι,.1(1οο1ι.
510 3132 530 3181 l.
547 3133 700 3196 reapondisse
710 3142 792 3184 ontc-
834 3135 933 3182 Poterat
945 3131 1017 3192 etiem
1030 3142 1156 3180 eccuutor
1170 3141 1195 3179 et
1209 3135 1341 3194 orationem

283 3224 349 3269 rem,
365 3208 447 3272 quod,
465 3211 486 3258 ei
505 3222 575 3261 autea
589 3211 619 3271 ds
639 3227 664 3260 se
679 3212 792 3271 dixisset,
835 3227 883 3275 pro
896 3209 962 3270 Creo.
974 3227 1014 3272 ro,
1028 3207 1071 3272 25,
1086 3212 1193 3260 etVerr.
1208 3213 1233 3272 1,
1252 3214 1342 3271 61,re·

284 3286 388 3336 muitum
398 3289 445 3352 ipsi
458 3289 489 3336 de
499 3292 695 3340 menuctoritnre
708 3291 793 3338 inuret
835 3291 919 3340 citare.

286 3364 428 3418 detructum.
439 3367 574 3432 Oportebat
583 3371 648 3418 enim
657 3371 725 3434 prius
734 3385 793 3434 pm-
873 3370 896 3417 3.
916 3371 960 3420 Ad
972 3369 1073 3418 donem
1083 3368 1253 3434 judicandum.
1271 3371 1309 3434 Ne
1328 3387 1342 3417 e

284 3441 338 3498 heri
348 3443 374 3494 id
384 3445 503 3506 judicium
516 3445 547 3493 ab
559 3448 697 3510 Oppianico
708 3464 794 3502 corru-
837 3451 913 3504 Verre
922 3449 1033 3514 corrupti
1041 3449 1267 3514 prevaricareutur.

286 3533 373 3589 ptum,
389 3534 414 3575 et
427 3523 552 3578 universos
565 3525 629 3572 circe
646 3527 792 3576 turbulentis
872 3536 897 3588 t.
910 3530 1022 3588 Brobata
1035 3545 1083 3576 non
1095 3540 1182 3586 esseut.
1197 3529 1300 3580 Publice
1309 3545 1343 3578 es·

287 3602 384 3664 Quintii
401 3590 561 3658 conditoribus
580 3603 653 3652 tutae
672 3605 699 3652 iu
721 3607 791 3669 pejus
835 3619 890 3656 rent
900 3609 1017 3672 opinione
1029 3609 1149 3658 damnate.

285 3691 364 3741 actos,
383 3697 433 3745 quo
446 3680 539 3735 facilius
557 3684 693 3740 communie
704 3687 791 3735 erroris
871 3687 897 3734 5.
908 3685 1076 3736 Auctoritatis.
1096 3687 1263 3751 potiusquam
1275 3686 1343 3752 qnid·

286 3760 382 3823 culpem
392 3772 418 3808 et
427 3761 479 3824 ipse
488 3758 666 3823 deprecaretur.
678 3765 790 3825 Ceterum
836 3782 907 3830 quam
921 3759 967 3821 hac
977 3766 1004 3814 in
1019 3783 1045 3816 re
1062 3766 1207 3816 auctoritate
1220 3783 1273 3814 mee
1283 3781 1342 3814 esse·

288 3849 313 3886 et
329 3839 453 3900 {amodum
469 3836 531 3886 illud
545 3839 647 3887 omnino
663 3852 702 3900 ,cst
714 3853 793 3893 toturn
836 3845 922 3892 vereri.

286 3917 352 3976 hunc
374 3917 471 3976 locum,
492 3934 544 3981 quo
568 3917 675 3968 nobilem
695 3922 794 3984 patroni
872 3921 896 3967 6.
910 3919 1159 3970 Erratuedementer.
1177 3921 1218 3969 Ad
1228 3919 1342 3979 huncne·
1447 3919 1448 3934 ¹

287 3995 453 4054 conditionem
472 3995 601 4061 deprimit,
622 4015 746 4064 unumque
770 4001 793 4047 ei
836 4017 883 4064 que
900 3999 982 4050 locum
1000 4001 1122 4063 obiectum
1139 4001 1186 4048 sibi
1199 4001 1302 4051 levitatis
1318 4009 1340 4046 et

286 4074 441 4150 propositum
459 4073 533 4124 finem
552 4077 687 4142 predicat,
706 4093 792 4142 nempe
835 4079 1112 4145 inconstantiaeccimen,
1123 4095 1178 4128 rere
1190 4081 1248 4131 setis
1259 4079 1338 4138 diluis
