2912 4654
210 396 276 469 136
523 395 572 463 Μ.
597 397 635 462 Τ.
663 394 945 464 CICERONIS

201 511 355 609 pularia,
375 508 542 580 seditiosa
562 505 698 602 judicia
720 505 878 608 fuerunt.
899 509 1014 576 Esto:
1043 499 1163 600 potnit
1189 527 1272 575 esse

201 623 378 692 innocens
395 618 544 690 Falcula.
558 623 636 688 Jam
650 639 735 713 ergo
750 615 877 713 aliquis
896 613 1139 711 Oppianicum
1159 615 1271 710 gratis

202 728 471 814 condemnavit3
489 728 561 823 jam
577 751 651 798 non
666 751 727 799 eos
738 731 757 796 J
760 727 867 796 unius
882 723 1100 796 subsortitus
1114 736 1188 810 est,
1202 725 1270 819 qui

200 842 354 936 pecunia
368 851 512 934 accepta
528 835 831 923 condemnarent3
850 835 921 929 jam
941 835 1062 932 potuit
1078 833 1207 930 aliquis
1220 831 1269 903 ab

201 950 306 1020 initio
325 974 400 1021 non
419 948 569 1036 sedisse,
596 963 631 1018 et
653 961 774 1018 tamen
795 945 1035 1043 Oppianicum
1052 943 1162 1041 gratis
1179 967 1269 1013 cou-

201 1056 399 1132 demnasse.
420 1063 573 1146 Verum,
594 1059 634 1128 si·
649 1061 825 1128 innocens
845 1053 1001 1142 Falcula,
1021 1076 1164 1150 quaeso,
1186 1052 1270 1149 quis

201 1165 382 1240 nocens5?
393 1172 420 1239 si
429 1168 489 1240 hic
497 1169 603 1266 gratis
617 1165 889 1254 condemnavit,
907 1167 989 1262 quis
998 1163 1270 1261 accepithego

199 1301 279 1348 rem
298 1301 373 1348 esse
388 1277 497 1349 ullam
512 1279 549 1348 in
570 1301 792 1374 quemquam
809 1276 955 1347 illorum
969 1273 1169 1369 objectam,
1189 1297 1272 1370 quae

200 1384 420 1478 Fidiculanio
433 1386 573 1483 objecta
587 1411 662 1458 non
681 1387 746 1474 sit;
772 1381 917 1484 neque⁶
937 1382 1073 1481 aliquid
1096 1379 1205 1454 baisse
1229 1384 1271 1451 in

200 1495 408 1568 Fidiculanii
432 1521 556 1585 causa,
576 1496 676 1594 quod
690 1495 784 1569 idem
798 1521 875 1567 non
886 1509 978 1566 esset
997 1495 1033 1563 in
1053 1507 1269 1564 ceterorum.

201 1609 273 1676 Aut
300 1605 369 1678 boc
390 1606 589 1702 judicium⁷
617 1603 861 1703 reprehendas
890 1619 949 1689 tu,
967 1603 1072 1697 cujus
1092 1603 1272 1672 accusatio

201 1715 310 1786 rebus
320 1716 488 1812 judicatis
499 1719 564 1788 niti
579 1716 787 1803 videbatur,
804 1738 948 1787 necesse
964 1728 1035 1801 est3
1055 1727 1139 1799 aut,
1155 1717 1184 1783 si
1198 1710 1272 1784 hoe

202 1850 327 1897 verum
352 1851 428 1898 esse
448 1825 638 1915 concedis,
661 1827 902 1924 Oppianicum
925 1823 1033 1922 gratis
1052 1821 1272 1894 condemna·

202 1948 281 2004 tum
300 1959 376 2007 esse
395 1935 536 2009 fateare.

251 2047 479 2143 Quamquam
516 2050 599 2118 satis
630 2070 761 2142 magno
793 2057 1008 2141 argumento
1027 2067 1115 2116 'esse
1143 2043 1273 2130 debet,

202 2153 303 2250 quod
313 2179 357 2224 ex
367 2169 441 2225 tam
456 2155 578 2226 multis
591 2154 788 2249 judicibus,
802 2153 969 2225 absoluto
985 2153 1146 2242 Falcula,
1161 2178 1272 2225 nemo
1373 2227 1378 2236 ,

202 2288 287 2334 reus
309 2263 424 2336 faetus
447 2280 511 2336 est.
540 2262 637 2356 Quid
660 2266 755 2336 enim
782 2262 872 2333 mihi
900 2261 1088 2335 damnatos
1114 2262 1273 2334 ambitus

203 2373 386 2470 colligitis,
404 2375 471 2445 alia
488 2375 587 2472 lege,
607 2375 712 2446 certis
735 2372 966 2457 criminibus,
993 2372 1157 2470 plurimis
1177 2377 1274 2446 testi-

201 2482 292 2554 bus?
310 2507 423 2578 quum
443 2487 600 2580 primum
618 2484 670 2554 illi
688 2485 757 2581 ipsi
771 2482 964 2555 debuerint
975 2484 1097 2579 potius
1115 2488 1273 2556 accusari

201 2592 247 2662 de
266 2596 428 2689 pecuniis
449 2593 678 2691 repetundis,
715 2616 824 2689 quam
853 2592 1020 2663 ambitus.
1052 2596 1165 2682 Nam,
1187 2595 1217 2666 si
1233 2596 1271 2664 in

202 2699 360 2772 ambitus
379 2701 520 2795 judiciis
539 2703 609 2775 hoc
627 2704 684 2774 his
702 2701 835 2788 obfuit,
861 2727 976 2798 quum
999 2702 1065 2774 alia
1086 2704 1164 2801 lege
1189 2727 1273 2776 cau·

202 2835 278 2884 sam
297 2811 474 2899 dicerent;
488 2829 601 2902 certe,
625 2817 654 2884 si
672 2818 817 2912 propria
838 2812 916 2909 lege
929 2813 1037 2909 hujus
1054 2817 1191 2911 peccati
1207 2813 1272 2886 ad-

203 2921 303 2992 ducti
324 2937 462 3011 essent,
485 2923 600 2994 multo
616 2923 697 3023 plus
719 2921 907 2994 obfuisset.
933 2923 1093 3009 Deinde,
1118 2926 1145 2994 si
1173 2939 1273 2996 tanta

201 3029 278 3104 vis8
295 3030 363 3102 fuit
378 3033 480 3104 istius
495 3035 670 3122 criminis,
689 3046 748 3120 ut,
767 3057 839 3129 qua
858 3033 1036 3130 quisque9
1055 3033 1132 3129 lege
1144 3059 1189 3105 ex
1202 3033 1273 3105 illis

238 3249 264 3297 5.
289 3248 349 3312 Quis
369 3249 476 3298 noceas?
497 3250 559 3312 Quis
577 3259 674 3314 accepta
697 3265 710 3296 a
754 3247 900 3311 corruptele
915 3249 1039 3312 suspicio,
1057 3260 1085 3297 ut
1099 3249 1203 3313 quilibet
1217 3251 1273 3314 Op-

201 3327 315 3379 Cluentio
341 3329 444 3393 pecunia
474 3329 638 3395 Oppianicum
667 3329 711 3376 dn·
755 3326 845 3391 pianici
868 3326 960 3388 judex,
984 3343 1141 3392 quocumque
1167 3329 1270 3377 nornine

203 3409 315 3456 mneviti’
756 3414 915 3464 tenuaretur,
939 3416 1061 3470 umqum
1079 3418 1209 3471 corruptus
1227 3406 1273 3454 da·

238 3487 265 3535 6.
282 3487 375 3552 Neque.
393 3487 463 3536 Idem
477 3489 570 3536 Ernest.
584 3485 711 3551 legendum
758 3495 892 3532 sanaretur.

203 3586 254 3618 esee
266 3577 336 3632 putat
351 3583 422 3632 nego.
438 3567 562 3630 Repetitio
578 3566 643 3622 enirn
656 3580 715 3613 eon·
795 3580 819 3625 9.
835 3564 862 3610 B.
873 3561 1013 3622 Weislins,
1032 3579 1078 3626 pro
1093 3580 1144 3627 qua
1156 3562 1275 3628 quisque,

202 3648 307 3698 cinnior.
317 3650 333 3695 J
336 3682 341 3694 .
352 3642 382 3694 V.
396 3647 424 3696 L.
757 3641 885 3706 legendum
892 3652 963 3706 putat
969 3657 1131 3707 quarumque.
1141 3642 1188 3690 Sed
1196 3659 1273 3706 quum

238 3747 262 3790 7.
275 3729 327 3774 Hoc
331 3725 460 3792 judicium.
472 3723 575 3772 Necesse
585 3733 620 3769 est
629 3722 709 3770 utboe
757 3737 808 3770 vox
817 3721 916 3786 quisque
927 3722 954 3768 in
963 3722 1075 3769 oratione
1087 3721 1128 3769 hie
1139 3724 1274 3772 aeconomia

200 3823 250 3872 quo
261 3805 358 3854 Falcula
369 3803 495 3852 absolutus
506 3812 542 3850 est
551 3801 670 3864 judicium
683 3811 710 3848 tu
754 3802 800 3859 sit,
814 3801 872 3848 ‘vero
886 3799 983 3848 videtur
999 3801 1117 3861 similius,
1132 3813 1275 3866 oratorem,

200 3889 285 3934 salsum
304 3900 354 3932 esse
371 3882 518 3938 contendas,
540 3897 616 3944 quum
630 3890 710 3928 umen
753 3889 781 3928 ut
790 3879 876 3926 vitaret
889 3879 952 3926 barte
962 3881 1116 3942 asperitatem
1128 3881 1196 3938 soni,
1207 3898 1274 3944 qaeu·

126 3957 129 3962 ¹
200 3977 266 4014 tuam
282 3964 461 4012 accusationem
476 3961 503 4008 in
518 3961 626 4025 priorum
640 3959 708 4022 iudi·
752 3975 854 4023 cumque
868 3959 982 4023 quisque,
997 3958 1271 4021 potinsanrinmjndi-

199 4045 293 4091 ciorum
306 4041 602 4090 auctoriuteconstitum.
752 4039 831 4096 cium,
858 4053 930 4100 qaam
954 4039 1165 4101 grammaticorum
1188 4037 1269 4102 legem

235 4124 260 4171 8.
276 4121 302 4168 Si
314 4131 384 4169 tauta
398 4120 443 4167 vis.
456 4118 480 4166 Si
493 4127 557 4166 muta
570 4128 631 4166 esset
643 4117 708 4166 illins
752 4128 888 4180 sequutum.
898 4120 921 4168 J·
931 4119 962 4164 V.
976 4117 1002 4164 L.
