2958 4670
170 406 443 425 mmu⁸u⁸ffl=n
447 407 996 436 utmtummwmmns
1001 405 1228 428 nummatam

419 540 1039 690 insnnnnrnn.'

171 784 259 844 Nonis
273 784 476 850 decembribus
491 790 528 865 (5
545 789 718 869 decemb),
740 789 870 850 seeundo
888 803 956 868 post
974 788 1102 848 babitain
1122 787 1159 848 sd
1179 807 1236 866 po-

209 882 308 958 pulum
324 883 494 944 concionem
509 884 574 957 die,
593 888 695 946 Cicero
715 907 806 964 quum
821 887 852 946 id
867 887 964 965 parari
985 907 1002 944 ii
1018 885 1235 962 conjuratorum

169 1015 175 1024 ·
210 977 321 1038 libertis
334 1001 368 1040 ac
382 981 535 1042 clientibus
549 983 735 1062 intelligeret,
750 1000 783 1046 ut
798 1005 848 1043 eos
863 985 892 1042 iii
906 985 1069 1062 eriperent,
1088 995 1236 1042 materan-

208 1074 278 1134 duni
294 1089 393 1150 ratiis,
407 1077 553 1157 dispositis
567 1081 724 1159 praesidiis,
740 1084 782 1142 iiti
795 1103 841 1142 res
857 1094 943 1160 atque
957 1093 1071 1160 tempus
1086 1077 1238 1150 inauditi,

208 1186 310 1238 senatu
323 1175 354 1234 in
371 1177 509 1256 temptum
524 1180 606 1240 Jovii
616 1180 739 1241 Statoris
752 1194 932 1254 convocato,
948 1180 1038 1239 rsiert
1051 1178 1124 1257 qnid
1140 1177 1178 1236 de
1191 1177 1237 1235 his

210 1269 271 1328 fleri
295 1271 422 1348 placeat,
444 1275 495 1351 qui
518 1275 548 1334 iii
571 1275 734 1336 ennodium
750 1276 847 1336 traditi
863 1290 953 1336 erant
978 1275 1118 1349 Quamuis
1140 1288 1236 1332 aiitein

209 1368 308 1444 paullo
322 1381 388 1428 ante
408 1371 544 1448 frequens
556 1387 673 1434 senatus
688 1373 876 1452 judicavisset
897 1393 947 1432 iios
961 1387 1062 1432 contra
1076 1369 1235 1448 iempiibli-

209 1483 274 1524 cam
294 1466 408 1539 secisse,
424 1489 484 1529 non
502 1485 598 1530 tiimen
611 1471 680 1530 huia
695 1471 792 1530 ordini
807 1470 858 1530 illa
874 1489 1010 1530 ennoean
1023 1481 1151 1548 potestas
1162 1479 1237 1536 erat,

210 1574 244 1620 ut
263 1563 292 1622 in
314 1582 366 1624 eos
378 1579 471 1628 morte
488 1568 740 1628 nniinadverterot.
761 1569 846 1627 Adde
862 1565 942 1646 qnod
962 1565 1075 1644 legibus
1092 1564 1195 1622 Porcii
1208 1575 1238 1619 et

210 1662 380 1737 sempronii
403 1662 579 1736 cavebatur,
590 1685 627 1724 ue
640 1665 706 1742 quis
715 1666 785 1724 airis
797 1685 933 1723 romanus
946 1664 1044 1742 cispite
1056 1676 1106 1720 nsit
1117 1661 1236 1732 exsilio,

211 1756 265 1814 nisi
279 1760 448 1820 centuriatis
456 1763 590 1834 comitiis,
601 1764 782 1823 multaretur.
792 1769 900 1822 Vannii
914 1761 1091 1820 diffioilliinis
1103 1759 1240 1836 tempori·

210 1851 265 1910 biis
275 1853 349 1912 illiid
361 1853 417 1916 sibi
426 1857 500 1934 Juris
511 1857 683 1936 arrogabat,
705 1873 738 1918 iit
750 1857 886 1932 omnibus
894 1858 971 1916 inter
984 1858 1080 1933 legiini
1098 1855 1237 1914 observa-

211 1949 317 2008 tionem
338 1952 439 2030 reique
460 1953 585 2032 piiblicae
606 1975 750 2014 summum
771 1954 927 2014 discrimen
946 1953 1093 2030 abruptis,
1117 1953 1182 2012 illas
1201 1948 1238 2009 ad

210 2060 324 2126 tenipus
334 2052 499 2132 negligeret.
509 2053 557 2114 si'c
570 2056 620 2130 Sp.
632 2053 754 2122 Melius,
767 2051 907 2128 Grncclii,
917 2051 1090 2110 Saturninus
1107 2070 1141 2108 sc
1152 2049 1240 2110 Glan-

210 2145 252 2202 cia
270 2149 517 2208 senatusconsulto
538 2149 626 2208 oocisi
645 2159 731 2220 sunt,
754 2168 813 2224 qno
836 2147 954 2206 armatis
972 2145 1139 2204 consulibus
1162 2145 1240 2204 cives

211 2242 356 2302 universos
376 2245 412 2302 aid
436 2243 648 2305 defendendam
676 2243 884 2322 rempublican
910 2263 1015 2304 vocare
1036 2241 1152 2313 licebat.
1178 2245 1239 2300 Hac

210 2337 342 2413 prinnini
355 2353 518 2418 temporum
538 2343 710 2402 auctoritate
727 2343 818 2402 [retiis
835 2353 952 2400 sentitus
967 2340 1005 2400 de
1021 2339 1239 2416 conjuratorum
1273 2324 1278 2333 ’

210 2454 294 2512 poena
311 2435 522 2498 deliberaturus
538 2441 682 2499 contenit.
704 2437 1106 2506 nominatissimus,
1129 2436 1239 2514 pridias

210 2534 379 2594 sententiam
395 2549 528 2613 togatus,
555 2537 635 2614 qnod
650 2557 686 2596 eo
703 2551 833 2615 tempore
852 2536 953 2596 consul
975 2535 1138 2611 designatus
1160 2545 1239 2602 erat,

209 2630 246 2690 de
266 2630 311 2690 liis
324 2633 375 2708 qui
390 2634 420 2690 iii
435 2633 596 2694 custodiam
614 2633 796 2702 tenebantur,
806 2633 982 2710 supplicio·
996 2629 1169 2706 sumendum
1183 2629 1258 2687 de·-

209 2729 311 2790 crevit.
330 2731 363 2788 In
379 2731 510 2792 eamdem
523 2731 694 2792 sententiani
709 2729 808 2790 ditiore
823 2734 962 2800 Murena,
985 2728 1094 2804 collega
1110 2726 1190 2802 ejus,
1211 2739 1242 2783 et

210 2826 340 2904 plnriqiie
349 2831 515 2892 consulares
527 2851 560 2888 ae
569 2841 733 2902 senatores,
743 2828 837 2886 donec
851 2829 883 2884 C.
895 2829 1003 2892 Casan„
1011 2823 1143 2900 pontifex
1154 2825 1241 2882 maiii-

210 2943 284 2994 titus,
297 2940 406 3000 praetoi·
415 2926 590 3003 designatus,
606 2923 768 2984 orationem
775 2924 852 2982 lianc
863 2920 966 2979 bobnit
978 2919 1116 2978 meditito
1128 2933 1240 2998 tempe-

211 3034 340 3080 ramento
367 3023 520 3098 scriptam,
549 3043 608 3100 qua
635 3020 826 3100 publicandas
848 3019 1065 3098 oonjiirntorum
1086 3019 1238 3095 pecunias.

209 3129 238 3173 et
253 3117 331 3192 ipsos
347 3119 513 3182 insineiilis
530 3140 582 3196 per
598 3120 755 3198 municipia
768 3117 920 3177 habendos
939 3117 980 3174 ita
995 3113 1131 3174 censebat
1145 3128 1177 3173 nt
1190 3133 1240 3173 eos

209 3232 325 3273 servare
335 3215 456 3274 ouudoo
465 3213 539 3274 velle
552 3215 708 3277 videietur.
722 3221 759 3274 Et
770 3234 870 3274 omnes
883 3214 910 3272 ei
920 3211 1165 3283 assentiebantur3
1178 3212 1240 3289 ipse

210 3311 320 3370 Sittium
341 3311 405 3388 ejus
424 3311 558 3372 oratione
572 3325 739 3389 permotis,
764 3309 889 3390 pedibus
903 3310 933 3368 iii
945 3310 1116 3368 sententiam
1127 3307 1238 3370 'liberii

209 3409 332 3468 Neronis
348 3409 456 3468 iturum
468 3429 498 3468 sc
512 3385 625 3468 dixerai
635 3451 643 3479 ,
655 3409 736 3486 qnod
746 3409 783 3467 de
798 3427 832 3466 ea
847 3427 892 3476 re,
908 3405 1048 3484 praesidiis
1060 3405 1181 3478 iddin's,
1195 3427 1239 3466 re-

209 3507 358 3566 lerenduin
373 3520 530 3566 censuerat.
558 3512 593 3566 lii
607 3507 722 3566 mitiora
736 3507 855 3568 consilio
866 3505 1010 3564 inclinatis
1027 3505 1145 3576 animis,
1160 3506 1240 3564 soliis

209 3605 315 3662 oiistitit
331 3605 433 3664 Cicero
446 3605 498 3682 qiii
512 3604 673 3681 composita
684 3605 805 3663 Coesaris
816 3601 905 3661 verbs
917 3602 972 3661 bac
991 3601 1122 3659 oratione
1136 3601 1238 3658 redar-
1271 3626 1277 3647 i

209 3712 325 3775 gomet,
348 3721 436 3776 quain
452 3701 552 3760 invido
567 3699 686 3759 silentio
702 3699 854 3759 Sallustios
871 3697 1063 3776 praetermisit.
1082 3701 1156 3756 Tiim
1173 3715 1238 3754 mu-

211 3799 274 3854 tai‘is
297 3797 402 3858 iterum
423 3800 586 3868 sententiis,
608 3803 680 3858 Cato
701 3811 831 3856 senatum
852 3815 969 3856 omnem
995 3797 1025 3853 in
1052 3815 1118 3854 suas
1140 3807 1238 3873 partes

211 3894 382 3968 transmisit,
395 3913 493 3953 severa
510 3896 558 3954 itta
574 3917 608 3954 io
629 3895 721 3954 nobili
734 3896 892 3964 cendone,
912 3893 1016 3970 quain
1031 3897 1189 3963 Cursarem,
1205 3907 1237 3950 iit

163 3999 165 4003 '
212 3991 530 4062 tiistaturPliitardiiis‚
545 3993 698 4054 fortissime
710 4006 754 4052 ost
765 3993 902 4050 inierim.

251 4087 353 4146 Cicero
378 4100 471 4145 autnni
486 4088 610 4147 dicendo
624 4089 660 4148 od
677 4089 705 4146 id
719 4099 846 4166 spectat,
869 4085 973 4163 partini
989 4099 1020 4142 iit
1037 4088 1176 4144 Casiisin
1193 4105 1236 4143 re-
