3020 4666
250 365 321 454 254
570 367 619 437 Μ.
645 368 683 436 Τ.
710 369 1006 440 CICERONIS

248 489 413 592 piebam,
431 485 528 586 ¹quid
552 488 772 586 cogitarent,
795 513 1027 587 cognoscere.
1056 493 1199 564 Etenim
1223 493 1323 566 arbi-

247 601 390 690 trabar,
420 598 594 696 quoniam
619 597 750 672 eodem
774 624 871 672 anno
896 601 1045 698 gerendi
1070 602 1178 676 nobis
1201 620 1325 677 essent

247 715 494 809 magistratus,
517 732 595 781 esse
624 707 784 807 aliquam
806 726 977 809 oportere
997 713 1093 786 iuter
1112 739 1181 786 nos
1199 717 1322 814 reipu-

246 822 350 896 blicae
372 820 467 893 bene
486 820 776 892 administrandae
798 824 1016 895 societatem.
1030 825 1153 914 Quum
1173 825 1322 899 familia·

249 930 337 1008 riter
358 957 417 1005 me
438 933 477 1003 in
498 956 628 1003 eorum
652 956 853 1005 sermonem
875 935 1098 1007 insinuarem
1117 960 1158 1008 ac
1177 936 1321 1028 darem,

248 1044 409 1132 celeber,
439 1041 680 1132 excludebam
704 1057 763 1132 et,
789 1069 903 1141 quum
933 1044 1183 1136 ostenderem,
1212 1050 1243 1118 si
1263 1047 1323 1118 lex

249 1157 347 1228 utilis
370 1153 469 1254 plebi
486 1177 643 1225 romaum
665 1153 754 1224 mihi
776 1154 970 1244 videretur,
989 1171 1175 1227 auctorem
1195 1181 1255 1228 me
1271 1171 1323 1227 at·

249 1291 322 1364 que
342 1265 544 1362 adjutorem
565 1261 764 1352 futurumi,
779 1279 901 1338 tamen
921 1265 1209 1365 aspernabantur
1226 1267 1322 1339 banc

247 1376 499 1450 liberalitatem
526 1397 663 1462 meam3
686 1373 890 1470 negabant,
908 1401 967 1450 me
985 1376 1115 1450 adduci
1136 1401 1260 1477 posse,
1280 1391 1323 1449 ut

247 1485 381 1564 ullam⁵
408 1484 634 1582 largitionem
663 1483 869 1581 probarem.
900 1488 1027 1558 Finem
1053 1485 1123 1559 leci
1142 1484 1323 1559 offerendi

248 1601 342 1687 mei,
361 1623 408 1670 ne
425 1595 519 1668 forte
537 1619 618 1666 mea
639 1592 809 1669 sedulitas
831 1611 893 1668 aut
914 1598 1103 1686 insidiosa,
1120 1612 1184 1670 aut
1201 1598 1322 1696 impu·

247 1709 339 1782 dens
352 1705 546 1778 videretur.
565 1709 709 1776 Interea
726 1730 802 1778 non
820 1705 1040 1779 desistebant
1057 1709 1149 1780 clam
1166 1711 1265 1780 inter
1283 1731 1323 1782 se

247 1818 465 1904 convenire,
487 1815 846 1913 privatosquosdam
870 1817 1061 1908 adhibere,
1079 1818 1122 1890 ad
1141 1841 1227 1890 suos
1246 1843 1320 1890 coe·
1370 1816 1376 1826 ’

247 1946 308 2002 tus
320 1925 483 2000 occultos
498 1939 643 1996 noctem
659 1925 876 2024 adjungere,
892 1943 928 2000 et
942 1928 1174 2000 solitudinem
1184 1926 1212 2000 ⁶.
1230 1929 1321 2017 Qui-

245 2041 317 2114 bus
335 2038 445 2110 rebus
465 2051 605 2134 quanto
627 2037 666 2107 in
684 2052 786 2109 metu
807 2035 998 2125 fuerimus,
1017 2064 1062 2110 ex
1081 2053 1200 2111 vestra
1221 2037 1321 2111 solli·

246 2150 420 2237 citudine,
433 2149 471 2218 in
491 2171 564 2245 qua
578 2146 647 2219 illis
656 2147 886 2246 temporibus
903 2146 1040 2238 fuistis,
1055 2146 1160 2220 facile
1176 2150 1320 2246 assequi

133 2351 136 2358 Ι
246 2262 455 2358 conjectura
474 2260 649 2356 poteritis.

295 2376 429 2443 Ineunt
451 2366 620 2440 tandem⁷
641 2370 870 2465 magistratus
883 2367 1021 2440 tribuni
1036 2367 1174 2468 plebis3
1190 2373 1320 2442 concio

245 2478 393 2550 tandem
418 2491 621 2575 exspectata
630 2474 647 2520 ⁸
674 2481 712 2548 P.
739 2477 854 2568 Rulli,
875 2469 976 2573 quo'd
999 2494 1035 2550 et
1054 2481 1223 2579 princeps
1245 2467 1322 2554 erat

154 2599 169 2612 “
245 2590 390 2687 agrariae
410 2587 516 2685 legis,
533 2602 569 2660 et
586 2586 824 2659 truculentius
838 2611 875 2659 se
892 2586 1059 2684 gerebat,
1072 2613 1182 2685 quam
1197 2593 1320 2663 ceteri.

244 2707 323 2772 Jam
342 2699 566 2796 designatus,
583 2699 656 2770 alio
673 2697 777 2768 vultu
786 2709 813 2786 9,
831 2697 901 2769 alio
922 2699 1018 2768 vocis
1036 2723 1148 2786 sono,
1169 2700 1240 2771 alio
1262 2701 1320 2772 in·

244 2835 348 2904 cessu
368 2833 445 2884 esse
465 2807 720 2896 meditabatur,
746 2808 878 2880 vestitu
903 2803 1141 2899 obsoletiore,
1163 2833 1320 2909 corpore

245 3029 348 3080 mnino
361 3039 386 3075 at
398 3025 534 3090 integrum,
545 3024 609 3073 nibil
624 3039 656 3073 ex
672 3039 757 3072 eornm
801 3015 1072 3083 blandientemque
1081 3019 1180 3068 tandem
1190 3021 1255 3070 clara
1263 3021 1321 3072 luca

242 3108 476 3170 condilianmquanr
488 3104 757 3168 oognovtnnqmmtu
801 3107 946 3162 eruperunt.

243 3203 312 3236 anana
325 3189 360 3234 eia
372 3201 446 3251 apem
457 3185 531 3232 inerit
544 3184 678 3248 pollicitus.
838 3193 862 3237 ¹7.
880 3179 969 3226 Inermt
981 3177 1089 3226 tandem.
1102 3178 1180 3227 Sicuti
1194 3191 1251 3229 ante
1259 3197 1320 3229 con·

280 3270 305 3326 4.
330 3269 464 3314 Auctorem
482 3279 521 3310 aar
534 3273 607 3328 atque
620 3261 757 3328 adjutorem
802 3255 866 3304 aulea
878 3255 970 3304 tribuni
990 3255 1188 3319 designabantur,
1205 3258 1240 3306 ita
1259 3273 1319 3310 ante

238 3345 359 3406 fiturum.
374 3345 438 3392 Tota
453 3342 499 3391 bac
518 3342 659 3390 narratione
672 3339 758 3388 odium
802 3349 845 3384 eoa
855 3335 1020 3398 magistratum
1033 3335 1137 3383 inibant.

242 3427 268 3473 in
278 3423 392 3472 mibunos
401 3423 520 3481 concitam
535 3435 640 3485 namquo
651 3419 672 3466 si
683 3418 759 3468 tribu·
838 3417 862 3465 8.
872 3415 1033 3478 Gunelnonj.
1044 3427 1206 3480 exspectatur.
1216 3419 1276 3466 tv.
1286 3421 1317 3469 L,

240 3505 267 3552 ni
277 3503 356 3569 plebis
365 3503 455 3551 bonam
464 3501 542 3565 legem
554 3501 656 3548 subrent
668 3498 754 3555 laturi,
837 3511 864 3560 9.
874 3495 933 3543 Alica
943 3495 1077 3558 vulanQui
1084 3495 1173 3560 populi
1182 3497 1319 3560 captabant

238 3599 314 3648 qnare
327 3581 434 3632 consulit
448 3581 617 3629 anctoritatem
633 3587 659 3626 et
672 3587 756 3641 patro·
801 3575 912 3635 animoa,
935 3585 1046 3624 veterum
1069 3589 1121 3623 non
1142 3578 1318 3627 tantummodo

239 3663 332 3711 ciuium
350 3660 519 3710 monument?
799 3669 878 3703 arom
886 3688 894 3715 ,
903 3653 946 3702 aad
957 3665 981 3701 et
990 3652 1101 3701 babitnrn
1114 3667 1215 3718 quoqne
1226 3671 1320 3720 corpo·

278 3743 305 3792 5.
327 3743 362 3790 Ut
374 3741 461 3790 ullam.
475 3738 538 3786 MSS
551 3735 634 3800 plnrca
653 3744 678 3781 et
695 3733 752 3784 edd.
798 3733 832 3781 ria
843 3743 868 3782 et
881 3733 974 3782 cultum
986 3731 1245 3797 mentiebantur,qno
1258 3735 1320 3782 inte·

240 3821 319 3870 mm,
798 3827 864 3878 grant
881 3812 999 3872 majorum
1013 3819 1118 3859 mentem
1135 3811 1227 3859 reterre
1247 3811 1318 3859 vide-

275 3903 302 3950 o.
318 3897 488 3948 Solitudinem.
502 3894 753 3945 Nonanimoscessat
797 3902 889 3940 rentur.
914 3889 1114 3956 itaqueliullnt,
1132 3893 1257 3954 tamquani
1270 3893 1317 3942 nni

239 3983 265 4028 in
275 3981 354 4044 legam
367 3977 434 4025 illam
444 3989 614 4034 commovere3
626 3983 679 4022 toto
688 3973 753 4020 enim
796 3971 844 4034 legi
853 3970 975 4029 studeret,
988 3968 1099 4034 corporis
1109 3983 1192 4016 curam
1202 3969 1318 4033 neglexe-

238 4061 287 4107 taoc
298 4059 391 4123 capite,
410 4056 540 4105 tribunum
553 4065 675 4117 tamquam
693 4051 753 4099 insi·
796 4061 849 4110 rat,
864 4065 914 4114 qno
923 4051 1039 4112 maium
1052 4047 1083 4096 de
1092 4060 1195 4112 aespctn
1207 4047 1316 4104 attidem

239 4137 357 4190 atticam
372 4135 496 4202 depingit,
509 4143 584 4182 noctu
599 4148 628 4179 ac
648 4130 753 4180 tenebris
797 4130 938 4178 concitaret.
