2912 4654
346 349 541 419 ortano
563 351 666 423 rao
691 353 730 422 a.
758 351 1033 424 uuuaurro.
1154 375 1219 448 ιη
1249 301 1252 308 ’

153 469 355 546 Cluentius.
386 475 468 542 Haec
495 485 617 542 autem
639 497 698 544 res
719 471 831 546 habet
848 471 919 546 hoc
938 486 1055 560 certe,
1073 486 1114 544 ut
1133 471 1224 545 nihil

149 585 406 680 possitneque
425 581 608 670 additum,
634 609 754 680 neque
773 581 1042 654 detractumde
1060 607 1099 656 re
1119 581 1221 656 lami*

150 691 231 762 liari
251 691 380 764 latere,
393 692 487 763 Anni
508 707 594 764 sunt
614 690 738 781 octol,
756 717 870 791 quum
890 693 955 764 ista
978 717 1085 766 causa
1103 694 1139 764 in
1157 695 1225 766 ista

148 801 389 876 meditatione
410 818 595 890 versatim,
622 828 739 901 quum
767 804 910 894 omnia,
944 827 1151 900 qua-nuuc
1177 801 1224 874 ad

149 936 233 984 eam
254 935 333 984 rem
357 914 561 1010 pertinent,
586 928 622 986 et
647 939 692 984 ex
715 914 840 1010 hujus,
862 928 899 985 et
924 937 969 984 ex
992 913 1147 986 aliorum
1169 927 1223 984 ta·

149 1019 273 1111 bulis,
301 1021 463 1117 agitatis,
492 1023 669 1110 tractatis,
699 1024 908 1120 inquiritis:
942 1048 1056 1121 quum
1085 1024 1224 1096 interea

151 1129 377 1202 Cluentianae
385 1134 546 1228 pecunias
555 1134 747 1227 uestigium
755 1132 900 1204 nullum
915 1132 1098 1210 invenitis.¹
1106 1132 1226 1222 Quid?

150 1239 330 1311 Attianae
346 1243 512 1338 ,pecunia
537 1243 743 1338 vestigiisne
765 1239 872 1318 nobis
885 1250 917 1284 ¹⁰
942 1241 1129 1314 odoranda
1148 1257 1223 1331 est,

150 1375 197 1422 an
211 1351 256 1422 ad
272 1350 393 1448 ipsum
406 1350 545 1436 cubile,
560 1350 664 1424 vobis
678 1351 852 1442 ducibus,
870 1355 995 1424 venire
1009 1353 1225 1452 possumus?

148 1466 337 1534 Tenentur
355 1486 434 1536 uno
455 1462 493 1532 in
511 1461 593 1534 loco
615 1465 689 1532 H·S
708 1485 829 1549 taem
849 1475 1022 1534 tenentur
1041 1461 1139 1561 apud
1155 1460 1223 1534 ho·

149 1573 289 1644 minem
310 1571 606 1660 audacissimum
628 1586 801 1646 tenentur
818 1571 915 1670 apud
933 1569 1102 1667 judicem.
1125 1571 1223 1663 Quid

148 1681 259 1753 vultis
277 1681 454 1780 amplius?
471 1686 517 1753 At
537 1675 635 1752 eriim
654 1682 819 1755 Staienus
838 1707 915 1754 non
933 1682 1002 1754 fult
1020 1682 1066 1754 ab
1086 1687 1223 1782 Oppia,

151 1793 256 1880 nico,
269 1791 366 1864 seda
382 1791 549 1864 Cluentio
564 1790 791 1888 adjudicium
807 1793 1119 1888 corrumpendum
1133 1818 1222 1866 con·

149 1905 308 1974 stitutus.
328 1907 526 1986 Curcum,
548 1925 664 2000 quum
682 1902 720 1972 in
740 1903 927 1978 consilium
942 1903 1073 1990 iretur,
1093 1901 1222 1974 Cluen·

150 2013 223 2083 tius
244 2026 282 2083 et
300 2012 474 2082 Canutius
493 2009 617 2088 abesse¹
636 2010 889 2109 patiebantur?
909 2022 1028 2102 curu,
1050 2037 1166 2110 quum
1185 2015 1223 2082 in

150 2121 347 2194 consilium
368 2119 614 2210 mittebant¹²,
633 2120 816 2194 Stalenum
834 2119 1016 2217 judicem,
1038 2125 1097 2194 cui
1114 2146 1221 2220 pecu-

149 2232 250 2302 niam
274 2229 468 2319 dederant,
494 2255 572 2329 uon
599 2231 856 2329 requirebant?
876 2234 1099 2332 Oppianicus
1121 2259 1221 2331 quae·

149 2341 273 2433 rebat3
291 2343 464 2434 Quintius
485 2341 686 2439 flagitabam
709 2343 787 2414 sine
809 2342 953 2415 Staleno
975 2367 1021 2415 nc
1042 2348 1079 2414 in
1100 2346 1220 2415 consi·

149 2451 240 2524 lium
275 2456 401 2540 iretur,
433 2451 617 2524 tribunitia
645 2466 824 2550 potestate
852 2451 1054 2551 perfectum
1083 2467 1148 2526 est.
1176 2456 1222 2532 At

149 2561 418 2634 condemnavit.
434 2567 535 2634 Hanc
551 2563 647 2634 enim
660 2561 936 2645 damnationem
956 2561 1104 2635 dederat
1122 2561 1222 2634 obsi·
1274 2575 1276 2579 “

150 2669 277 2745 dem¹³
298 2670 414 2743 Bulbo
439 2687 474 2744 et
499 2675 645 2762 ceteris,
670 2688 712 2746 ut
732 2672 926 2746 destitutus
949 2671 995 2744 ab
1016 2675 1220 2772 Oppianico

149 2782 346 2855 rideretur.
370 2785 491 2874 Quare
499 2787 536 2866 ,si
554 2785 659 2854 istinc
678 2807 783 2856 causa
801 2782 1060 2881 corrumpendi
1074 2783 1219 2879 judicii,

149 2895 255 2966 istinc
279 2895 454 2993 pecunia,
477 2894 585 2966 istinc
602 2892 785 2981 Staienus,
801 2893 907 2964 istinc
924 2891 1082 2988 denique
1101 2893 1220 2964 omnis

150 3003 249 3077 sraus
278 3018 316 3076 et
340 3003 489 3075 audacia
510 3019 586 3092 est;
614 3003 702 3074 hinc
732 3002 863 3100 pudor,
887 3003 1040 3075 honesta
1066 3004 1157 3089 vita,
1183 3017 1220 3074 et

150 3115 252 3188 nulla
282 3117 439 3214 suspicio
469 3115 652 3214 pecuniae,
677 3113 777 3185 nulla
808 3111 1066 3210 corrumpendi
1092 3110 1218 3214 judicii

185 3326 211 3375 8.
230 3322 301 3372 Auni
307 3334 365 3372 suut
374 3333 437 3373 oete.
450 3325 509 3375 Pott
522 3319 661 3372 demnatum
706 3323 762 3370 tine.
774 3321 795 3368 Ιί
807 3321 922 3370 dicuntur
931 3320 1028 3381 fecisse,
1041 3321 1108 3385 quod
1116 3322 1217 3386 proprie

150 3403 325 3470 Oppianicum.
705 3411 797 3466 pretor
817 3417 860 3449 een
878 3400 956 3462 judex
979 3401 1119 3465 quaetionis
1143 3401 1218 3461 lacit¹
1257 3393 1263 3406 Χ

183 3500 209 3549 9.
220 3483 339 3534 Albiana.
352 3481 421 3534 Albii
432 3481 572 3546 Oppianici.
705 3483 762 3546 qaia
776 3479 926 3544 postularant
939 3491 966 3528 nt
978 3481 1005 3527 id
1017 3479 1101 3542 lieret,
1116 3491 1140 3528 et
1152 3497 1217 3544 quo-

188 3563 383 3622 inhahitat.
391 3561 512 3618 omnibus,
518 3572 543 3609 et
549 3560 661 3624 sequenti
705 3561 780 3610 modo
795 3559 848 3609 lieri
864 3561 968 3620 vellent;
983 3559 1019 3607 eie
1034 3571 1058 3607 et
1072 3561 1174 3618 Cicero,
1189 3571 1219 3608 ut

148 3643 220 3692 wbt'e
226 3679 235 3702 ,
245 3643 331 3706 jndice
342 3643 462 3701 Oratore,
474 3641 569 3706 egregie
582 3655 662 3706 oppo-
706 3651 796 3699 orator,
807 3640 867 3688 dicit
877 3640 959 3704 aliquo
971 3639 1028 3686 loeo
1038 3661 1051 3680 α
1060 3640 1096 3686 sio
1108 3654 1150 3686 eoa
1158 3637 1168 3702 (
1176 3640 1217 3698 ju·

150 3725 224 3773 nitur.
236 3725 301 3774 LV.
313 3726 341 3772 L.
706 3719 790 3785 dices)
804 3719 829 3767 in
843 3719 971 3768 consilinm
980 3717 1072 3762 mittam
1088 3737 1108 3762 ι.

187 3816 228 3851 n.
246 3801 313 3850 ldale
326 3799 393 3849 abeat
411 3797 473 3848 sslnd
493 3799 605 3848 iteratum
617 3813 662 3845 cur
742 3801 781 3847 13.
792 3793 1024 3846 Dederutobsidem.
1038 3793 1102 3841 Illud
1116 3804 1217 3857 propter

150 3883 212 3930 MSS
231 3880 309 3929 Pelet.
340 3879 435 3928 Deinde
453 3893 500 3942 pro
522 3877 658 3942 querebat,
701 3877 816 3942 judicer,
834 3891 896 3940 qnos
921 3871 1112 3936 corrumpendos
1136 3875 1216 3937 primo

150 3959 290 4011 aliihebent
298 3959 448 4024 requirebat,
456 3957 497 4006 alii
506 3957 657 4021 querebatur.
702 3967 857 4022 susceperat,
878 3966 938 4004 tuno
962 3953 1039 4000 lacere
1062 3951 1166 4004 debehat
1187 3967 1217 4006 nt

151 4041 175 4090 J.
183 4041 216 4090 V.
227 4041 255 4095 L.
705 4037 841 4085 ostenderet
848 4051 874 4083 ee
883 4052 897 4083 a
905 4045 1049 4098 corruptore
1056 4035 1158 4100 elusum,
1170 4053 1217 4086 nec

191 4134 231 4172 ra.
249 4117 388 4168 utrumn.
404 4116 532 4168 Cluentius
546 4125 570 4166 et
583 4116 663 4167 Canu·
706 4114 841 4182 quidquam
855 4114 966 4175 esiciam
979 4114 1132 4178 sperandum.
