2912 4654
204 335 253 432 96
519 337 567 404 ιι.
594 335 631 405 r.
658 335 949 408 crcuuours

202 455 300 528 laudi
316 453 429 543 dari²,
454 455 593 526 etiamsi
615 458 653 526 in
674 456 795 528 minus
813 455 925 528 firmis
944 463 1061 531 causis
1079 459 1278 534 homiuum

204 566 371 663 periculis
387 589 464 636 non
480 563 687 638 defuissem.
707 571 833 664 Itaque
851 564 937 658 feci;
961 569 1011 641 sic
1029 576 1204 669 pugnavi,
1223 575 1277 646 sic

205 681 306 749 omni
324 678 463 749 ratione
484 675 676 765 contendi,
698 678 748 748 sic
767 675 811 748 ad
831 683 954 750 omnia
972 679 1138 778 confugi,
1159 709 1275 780 quan-

204 803 284 860 tum
306 811 374 885 ego
396 787 539 884 assequi
558 788 682 883 potui,
699 786 858 858 remedia
878 813 919 860 ac
939 787 1129 888 perfugia³
1151 817 1277 864 causa-

203 923 306 988 ιιιιιι,
321 911 362 968 ut
375 896 467 984 hoc,
484 895 586 992 quod
602 897 726 968 timide
744 894 860 969 dicam
874 902 901 986 ⁴,
921 915 1170 997 consequutus
1185 903 1274 991 sim,

204 1033 252 1082 ne
267 1009 348 1106 quis
362 1006 412 1078 illi
425 1030 538 1078 causae
551 1021 745 1104 patronum
760 1005 916 1080 defuisse
930 1008 1175 1082 arbitraretur.
1189 1011 1276 1100 Sed,

204 1135 247 1191 ut
268 1115 473 1216 quidquid⁵
498 1142 564 1215 ego
591 1117 924 1215 apprehenderam,
948 1123 1067 1192 statim
1087 1137 1278 1194 accusator

205 1228 444 1327 extorquebat
464 1252 483 1300 e
503 1229 679 1300 manibus.
700 1230 735 1299 Si
759 1231 988 1326 quaesierm,
1013 1255 1059 1300 an
1079 1233 1277 1304 inimicitiae

203 1339 423 1414 Scamandro
447 1363 531 1410 curn
557 1341 684 1428 Avito,
706 1336 898 1428 fatebatur,
918 1338 1035 1412 nullas
1057 1338 1187 1431 fuisse;
1208 1342 1274 1415 sed

203 1451 466 1549 Oppianicum,
483 1449 587 1544 cujus
608 1447 668 1520 ille
693 1450 857 1522 minister
880 1448 1024 1539 fuisset,
1046 1450 1132 1524 huic
1151 1456 1276 1524 inimi-

204 1562 386 1633 cissimum
408 1557 535 1646 fuisse,
557 1572 666 1655 atque
685 1583 762 1631 esse
782 1558 934 1633 dicebat.
957 1551 1020 1632 Sin
1041 1576 1163 1634 autem
1183 1563 1275 1634 illud

204 1695 366 1768 egeram,
391 1668 531 1740 nullum
552 1667 597 1738 ad
619 1667 878 1740 Scamandrum
896 1683 1013 1742 morte
1033 1672 1130 1742 Aviti
1147 1686 1276 1743 ventu·

204 1805 288 1854 rum
306 1776 621 1852 ειιιοῖιιιιιιειιιιιιιι6
638 1777 768 1868 fuisse;
786 1778 1028 1869 concedebat,
1044 1779 1108 1852 sed
1126 1779 1170 1852 ad
1186 1805 1276 1851 uxo-

204 1917 285 1965 rem
303 1887 688 1990 Oppianici,'h0minis
703 1891 741 1958 in
760 1888 935 1962 uxoribus
951 1889 1123 1964 necandis
1139 1892 1275 1962 exerci-

206 2003 289 2088 tati,
315 2003 438 2072 omnia
461 1997 560 2070 bona
582 2001 675 2069 Aviti
696 2013 847 2071 ventura
874 2021 951 2071 esse
976 1997 1128 2070 dicebat.
1150 2002 1274 2089 Quum

205 2113 267 2184 illa
279 2109 489 2184 defensione
504 2133 591 2180 usus
603 2133 735 2197 essem,
749 2134 829 2206 quae
839 2111 878 2179 in
892 2107 1144 2180 libertinorum
1158 2112 1275 2180 causis

203 2223 458 2296 honestissima
474 2242 617 2317 semper
634 2219 832 2290 existimata
848 2233 920 2306 est,
938 2215 1197 2289 Scamandrum
1215 2241 1277 2314 pa·

205 2349 316 2405 trono
341 2354 417 2404 esse
442 2327 658 2427 probatum3
683 2326 875 2416 fatebatur,
900 2327 963 2399 sed
988 2326 1193 2425 quaerebat,
1216 2329 1276 2398 cui

155 2539 158 2546 Δ
206 2440 383 2542 probatus
413 2453 507 2511 esset
534 2439 611 2536 ipse
642 2454 828 2536 patronus.
859 2441 983 2528 Quum
1012 2463 1080 2535 ego
1107 2436 1277 2537 pluribus

207 2550 327 2624 verbis
345 2551 382 2620 iu
398 2573 443 2621 eo
457 2565 702 2621 commoratus
716 2573 851 2638 essem,
864 2549 1084 2622 Scamandro
1102 2547 1212 2620 factas
1226 2550 1277 2620 in·

208 2661 336 2735 sidias?
358 2684 435 2732 esse
452 2683 517 2758 per
533 2661 751 2755 Diogenem,
769 2664 1083 2758 constitutumque
1100 2662 1196 2732 inter
1213 2683 1277 2731 eos

206 2884 289 2934 eadem
297 2882 322 2929 in
334 2879 536 2929 reconstantissc
545 2890 624 2940 tenor,
633 2881 717 2930 saite·
799 2889 824 2938 4.
837 2879 911 2943 Quod
916 2879 999 2929 timide
1010 2879 1099 2928 diram.
1106 2879 1144 2930 Ne
1152 2880 1214 2929 mihi
1223 2882 1277 2946 ipse

206 2980 246 3014 ers
264 2978 304 3022 es,
321 2975 370 3025 qus
389 2959 551 3008 uenationem
564 2957 682 3023 confingit
693 2969 719 3007 et
761 2974 873 3023 snoges-e
887 2959 989 3008 nimium
1002 2957 1093 3008 videar.

207 3047 311 3108 ingenue
320 3055 386 3088 suam
394 3037 420 3086 in
427 3038 533 3088 dicendo
540 3037 717 3087 dubitationem
797 3035 822 3090 5.
845 3037 978 3103 Quidquid.
999 3039 1049 3085 vt:
1062 3053 1136 3086 unum
1153 3054 1277 3103 quemque

207 3119 338 3178 confiteri,
357 3129 382 3167 et
404 3117 592 3166 sdolesoentism
608 3133 719 3167 accusare
764 3117 910 3168 defendendi
919 3117 1013 3168 clientis
1021 3118 1140 3168 radonem
1149 3119 1276 3168 iniverem.

208 3199 314 3248 videtur.
765 3197 891 3264 Quidquid
900 3213 946 3263 pro
965 3197 1073 3264 quidque
1091 3198 1142 3246 diei
1153 3187 1277 3248 nemo-est

243 3294 270 3326 2.
281 3275 361 3324 Solen
370 3275 439 3324 laudi
447 3275 512 3325 dari.
519 3274 620 3336 Cicero,
629 3275 659 3326 de
669 3275 720 3324 off.
764 3277 808 3343 qni
819 3276 923 3326 neseiat.

207 3359 233 3406 11
237 3391 246 3417 ,
262 3371 310 3420 qne
321 3369 351 3402 ex
363 3369 389 3400 re
397 3352 561 3403 adolescentes
568 3355 615 3403 sibi
624 3355 721 3404 leudem
800 3357 827 3406 6.
841 3355 1041 3404 misnensem.
1055 3357 1147 3420 Magno
1157 3355 1207 3404 illo.
1220 3371 1278 3404 mo·

208 3445 294 3504 parent
301 3432 494 3497 conbennuegst
502 3433 653 3482 :habendum
663 3435 720 3484 reli·
764 3445 848 3484 mento
857 3435 945 3498 sapius
957 3435 1036 3483 utitur
1044 3435 1070 3483 in
1084 3434 1163 3483 causis
1175 3433 1277 3493 eiecto,

208 3516 275 3582 gioni
283 3511 720 3578 contrarium,noeentesnsliqosndo
765 3521 793 3560 nt
809 3512 836 3560 in
849 3511 985 3561 Milonians
999 3512 1081 3560 Clodii
1101 3522 1205 3561 mortem
1224 3528 1280 3563 non

207 3589 720 3655 etncfasiumimpiumquedefendere3usm
763 3589 865 3639 Milonis
883 3591 986 3648 referre,
1011 3591 1113 3640 Milonis
1130 3601 1213 3639 entem
1233 3608 1280 3642 ct·

208 3673 319 3724 volthoe
332 3669 581 3733 multitudo,pstitnr
590 3681 720 3720 eonsnetn-
764 3669 819 3718 dem
838 3671 942 3720 maxime
957 3671 1048 3722 Clodio
1061 3669 1177 3736 prodesse
1195 3671 1280 3720 multis

210 3753 257 3813 do,
270 3753 318 3800 fert
332 3750 405 3799 etiam
418 3748 579 3798 humanitem.
764 3748 881 3815 disputat.

246 3833 271 3880 3.
283 3828 399 3878 remedia
411 3845 442 3877 ac
453 3825 569 3894 pefisgia
579 3843 719 3878 musarum.
801 3845 825 3891 p.
837 3830 926 3878 Factae
945 3827 1056 3880 insidias.
1076 3829 1252 3878 Scamandrum
1265 3847 1280 3878 a

210 3909 342 3972 Quibnsin
353 3908 485 3974 desperetis
493 3908 573 3957 esuris
581 3907 722 3973 petroninti
765 3907 875 3972 Diogene
888 3909 1032 3974 dereptum
1049 3909 1081 3957 ab
1103 3925 1148 3969 eo,
1172 3909 1280 3958 medies·

211 3987 306 4049 solent,
323 3997 349 4034 et
362 4003 417 4050 qu
434 4004 465 4036 ex
478 3988 648 4038 communibus
660 3987 722 4036 locis
765 3987 841 4034 menti
858 3987 915 4037 loco
934 3989 1004 4052 qnod
1021 3989 1137 4054 petierat,
1156 4005 1281 4038 venenum

211 4065 397 4130 depromuntur.
766 4065 839 4116 fnisse
850 4065 950 4130 dotum
962 4061 1084 4118 neminem
1097 4083 1148 4118 esse
1161 4070 1202 4118 eui
1216 4069 1281 4120 iliud
