2958 4670
253 404 329 503 476
578 413 628 482 u.
653 415 691 481 r.
718 413 998 484 olonnorus

252 527 433 602 consulari
443 527 473 619 ⁶,
490 554 559 604 nec
572 535 703 606 misera
717 534 871 633 sapienti
883 545 910 604 ⁷.
930 533 1005 605 Nec
1020 545 1143 605 tamen
1156 557 1224 632 ego
1237 558 1322 606 sum

251 637 310 710 ille
327 637 483 730 ferreus,
505 643 571 741 qui
590 639 733 716 l'ratris8
761 644 935 716 carissimi
953 657 1063 743 atque
1086 646 1322 718 amantissimi

249 753 437 846 presentis
455 775 612 825 moerore
625 779 701 826 non
714 777 882 842 movear,
900 752 1135 852 horumque⁹
1153 757 1321 826 omnium

249 857 431 958 lacrymis,
452 886 473 934 a
495 863 630 960 quibus
652 887 711 936 me
731 865 1006 937 circumsessum
1028 862 1168 937 videtis
1191 869 1321 964 Neque

249 993 368 1042 meam
388 988 547 1045 mentem
572 999 645 1045 non
669 973 821 1046 domum
840 998 933 1073 saepe
952 988 1097 1047 revocat
1119 976 1322 1046 exanimata

250 1104 344 1152 uxor
357 1089 402 1169 ¹⁰,
425 1081 564 1176 abjecta
586 1099 688 1156 metu
707 1082 801 1173 filia,
821 1099 858 1156 et
880 1083 1052 1182 parvulus
1072 1082 1187 1173 filius,
1207 1107 1319 1181 quem

248 1189 339 1261 mihi
353 1190 498 1264 videtur
509 1193 678 1291 amplecti
692 1193 897 1294 respublica
909 1205 937 1238 ¹¹
959 1207 1144 1291 tamquam
1154 1191 1320 1266 obsidem

248 1301 457 1374 consulatus
474 1304 563 1391 mei,
585 1327 706 1401 neque
718 1304 799 1394 ille,
816 1305 881 1402 qni
898 1317 1109 1401 exspectans
1122 1301 1231 1396 hujus
1246 1303 1321 1372 eai-

248 1422 326 1482 tum
346 1409 440 1499 diei,
465 1410 581 1486 adstat
601 1415 639 1484 in
659 1427 859 1514 conspectu
877 1437 960 1485 meo
981 1437 1094 1511 gener
1107 1423 1151 1482 ¹².
1170 1415 1322 1484 Moveor

247 1517 303 1594 bis
321 1520 431 1596 rebus
449 1521 638 1612 omnibus,
656 1522 777 1595 sedin
800 1547 878 1596 eam
900 1537 1063 1622 partem,
1083 1536 1126 1593 ut
1144 1521 1230 1594 salvi
1248 1521 1322 1592 sint

246 1630 436 1704 vobiscum
459 1657 602 1720 omnes,
623 1635 761 1706 etiamsi
786 1636 838 1705 vis
860 1632 980 1730 aliqua
998 1656 1058 1704 me
1079 1631 1319 1729 oppresserit,

246 1743 387 1838 potius,
409 1767 519 1842 quarn
546 1757 582 1815 et
604 1743 671 1832 illi,
692 1758 729 1816 et
751 1769 819 1815 nos
844 1767 919 1815 nna
939 1739 1147 1840 reipublicae
1160 1738 1192 1785 ¹³
1217 1755 1321 1840 peste

249 1873 463 1948 pereamus.

294 1965 434 2053 Quare,
459 1977 578 2061 patres
609 1967 827 2064 conscripti,
852 1961 1052 2036 incumbite
1068 1966 1099 2014 ¹⁴
1124 1963 1171 2035 ad
1195 1963 1319 2061 reipu-

246 2069 349 2144 blicae
377 2072 548 2164 salutem3
574 2075 837 2173 circumspicite
861 2097 989 2146 omnes
1015 2073 1210 2173 procellas,
1236 2095 1319 2171 quae

281 2246 307 2294 6.
323 2247 408 2311 Neque
418 2247 551 2294 immatma
561 2246 690 2298 consrslars'.
699 2247 759 2307 cut,
842 2263 881 2295 so.
897 2249 974 2296 Uxor.
981 2247 1101 2297 Terentia.
1108 2245 1218 2296 -rtlte
1229 2245 1318 2295 Tullia.

245 2335 273 2374 nt
285 2323 367 2374 nullm
381 2326 431 2386 jans
450 2325 530 2375 bonos
552 2325 616 2375 ultra
636 2326 759 2393 optandus
804 2325 1319 2394 -Parrtslnsfilists.ld.Cieero,adquem

245 2413 289 2454 aut
300 2403 433 2468 sperandus
446 2415 501 2464 est,
520 2405 555 2454 ita
567 2421 633 2454 mors
648 2421 699 2454 non
710 2405 759 2454 im·
803 2405 901 2471 scripsit
908 2405 985 2454 libros
991 2404 1022 2453 ds
1028 2401 1133 2453 Officiis.
1138 2403 1249 2452 Bimulua
1257 2413 1318 2462 eret,

244 2495 339 2533 matura
353 2498 404 2531 esse
419 2494 517 2548 potest,
532 2494 618 2550 utpote
637 2485 681 2550 qui
700 2484 759 2533 satis
803 2496 874 2533 uatus
883 2484 947 2532 enisu
958 2485 1031 2535 Cotta
1041 2493 1066 2532 et
1073 2485 1199 2547 Torquato
1213 2497 1279 2532 coss.
1289 2493 1320 2531 ut

245 2561 329 2626 glorias
341 2563 440 2611 rixeris.
802 2579 834 2611 ex
842 2563 913 2628 epist.
923 2565 947 2622 l,
964 2575 987 2620 s,
997 2561 1030 2612 ad
1043 2563 1154 2612 Atticum
1162 2560 1315 2626 intelligitur.

281 2655 305 2702 7.
323 2639 378 2689 Nec
397 2639 487 2708 musra
503 2641 618 2708 sapietati.
638 2643 689 2707 Qui
705 2659 758 2692 earu
840 2657 882 2690 rs.
905 2641 1028 2706 Amplects‘
1046 2640 1189 2707 respublica.
1212 2639 1243 2689 ld
1261 2650 1316 2700 est,

245 2730 298 2769 tota
311 2719 360 2768 vita
373 2719 504 2770 meditatus
517 2732 562 2772 est.
802 2719 885 2768 lovere
894 2719 921 2766 iss
934 2719 1036 2784 gremio.
1045 2747 1080 2756 —
1090 2718 1214 2768 obsidem.
1224 2719 1315 2783 Pignus

282 2799 310 2848 8.
332 2798 383 2864 Qui
392 2797 494 2864 fraud.
515 2803 546 2864 Q.
561 2799 700 2858 Ciceronis,
715 2801 758 2864 qui
803 2808 828 2847 st
839 2809 1032 2848 monumentum.

246 2877 627 2939 tameu,siPlutarcbobabends
636 2875 759 2939 eatfidea,
842 2891 883 2924 sa.
906 2875 996 2927 Gener.
1009 2877 1041 2926 C.
1061 2877 1131 2936 Piso,
1149 2877 1191 2924 cui
1212 2875 1316 2925 Tulliam

244 2959 344 3008 intrem
363 2957 558 3007 adsumendum
578 2957 610 3006 de
627 2957 759 3020 conjuratis
803 2955 1149 3019 biennioaute,idest,Cotts
1158 2967 1183 3005 es
1191 2957 1316 3021 Torquato

243 3037 394 3104 supplicium
405 3053 456 3085 non
465 3053 552 3102 pamm
560 3036 707 3102 impellebat,
715 3036 760 3085 sed
804 3049 869 3084 coss.
880 3033 1030 3097 collocavit,
1045 3045 1073 3084 nt
1083 3035 1155 3100 epist.
1173 3050 1188 3083 a
1201 3035 1233 3084 sd
1240 3036 1316 3084 Attio.

245 3128 303 3182 post
316 3117 417 3168 Caesaris
431 3118 578 3179 oudonem,
598 3117 705 3165 imitatus
722 3125 760 3164 est
803 3111 848 3161 lib.
859 3115 880 3160 1.
891 3113 993 3163 Mortuo
1003 3115 1106 3172 Pisone,
1118 3129 1159 3164 au.
1171 3113 1316 3178 medullis

244 3196 372 3254 suanum,
393 3211 466 3261 quem
484 3213 540 3244 cum
563 3195 686 3261 plerisque
707 3211 759 3242 non
804 3193 887 3258 nupsit
904 3192 1055 3258 Crassipedi,
1073 3191 1163 3240 deinde
1174 3191 1316 3242 Dolabella.

242 3275 336 3341 puduit
344 3285 410 3323 retro
423 3277 458 3323 ire
471 3285 498 3324 et
511 3275 659 3340 supplicium
673 3274 759 3322 mortis
805 3271 953 3320 Garatonim
966 3282 1049 3322 censet
1062 3273 1173 3320 Pisonem
1186 3282 1254 3320 extra
1271 3287 1316 3320 cu·

242 3364 335 3403 munte
349 3369 456 3403 carcere.
466 3352 530 3402 Vide
542 3353 701 3412 Suetonium,
715 3353 758 3400 vit.
803 3351 846 3400 rie
858 3351 938 3415 valvas
947 3351 1057 3413 adstars3
1069 3367 1172 3416 nempe,
1183 3353 1230 3412 ait,
1239 3366 1315 3416 quum

243 3433 366 3492 Castris,
385 3449 442 3498 esp.
468 3441 507 3490 14.
531 3433 645 3482 Graviter
669 3431 759 3480 erravit
803 3429 844 3476 ille
857 3439 965 3493 quaestor
974 3429 1165 3490 fuertmrtsone
1174 3441 1199 3478 et
1209 3429 1315 3480 Gabinio

242 3515 370 3572 Muretus,
381 3514 425 3576 qui
443 3513 541 3577 scripsit
558 3513 591 3576 Q.
612 3511 758 3560 Ciceronem
802 3523 865 3557 coss.
884 3518 911 3556 nt
926 3510 952 3555 in
971 3509 1083 3558 cutione
1094 3519 1150 3574 post
1172 3510 1275 3559 reditum
1289 3508 1316 3556 in

243 3609 300 3641 oum
312 3592 365 3640 aliis
375 3592 521 3657 propinquis
530 3591 656 3642 Ciceronis
666 3591 758 3649 adesse,
802 3597 898 3646 senatu,
910 3603 961 3634 uon
971 3588 1077 3646 videtur,
1084 3587 1203 3638 Cicerone
1208 3587 1317 3649 consule,

243 3681 426 3737 exspectantem
438 3671 513 3732 hujus
524 3671 559 3719 rei
577 3679 699 3719 eventum.
713 3671 757 3718 Se·
803 3667 1173 3731 senatoressepotuiasc,quum
1183 3669 1315 3733 praesertim

244 3762 316 3800 nator
328 3760 388 3800 crat.
803 3755 912 3793 senamm
930 3745 1025 3810 aliquot
1037 3747 1107 3795 aunis
1125 3757 1181 3794 ante
1202 3747 1317 3811 legissent

280 3847 307 3894 9.
320 3832 462 3894 Eorumque
479 3826 705 3878 castanentum
722 3844 758 3876 se·
804 3839 916 3872 censores
929 3825 1044 3874 lentulus
1057 3836 1080 3873 et
1090 3825 1192 3874 Gellius.

243 3919 357 3958 natorum
366 3909 490 3958 Ciceronis
499 3909 692 3971 amicorum,qui
700 3917 760 3955 tnnc
844 3905 883 3951 ιδ.
896 3903 936 3952 ΔΙ.
952 3927 963 3947 ι
972 3921 1021 3954 nna
1034 3921 1089 3954 cum
1101 3905 1224 3969 republica
1233 3919 1319 3968 pesca-

243 3989 295 4048 eina
302 3987 386 4036 sellam
395 3985 756 4050 circumstabant‚orabautque
802 3999 883 4034 urus».
898 3987 923 4034 l.
933 3987 964 4033 V.
978 3989 1004 4034 t..

244 4065 339 4114 rideret
357 4083 389 4115 ne
413 4065 460 4114 sibi
480 4069 555 4116 multa
580 4065 606 4113 in
631 4074 754 4128 posterum
839 4065 1184 4122 rt.1ncuml›ite.Translatio
1199 4063 1318 4125 naudus,

245 4144 306 4191 nula
320 4145 455 4192 constantis
474 4161 515 4193 sua
529 4154 667 4193 arcesseret.
799 4157 872 4206 quam
885 4145 911 4192 iu
924 4143 1081 4208 sequentibus
1093 4143 1206 4208 explicat.
