2956 4676
324 364 523 434 ORATIO
547 366 654 436 PRO
680 369 719 435 A.
748 366 1025 438 CLUENTIO.
1146 369 1211 463 173

134 505 235 564 esse,
267 483 371 582 quod
397 487 431 556 ei
451 483 577 556 datum
609 487 717 558 sitin
747 509 840 585 pane
871 511 937 586 per
963 492 1013 558 M.
1038 487 1209 562 Asellium

132 592 356 692 quemdam,
375 593 585 668 familiarem
606 596 722 686 illius,
739 597 849 694 idque
872 599 966 670 Aviti
986 599 1136 670 consilio
1156 599 1210 672 fia·

132 718 237 776 ctum
261 729 358 795 esse,
379 705 507 778 dicitis.
524 711 567 777 In
582 732 658 805 quo
679 709 837 806 primum
858 708 948 780 illud
969 735 1110 807 quaero,
1129 736 1209 808 quae

132 837 244 886 causa
266 818 368 886 Avito
381 813 508 906 fuerit,
528 841 594 888 cur
611 817 813 890 interficere
831 819 1071 917 Oppianicum
1091 820 1224 908 vellet„

130 926 348 996 Inimicitias
366 927 463 998 enim
486 928 580 998 inter
603 929 700 1026 ipsos
718 927 828 999 suisse
849 926 1040 1016 confite0r3
1061 928 1124 1000 sed
1143 930 1208 1000 bo·

133 1035 271 1123 mines,
296 1036 462 1108 inimicos
484 1061 569 1108 suos
597 1054 713 1110 morte
740 1037 834 1109 affici
859 1039 1007 1128 volunt,
1028 1039 1085 1112 vel
1108 1041 1210 1138 quod

132 1161 309 1218 metuunt
322 1157 348 1235 ²,
366 1147 424 1219 vel
442 1148 544 1245 quod
562 1148 728 1221 oderunt.
748 1152 833 1241 Quo
845 1149 992 1220 tandem
1010 1151 1118 1254 igitur
1130 1152 1210 1220 Avi·

131 1269 192 1327 tus
223 1271 329 1328 metu
351 1256 550 1347 adductus,
577 1273 717 1330 tantum
739 1262 777 1330 in
800 1283 837 1332 se
863 1256 1001 1330 facinus
1025 1263 1209 1356 suscipere

134 1381 291 1437 conatus
310 1367 388 1438 esti
407 1367 494 1465 quid
516 1382 610 1458 erat,
632 1368 734 1466 quod
750 1370 824 1465 jam
848 1368 1087 1467 Oppianicum
1106 1391 1212 1466 poena

133 1475 310 1550 affectum
325 1503 395 1576 pro
409 1478 613 1571 maleficiis,
631 1479 786 1576 ejectum
803 1505 823 1553 e
838 1482 1000 1568 civitate,
1017 1481 1209 1576 quisquam

133 1587 306 1658 timeret?
328 1588 428 1680 Quid
453 1589 659 1663 metuebat?
688 1589 763 1663 ne³
791 1604 1104 1690 oppugnaretura
1126 1612 1209 1687 per·

135 1694 239 1768 dito?
257 1723 305 1768 an
326 1723 373 1770 ne
394 1715 624 1773 accusaretur
641 1727 661 1773 a
683 1700 951 1774 condemnato?
972 1726 1019 1772 an
1039 1724 1086 1771 ue
1104 1699 1209 1770 exsu-

134 1805 205 1878 lisl
235 1810 446 1881 testimonio
472 1810 683 1884 laederetur?
707 1816 768 1884 Sin
795 1827 934 1901 autem,
957 1809 1059 1910 quod
1083 1810 1209 1882 oderat

133 1923 282 2008 Avitus,
307 1923 443 1995 idcirco
470 1925 572 1996 illum
600 1929 670 1997 vita
696 1925 768 1998 lrui
796 1927 935 2016 noluit,
966 1925 1106 1997 adeone
1131 1937 1208 1995 erat

134 2031 289 2116 stultus,
312 2045 354 2103 ut
371 2033 487 2120 illam,
506 2059 616 2132 quam
643 2051 719 2107 tum
739 2037 799 2109 ille
819 2035 979 2124 vivebat,
1002 2037 1111 2121 vitam
1130 2057 1207 2105 esse

134 2136 393 2229 arbitraretur,
410 2141 570 2214 damnati
580 2143 608 2232 ⁵,
626 2146 776 2233 exsulis,
798 2146 930 2218 deserti
948 2144 994 2217 ab
1016 2143 1208 2217 omnibus?

136 2273 250 2346 quem
271 2266 421 2350 propter
438 2255 548 2324 animi
566 2258 897 2354 importunitatem,
921 2280 1030 2328 nemo
1045 2255 1206 2352 recipere
1249 2251 1251 2258 '

135 2373 254 2452 tecto,
274 2387 382 2434 nemo
408 2362 544 2455 adire⁶,
573 2391 683 2439 nemo
712 2367 868 2465 alloqui,
893 2391 1002 2438 nemo
1028 2366 1206 2463 respicere

136 2472 271 2544 vellet?
295 2475 409 2571 Hujus
431 2477 541 2575 igitur
563 2481 643 2549 vitae
671 2481 796 2549 Avitus
816 2475 1023 2548 invidebat?
1046 2481 1155 2547 Hunc
1176 2479 1207 2545 si

136 2581 268 2656 acerbe
287 2599 323 2655 et
341 2588 487 2684 penitus
507 2587 653 2676 oderat,
674 2613 750 2661 non
769 2613 853 2659 eum
874 2611 985 2685 quam
1008 2585 1205 2657 diutissime

137 2693 282 2763 vivere⁷
308 2694 400 2766 velle
423 2695 605 2772 debebat?
630 2697 716 2769 huic
739 2713 895 2770 mortem
915 2696 1116 2768 maturabat
1136 2697 1205 2766 ini·

137 2803 272 2890 micus,
292 2805 393 2901 quod
406 2806 458 2878 illi
476 2831 591 2879 unum
613 2810 651 2879 in
673 2809 775 2880 malis
792 2806 994 2905 perfugium
1013 2820 1090 2877 erat
1111 2805 1204 2876 cala-

137 2913 293 2984 mitatis?
319 2917 434 3012 quisi
459 2918 549 3016 quid
574 2921 685 2990 animi
709 2945 751 2991 ac
772 2919 914 2989 virtutis
935 2915 1119 2988 habuisset
1142 2915 1204 3011 (ut

172 3095 199 3129 a.
214 3081 261 3128 Vel
268 3083 337 3147 quod
342 3095 460 3136 mittunt.
473 3085 562 3136 Ῑίεᾶεω
572 3089 649 3138 utitur
693 3087 816 3137 dissimilia
825 3097 882 3135 sunt
890 3103 931 3146 ea,
942 3101 996 3152 quie
1005 3085 1036 3134 de
1045 3083 1131 3134 Cuesis
1142 3099 1204 3149 quo·
1225 3089 1227 3096 ’

138 3161 288 3224 argumentis
309 3163 396 3213 Cicero
412 3179 459 3230 pro
477 3167 586 3229 Milone,
608 3168 649 3217 eui
692 3166 749 3214 dum
760 3167 856 3232 scripsit
865 3166 950 3231 Lysias
961 3163 1026 3230 apud
1035 3164 1126 3214 Athen.
1138 3164 1204 3224 xn5

138 3253 193 3286 eum
206 3239 296 3288 Clodio
312 3259 352 3291 ees
364 3245 526 3308 intercessisse
542 3248 648 3295 inimici·
692 3261 747 3310 quse
764 3246 821 3309 quis
837 3247 953 3308 majorem
972 3246 1051 3293 lucem
1069 3243 1127 3293 huic
1145 3242 1204 3291 loco

140 3319 184 3366 tias
197 3317 273 3380 dieii,
285 3331 313 3368 ut
333 3324 423 3372 Miloni
440 3323 555 3374 Cloelium
569 3327 649 3375 vivere
693 3324 801 3388 addunt,
820 3325 920 3373 recitare
941 3341 992 3374 nou
1012 3324 1103 3390 piget:
1122 3326 1204 3373 τοῦτον

217 3399 224 3413 “
692 3404 739 3453 ὑπὸ
751 3401 854 3462 criticus
863 3402 1031 3475 γινωσκᾶμινον
1043 3402 1064 3454 ol
1075 3399 1132 3452 Θιοὶ
1143 3403 1204 3453 οὕτω

245 3512 252 3526 .
335 3513 342 3526 .
378 3516 384 3526 .
417 3518 424 3530 .
694 3477 810 3543 dutum,
825 3481 872 3542 ὧςι
887 3485 941 3542 τοὺς
954 3484 1047 3552 ὶχθροὺρ
1065 3480 1135 3532 αὐτὸν
1150 3479 1203 3543 βού-

174 3563 199 3612 t.
217 3556 324 3606 lamini.
345 3558 385 3608 Ad
403 3561 510 3609 exsulem
526 3561 566 3610 lex
583 3563 649 3611 nulle
692 3565 773 3612 λισθαι
785 3560 823 3629 ζῇν
834 3565 922 3632 μᾶλλον
933 3562 949 3618 ἢ
960 3561 1110 3614 nitu‘suu...
1121 3560 1148 3612 τὸ
1162 3557 1203 3626 μὲν

137 3631 257 3696 mines,
271 3651 349 3700 neque
361 3641 383 3686 ei
394 3641 558 3690 testimonium
569 3641 650 3691 dicere
693 3639 740 3712 γὰρ
750 3641 898 3698 ἀποθανιῐνῆ
912 3643 996 3710 septis
1006 3641 1118 3710 νομίμως,
1129 3638 1204 3688 κοινὸν

138 3711 205 3760 licet.
220 3715 324 3777 Quintil.
337 3719 395 3766 vn.
694 3721 786 3772 dauers
794 3723 849 3790 ἡμῖν
863 3722 923 3780 icit·
935 3720 962 3771 τὸ
976 3716 1004 3770 ‹ll
1018 3721 1091 3777 οὕτως
1104 3719 1203 3783 ixisset,

173 3793 199 3840 5.
214 3791 341 3844 Damasci.
360 3798 410 3860 Qui
422 3797 468 3847 hec
481 3799 533 3866 ipss
548 3799 648 3848 damus·
692 3805 799 3852 τοσοῦτον
822 3799 903 3868 χρόνον
935 3795 1069 3858 dissutis,
1092 3795 1134 3848 καί
1151 3799 1205 3846 καθ’

137 3869 203 3917 tione
216 3873 357 3937 cepissent
368 3873 520 3936 deminutus,
533 3889 558 3926 et
570 3890 649 3928 morte
694 3877 779 3937 uim
792 3879 883 3948 ἡμέραν
897 3875 1088 3938 scutimus,
1105 3875 1139 3945 μὴ
1160 3871 1202 3926 δύ-

137 3947 218 4008 “l'ffls
231 3961 259 3998 ¹¹²
272 3953 353 4010 aiunt,
368 3953 479 4004 effeetus.
692 3961 916 4012 νασθαιτιλιυτῆσαι
922 3959 961 4008 τὸν
968 3955 1026 4018 βίον,
1032 3956 1121 4016 τούτοις
1128 3955 1204 4026 μόνοις

172 4029 197 4074 6.
207 4029 249 4077 Al.
262 4031 357 4081 audire.
370 4034 387 4081 J
392 4070 398 4083 .
409 4037 441 4082 V.
452 4035 479 4081 L.
693 4035 809 4104 repastinet
820 4035 868 4092 τοῖς
876 4032 908 4084 τὰ
923 4041 1035 4096 τοιαῦτα,
1050 4035 1110 4106 ἅπερ
1123 4030 1202 4096 οὗτος,

173 4121 198 4166 7.
224 4109 304 4170 ρυαυι
328 4109 463 4162 diutissime
485 4112 573 4163 vivers.
593 4115 650 4164 Non
695 4111 873 4184 liupupnuiei.
