2976 4670
247 407 319 482 636
412 409 787 479 OBSERVATIONES
812 399 1165 479 APOLOGETICAE'

247 531 415 613 exsilium,
438 531 528 623 quod
542 531 592 596 vel
616 531 702 595 mille
720 531 893 620 triumphis
911 531 1081 620 gloriosius
1104 531 1188 614 firit3
1206 555 1306 620 quum

246 639 386 719 Rutilio,
404 638 437 700 in
453 637 555 725 ipsam
572 637 671 719 hanc,
691 625 789 725 quam
806 638 958 727 spoliasse
977 627 1157 718 dicebatur,
1174 641 1307 724 provin-

246 745 329 807 ciam
351 741 587 832 proficiscenti,
610 765 723 807 omnes
740 744 823 808 Asiae
847 742 989 807 civitates
1010 742 1148 831 legatos,
1169 743 1301 806 honoris

247 871 374 930 caussa,
394 847 521 912 obviam
540 847 706 922 miserint,
738 847 872 936 singulis
899 849 982 911 tanti
1008 848 1068 910 viri
1092 849 1126 910 in
1152 848 1233 912 urbe
1249 871 1307 912 sua

245 953 448 1044 presentiam
461 953 552 1018 avide
569 952 820 1040 expetentibus(
842 951 865 1039 ).

290 1063 443 1126 Fortunae
460 1060 547 1123 bona
563 1059 693 1137 justitiae
710 1075 941 1123 consecrarunt
958 1075 991 1122 et
1006 1059 1145 1124 Scaevola
1162 1076 1193 1123 et
1212 1060 1307 1123 Ruti·

244 1170 317 1234 lius.
332 1169 383 1232 Ne
395 1168 558 1232 carissimo
573 1165 706 1255 quidem
720 1167 885 1256 sanguinis
895 1167 1026 1230 vinculo
1034 1169 1072 1232 T.
1084 1166 1222 1231 Manlius
1229 1167 1309 1230 Tor

246 1290 378 1363 quatus,
387 1274 468 1354 juris
480 1274 579 1337 civilis
599 1290 631 1336 et
643 1295 809 1336 sacrorum
828 1273 1059 1361 pontificalium
1079 1273 1285 1361 peritissimus
1297 1320 1307 1354 ,

244 1381 410 1476 prohiberi
426 1379 551 1467 potuit,
574 1402 641 1466 quo
660 1379 768 1442 minus
789 1379 884 1460 justis
902 1380 1146 1469 provincialium
1169 1379 1308 1467 querelis

247 1487 450 1551 satisfaceret.
467 1487 618 1568 Etenim,
642 1508 745 1573 quum
761 1485 956 1550 Macedones
973 1485 1012 1550 de
1032 1485 1105 1551 ΗΙίο
1116 1487 1183 1566 ejus
1200 1487 1240 1549 D.
1256 1485 1308 1548 Si·

210 1629 213 1636 ·
244 1591 335 1673 lano,
350 1591 408 1678 qui
428 1613 498 1653 eam
518 1591 717 1678 provinciam
736 1589 938 1672 obtinuerat,
955 1614 1013 1679 per
1028 1593 1150 1680 legatos
1173 1591 1310 1654 fuissent

246 1696 365 1785 questi,
382 1717 400 1758 a
416 1693 565 1761 Patribus
586 1695 776 1784 conscriptis
797 1695 890 1783 petiit
901 1696 971 1784 (a),
992 1719 1052 1760 ane
1071 1695 1152 1784 quid
1174 1713 1247 1760 ante
1265 1697 1309 1760 de

246 1825 282 1866 ea
306 1824 341 1864 re
365 1801 559 1882 statuerent,
583 1823 679 1887 quam
703 1801 773 1887 ipse
798 1822 944 1864 caussam
970 1801 1200 1890 inspexissetu3
1220 1801 1308 1889 quod

130 1936 133 1946 Δ
201 1981 204 1992 ¹
245 1925 417 1995 postquam
437 1905 606 1996 diligenter
622 1927 680 1993 per
697 1904 836 1968 biduum
856 1907 990 1990 fecerat,
1012 1907 1115 1970 filium
1133 1931 1229 1971 suum
1246 1930 1308 1970 no-

246 2030 392 2096 centem,
408 2013 574 2100 domoque
592 2028 625 2076 et
639 2013 740 2109 patria
761 2011 934 2101 indignum
954 2013 1124 2096 judicavit,
1147 2039 1184 2079 ac
1208 2015 1310 2104 proti·

245 2143 307 2184 nus
322 2135 528 2208 econspectu
543 2141 604 2186 suo
620 2118 709 2192 abire
724 2117 880 2208 jussit(3).
892 2119 1022 2202 Quibus
1037 2120 1190 2210 exemplis
1206 2122 1310 2211 probe

244 2353 366 2418 specimen
380 2353 466 2401 habuit
480 2352 534 2400 brec
550 2353 634 2399 civitas
646 2351 802 2400 innocentiae.
815 2353 895 2412 Major
912 2353 971 2400 mihi
985 2351 1094 2414 judicum
1108 2364 1133 2401 et
1151 2351 1212 2418 reip.
1235 2369 1309 2416 puna

244 2441 284 2489 ills
300 2443 347 2488 visa
359 2451 394 2488 est
412 2455 485 2505 quem
498 2439 629 2510 ilutiliii»;
643 2440 669 2487 in
683 2440 764 2489 Pison.
779 2457 836 2505 cap.
855 2441 899 2504 39.
918 2441 990 2492 Coni.
1006 2443 1140 2489 orationem
1152 2433 1203 2505 'pro
1223 2439 1309 2489 liubit.

245 2531 312 2578 i’ost.
325 2545 380 2592 cap.
395 2543 436 2576 ro.

289 2621 327 2690 (ι)
345 2626 441 2674 Auctor
454 2624 689 2673 armentium.
700 2624 792 2685 libii,
809 2641 862 2690 cap.
872 2641 918 2688 to,
928 2641 968 2673 ex.
979 2625 1005 2674 5.
1016 2624 1084 2673 Idem
1094 2625 1138 2675 lib.
1148 2627 1202 2686 VI,
1214 2643 1271 2691 cup.
1282 2635 1311 2687 t,

244 2729 282 2764 ex.
293 2723 317 2772 t,
328 2712 371 2761 ubi
384 2711 539 2760 memorabile
553 2713 605 2774 eius
613 2729 770 2778 responsum,
779 2715 920 2778 importuno
934 2713 1013 2761 emico
1029 2715 1129 2774 datum,
1146 2715 1233 2778 refert,
1243 2717 1312 2764 testis

244 2812 295 2862 est,
307 2801 414 2849 uoluisse
424 2801 545 2849 Rutilium
557 2803 678 2866 Smyrna,
692 2801 734 2850 ubi
748 2803 877 2850 consenuit
885 2801 948 2868 (vid.
962 2801 1048 2850 Cicero
1062 2819 1107 2867 pro
1118 2803 1209 2861 Balbo,
1219 2819 1241 2851 e.
1255 2801 1311 2866 ιι),

242 2891 269 2938 iu
287 2891 389 2954 patriam
403 2888 498 2948 redire,
514 2905 563 2937 «ue
577 2890 638 2952 quid
656 2901 740 2937 contre
753 2889 817 2952 leges
831 2890 956 2949 iaceretn,
976 2907 1053 2954 quum
1065 2891 1186 2938 redeundi
1203 2901 1312 2955 potestas

243 2977 265 3025 ei
276 2976 345 3025 lieret
359 2977 466 3037 tSulla,
485 2977 527 3040 qui
537 2977 630 3037 iudicia
644 2969 737 3024 senatui
749 2977 902 3036 restituerat,
916 2977 981 3025 malo
999 2979 1056 3026 dein
1070 2979 1173 3027 consilio
1187 2978 1312 3042 equitibus

243 3083 257 3114 a
270 3067 387 3130 Pompeio
401 3063 504 3114 reddita.
518 3067 628 3125 Senecae,
640 3065 799 3126 Quintiliani,
822 3065 925 3127 Ovidii,
944 3066 974 3114 de
985 3066 1073 3114 Rutilii
1088 3066 1231 3115 fortitudine
1245 3065 1312 3114 dicta

243 3155 341 3217 collegit
353 3153 450 3218 (preter
462 3153 581 3203 sciorum
592 3153 742 3218 biographos
751 3188 760 3214 ,
769 3155 813 3218 qui
828 3155 888 3202 mibi
899 3170 952 3202 nou
964 3166 1022 3203 sunt
1034 3153 1066 3203 ed
1078 3151 1186 3218 manum)
1195 3156 1254 3203 Aut.
1265 3155 1312 3203 oi·

242 3241 314 3291 sellus
324 3244 350 3289 in
361 3243 388 3290 P.
397 3241 485 3290 Rutilii
494 3242 543 3290 vite
553 3277 560 3298 ,
571 3239 656 3304 grillice
666 3244 820 3307 conscripta,
835 3253 860 3290 et
870 3243 961 3291 inserta
973 3256 1033 3291 tom.
1044 3245 1056 3291 1
1065 3243 1137 3291 Thes.
1144 3245 1245 3290 bisern-
1253 3259 1311 3308 pag.

244 3331 293 3379 soz
309 3345 377 3394 seqq.
392 3327 478 3391 Neque
493 3339 574 3375 tumen
587 3330 679 3376 morosi
694 3331 785 3393 ingenii
799 3330 872 3378 inisse
885 3329 1009 3378 Rutilium
1029 3347 1059 3380 ex
1081 3331 1119 3377 his
1136 3331 1206 3377 sectis
1220 3330 1313 3379 couiici

245 3428 347 3482 potest:
363 3431 437 3478 quum
453 3415 517 3462 enim
531 3415 686 3464 Mithridates
702 3433 786 3477 omnes
805 3420 929 3466 Romanos
945 3417 970 3465 in
989 3418 1047 3464 Asia
1066 3429 1189 3465 versantes
1208 3433 1258 3464 uuo
1269 3417 1312 3465 die

243 3505 356 3554 occidere
364 3503 545 3562 constituisset,
564 3502 669 3552 vitanda
679 3491 745 3552 necis
757 3521 840 3554 cauma
854 3517 936 3570 togam
950 3505 1027 3568 pallio
1038 3516 1199 3564 commutare,
1209 3521 1312 3553 romena

245 3595 362 3661 gravitate
376 3592 443 3642 baud
459 3581 564 3640 elie'uum
576 3593 730 3642 existimavit.
748 3593 877 3658 Quidquid
891 3593 1018 3653 Rutilius,
1041 3593 1162 3657 quidquid
1175 3593 1234 3642 fecit
1246 3595 1313 3642 δω-

241 3685 297 3732 vois
314 3683 398 3747 (quem
408 3679 544 3744 jectiorem
558 3695 639 3729 senem
651 3696 665 3729 e
679 3679 800 3730 Cicerone
813 3681 862 3730 dici
879 3693 965 3730 notum
979 3681 1037 3747 est),
1049 3697 1101 3729 nou
1114 3698 1145 3731 ex
1157 3683 1312 3741 morositate,

242 3772 284 3823 sed
297 3787 327 3820 ex
341 3771 438 3820 virtutis
456 3785 538 3816 amore
555 3781 636 3818 ortum
650 3771 705 3819 init.
726 3771 795 3819 Idem
813 3771 843 3818 de
861 3771 893 3833 Q.
908 3771 1016 3820 scevola
1030 3771 1131 3835 Augure
1150 3781 1253 3820 testetur
1266 3771 1311 3819 Ci-

242 3876 299 3910 cero
317 3859 448 3916 iulii-uto,
462 3873 514 3921 cap.
530 3857 584 3904 st:
611 3858 665 3919 «Q.
685 3857 794 3906 Scerole
812 3858 899 3922 Augur
918 3859 1080 3923 peritissimus
1098 3859 1176 3920 juris,
1195 3857 1312 3922 idemque

240 3951 361 4015 percomis
373 3960 409 3996 est
420 3947 518 3997 babitus
525 3970 546 3997 π.

273 4045 311 4110 (a)
324 4047 380 4094 Vel.
395 4047 462 4093 Max.
476 4044 559 4099 bhv,
579 4059 634 4109 cap.
650 4047 680 4104 8,
693 4061 733 4094 ex.
744 4043 770 4094 3.
782 4044 856 4094 Cous.
869 4046 922 4096 Cic.
936 4045 967 4095 de
978 4047 1031 4096 Flu.
1045 4045 1128 4106 tlh-1,
1141 4061 1196 4110 cap.
1212 4063 1234 4107 7.

274 4139 313 4207 (3)
327 4145 458 4206 Hucusque
470 4140 558 4188 Manlii
573 4141 662 4189 iactum
677 4141 776 4206 probuti
795 4153 891 4208 potest3
909 4141 1105 4208 quod'prteterea
1125 4155 1207 4192 nunt
1220 4143 1308 4196 vuer.
