<?xml version="1.0" encoding="UTF-8"?>
<!DOCTYPE html PUBLIC "-//W3C//DTD XHTML 1.0 Transitional//EN"
    "http://www.w3.org/TR/xhtml1/DTD/xhtml1-transitional.dtd">
<html xmlns="http://www.w3.org/1999/xhtml" xml:lang="en" lang="en">
 <head>
  <title>
</title>
<meta http-equiv="Content-Type" content="text/html;charset=utf-8" />
  <meta name='ocr-system' content='tesseract 3.04.00' />
  <meta name='ocr-capabilities' content='ocr_page ocr_carea ocr_par ocr_line ocrx_word'/>
</head>
<body>
  <div class='ocr_page' id='page_1' title='image "./mtciceronisquae00lemagoog_0627.png"; bbox 0 0 2976 4670; ppageno 0'>
   <div class='ocr_carea' id='block_1_1' title="bbox 241 415 1151 488">
    <p class='ocr_par' dir='ltr' id='par_1_1' title="bbox 241 415 1151 488">
     <span class='ocr_line' id='line_1_1' title="bbox 241 415 1151 488; baseline -0.001 -1"><span class='ocrx_word' id='word_1_1' title='bbox 241 415 313 487; x_wconf 81' lang='lat'><strong>618</strong></span> <span class='ocrx_word' id='word_1_2' title='bbox 413 415 790 488; x_wconf 85' lang='lat' dir='ltr'><strong>OBSERVATIONES</strong></span> <span class='ocrx_word' id='word_1_3' title='bbox 816 415 1151 486; x_wconf 82' lang='lat' dir='ltr'><strong>APOLOGETICAE</strong></span> 
     </span>
    </p>
   </div>
   <div class='ocr_carea' id='block_1_2' title="bbox 239 534 1326 3164">
    <p class='ocr_par' dir='ltr' id='par_1_2' title="bbox 239 534 1324 2408">
     <span class='ocr_line' id='line_1_2' title="bbox 240 534 1324 629; baseline -0.002 -26"><span class='ocrx_word' id='word_1_4' title='bbox 240 559 419 629; x_wconf 87' lang='lat' dir='ltr'><strong>canssaque</strong></span> <span class='ocrx_word' id='word_1_5' title='bbox 430 536 624 602; x_wconf 77' lang='lat' dir='ltr'><strong>ducantur».</strong></span> <span class='ocrx_word' id='word_1_6' title='bbox 633 535 748 600; x_wconf 85' lang='lat' dir='ltr'><strong>Paucis</strong></span> <span class='ocrx_word' id='word_1_7' title='bbox 765 535 835 599; x_wconf 78' lang='lat' dir='ltr'><strong>haec</strong></span> <span class='ocrx_word' id='word_1_8' title='bbox 846 535 1076 624; x_wconf 83' lang='lat' dir='ltr'>complectitur</span> <span class='ocrx_word' id='word_1_9' title='bbox 1087 534 1273 624; x_wconf 84' lang='lat' dir='ltr'><strong>Asconius(</strong></span> <span class='ocrx_word' id='word_1_10' title='bbox 1278 536 1324 624; x_wconf 90' lang='lat' dir='ltr'><strong>r):</strong></span> 
     </span>
     <span class='ocr_line' id='line_1_3' title="bbox 241 641 1323 733; baseline -0.003 -23"><span class='ocrx_word' id='word_1_11' title='bbox 241 647 414 726; x_wconf 83' lang='lat' dir='ltr'><strong>«Frustra,</strong></span> <span class='ocrx_word' id='word_1_12' title='bbox 439 645 566 733; x_wconf 89' lang='lat' dir='ltr'><strong>inquit,</strong></span> <span class='ocrx_word' id='word_1_13' title='bbox 601 642 846 708; x_wconf 76' lang='lat' dir='ltr'><strong>calumniantur</strong></span> <span class='ocrx_word' id='word_1_14' title='bbox 871 641 1062 707; x_wconf 82' lang='lat' dir='ltr'><strong>Ciceronem</strong></span> <span class='ocrx_word' id='word_1_15' title='bbox 1088 641 1260 724; x_wconf 89' lang='lat' dir='ltr'><strong>homines,</strong></span> <span class='ocrx_word' id='word_1_16' title='bbox 1291 659 1323 708; x_wconf 86' lang='lat' dir='ltr'><strong>et</strong></span> 
     </span>
     <span class='ocr_line' id='line_1_4' title="bbox 241 747 1321 839; baseline -0.004 -22"><span class='ocrx_word' id='word_1_17' title='bbox 241 751 342 817; x_wconf 90' lang='lat' dir='ltr'><strong>modo</strong></span> <span class='ocrx_word' id='word_1_18' title='bbox 360 775 436 817; x_wconf 88' lang='lat' dir='ltr'><strong>eum</strong></span> <span class='ocrx_word' id='word_1_19' title='bbox 454 751 638 816; x_wconf 80' lang='lat' dir='ltr'><strong>sestertium</strong></span> <span class='ocrx_word' id='word_1_20' title='bbox 657 749 771 815; x_wconf 90' lang='lat' dir='ltr'><strong>millies</strong></span> <span class='ocrx_word' id='word_1_21' title='bbox 793 747 909 814; x_wconf 89' lang='lat' dir='ltr'><strong>dicunt</strong></span> <span class='ocrx_word' id='word_1_22' title='bbox 925 765 1091 839; x_wconf 87' lang='lat' dir='ltr'><strong>repetere,</strong></span> <span class='ocrx_word' id='word_1_23' title='bbox 1120 748 1222 814; x_wconf 91' lang='lat' dir='ltr'><strong>modo</strong></span> <span class='ocrx_word' id='word_1_24' title='bbox 1240 771 1321 838; x_wconf 87' lang='lat' dir='ltr'><strong>qua·</strong></span> 
     </span>
     <span class='ocr_line' id='line_1_5' title="bbox 239 855 1322 948; baseline -0.004 -24"><span class='ocrx_word' id='word_1_25' title='bbox 239 857 472 948; x_wconf 89' lang='lat' dir='ltr'><strong>dringenties...</strong></span> <span class='ocrx_word' id='word_1_26' title='bbox 494 859 564 922; x_wconf 89' lang='lat' dir='ltr'><strong>Cur</strong></span> <span class='ocrx_word' id='word_1_27' title='bbox 584 856 619 922; x_wconf 93' lang='lat' dir='ltr'><strong>id</strong></span> <span class='ocrx_word' id='word_1_28' title='bbox 638 856 747 922; x_wconf 80' lang='lat' dir='ltr'><strong>fraudi</strong></span> <span class='ocrx_word' id='word_1_29' title='bbox 767 857 808 921; x_wconf 89' lang='lat' dir='ltr'><strong>sit</strong></span> <span class='ocrx_word' id='word_1_30' title='bbox 826 855 991 937; x_wconf 85' lang='lat' dir='ltr'><strong>Ciceroni,</strong></span> <span class='ocrx_word' id='word_1_31' title='bbox 1012 879 1115 946; x_wconf 90' lang='lat' dir='ltr'><strong>quum</strong></span> <span class='ocrx_word' id='word_1_32' title='bbox 1135 855 1177 922; x_wconf 87' lang='lat' dir='ltr'><strong>ad</strong></span> <span class='ocrx_word' id='word_1_33' title='bbox 1195 873 1322 944; x_wconf 87' lang='lat' dir='ltr'><strong>tempus</strong></span> 
     </span>
     <span class='ocr_line' id='line_1_6' title="bbox 240 960 1322 1052; baseline -0.003 -24"><span class='ocrx_word' id='word_1_34' title='bbox 240 979 409 1029; x_wconf 87' lang='lat' dir='ltr'><strong>oratorum</strong></span> <span class='ocrx_word' id='word_1_35' title='bbox 429 961 514 1027; x_wconf 85' lang='lat' dir='ltr'><strong>dicta</strong></span> <span class='ocrx_word' id='word_1_36' title='bbox 530 962 783 1052; x_wconf 72' lang='lat' dir='ltr'><strong>proferanturln</strong></span> <span class='ocrx_word' id='word_1_37' title='bbox 797 960 952 1050; x_wconf 87' lang='lat' dir='ltr'><strong>Lepidam</strong></span> <span class='ocrx_word' id='word_1_38' title='bbox 969 984 1009 1025; x_wconf 85' lang='lat' dir='ltr'><strong>ex</strong></span> <span class='ocrx_word' id='word_1_39' title='bbox 1022 961 1232 1026; x_wconf 75' lang='lat' dir='ltr'><strong>Chaeronensi</strong></span> <span class='ocrx_word' id='word_1_40' title='bbox 1249 961 1322 1051; x_wconf 87' lang='lat' dir='ltr'><strong>phi·</strong></span> 
     </span>
     <span class='ocr_line' id='line_1_7' title="bbox 240 1064 1323 1157; baseline -0.004 -24"><span class='ocrx_word' id='word_1_41' title='bbox 240 1067 380 1157; x_wconf 82' lang='lat' dir='ltr'><strong>losoplto</strong></span> <span class='ocrx_word' id='word_1_42' title='bbox 400 1067 567 1133; x_wconf 82' lang='lat' dir='ltr'><strong>historiam</strong></span> <span class='ocrx_word' id='word_1_43' title='bbox 583 1067 639 1132; x_wconf 93' lang='lat' dir='ltr'><strong>hic</strong></span> <span class='ocrx_word' id='word_1_44' title='bbox 651 1066 829 1156; x_wconf 86' lang='lat' dir='ltr'><strong>adjungere</strong></span> <span class='ocrx_word' id='word_1_45' title='bbox 845 1068 892 1130; x_wconf 87' lang='lat' dir='ltr'><strong>fas</strong></span> <span class='ocrx_word' id='word_1_46' title='bbox 907 1066 949 1131; x_wconf 88' lang='lat' dir='ltr'><strong>sit</strong></span> <span class='ocrx_word' id='word_1_47' title='bbox 959 1088 966 1131; x_wconf 94' lang='lat'>:</span> <span class='ocrx_word' id='word_1_48' title='bbox 976 1096 989 1122; x_wconf 77' lang='grc' dir='ltr'>ι</span> <span class='ocrx_word' id='word_1_49' title='bbox 1001 1065 1114 1148; x_wconf 92' lang='lat' dir='ltr'><strong>Quum</strong></span> <span class='ocrx_word' id='word_1_50' title='bbox 1123 1064 1171 1154; x_wconf 85' lang='lat'><strong>(2)</strong></span> <span class='ocrx_word' id='word_1_51' title='bbox 1179 1065 1323 1130; x_wconf 88' lang='lat' dir='ltr'><strong>Numatii</strong></span> 
     </span>
     <span class='ocr_line' id='line_1_8' title="bbox 240 1170 1321 1263; baseline -0.002 -25"><span class='ocrx_word' id='word_1_52' title='bbox 240 1173 416 1262; x_wconf 85' lang='lat' dir='ltr'><strong>aliquando</strong></span> <span class='ocrx_word' id='word_1_53' title='bbox 432 1195 579 1238; x_wconf 78' lang='lat' dir='ltr'><strong>caussam</strong></span> <span class='ocrx_word' id='word_1_54' title='bbox 597 1173 715 1263; x_wconf 79' lang='lat' dir='ltr'><strong>egisset</strong></span> <span class='ocrx_word' id='word_1_55' title='bbox 733 1172 865 1254; x_wconf 80' lang='lat' dir='ltr'><strong>Noster,</strong></span> <span class='ocrx_word' id='word_1_56' title='bbox 879 1172 974 1260; x_wconf 89' lang='lat' dir='ltr'><strong>isque</strong></span> <span class='ocrx_word' id='word_1_57' title='bbox 985 1170 1135 1251; x_wconf 84' lang='lat' dir='ltr'><strong>judicum</strong></span> <span class='ocrx_word' id='word_1_58' title='bbox 1153 1171 1321 1236; x_wconf 85' lang='lat' dir='ltr'><strong>sententiis</strong></span> 
     </span>
     <span class='ocr_line' id='line_1_9' title="bbox 241 1277 1322 1368; baseline -0.001 -24"><span class='ocrx_word' id='word_1_59' title='bbox 241 1281 410 1345; x_wconf 89' lang='lat' dir='ltr'><strong>absolutus</strong></span> <span class='ocrx_word' id='word_1_60' title='bbox 423 1295 537 1368; x_wconf 86' lang='lat' dir='ltr'><strong>postea</strong></span> <span class='ocrx_word' id='word_1_61' title='bbox 548 1329 557 1362; x_wconf 97' lang='lat'><strong>,</strong></span> <span class='ocrx_word' id='word_1_62' title='bbox 570 1280 670 1345; x_wconf 85' lang='lat' dir='ltr'><strong>Tullii</strong></span> <span class='ocrx_word' id='word_1_63' title='bbox 684 1279 889 1361; x_wconf 82' lang='lat' dir='ltr'><strong>familiarem,</strong></span> <span class='ocrx_word' id='word_1_64' title='bbox 906 1277 1062 1343; x_wconf 88' lang='lat' dir='ltr'><strong>Sabinum</strong></span> <span class='ocrx_word' id='word_1_65' title='bbox 1078 1294 1263 1360; x_wconf 86' lang='lat' dir='ltr'><strong>accusaret,</strong></span> <span class='ocrx_word' id='word_1_66' title='bbox 1279 1277 1322 1343; x_wconf 89' lang='lat' dir='ltr'><strong>ita</strong></span> 
     </span>
     <span class='ocr_line' id='line_1_10' title="bbox 243 1371 1322 1474; baseline -0.003 -23"><span class='ocrx_word' id='word_1_67' title='bbox 243 1386 297 1451; x_wconf 87' lang='lat' dir='ltr'><strong>hic</strong></span> <span class='ocrx_word' id='word_1_68' title='bbox 316 1385 528 1452; x_wconf 82' lang='lat' dir='ltr'><strong>excanduisse</strong></span> <span class='ocrx_word' id='word_1_69' title='bbox 546 1385 677 1468; x_wconf 90' lang='lat' dir='ltr'><strong>dicitur,</strong></span> <span class='ocrx_word' id='word_1_70' title='bbox 694 1386 783 1449; x_wconf 91' lang='lat' dir='ltr'><strong>utin</strong></span> <span class='ocrx_word' id='word_1_71' title='bbox 800 1385 861 1450; x_wconf 85' lang='lat' dir='ltr'><strong>ista</strong></span> <span class='ocrx_word' id='word_1_72' title='bbox 875 1385 973 1448; x_wconf 81' lang='lat' dir='ltr'><strong>rerba</strong></span> <span class='ocrx_word' id='word_1_73' title='bbox 994 1384 1138 1474; x_wconf 79' lang='lat' dir='ltr'><strong>eruperit</strong></span> <span class='ocrx_word' id='word_1_74' title='bbox 1151 1371 1160 1448; x_wconf 77' lang='grc' dir='ltr'>Ξ</span> <span class='ocrx_word' id='word_1_75' title='bbox 1172 1383 1224 1448; x_wconf 81' lang='lat' dir='ltr'><strong>Tu</strong></span> <span class='ocrx_word' id='word_1_76' title='bbox 1240 1383 1322 1448; x_wconf 89' lang='lat' dir='ltr'><strong>scili·</strong></span> 
     </span>
     <span class='ocr_line' id='line_1_11' title="bbox 243 1490 1322 1580; baseline -0.004 -22"><span class='ocrx_word' id='word_1_77' title='bbox 243 1509 313 1575; x_wconf 90' lang='lat' dir='ltr'><strong>cet,</strong></span> <span class='ocrx_word' id='word_1_78' title='bbox 332 1492 484 1557; x_wconf 85' lang='lat' dir='ltr'><strong>Numati!</strong></span> <span class='ocrx_word' id='word_1_79' title='bbox 503 1493 559 1556; x_wconf 92' lang='lat' dir='ltr'><strong>illo</strong></span> <span class='ocrx_word' id='word_1_80' title='bbox 579 1508 612 1556; x_wconf 91' lang='lat' dir='ltr'><strong>te</strong></span> <span class='ocrx_word' id='word_1_81' title='bbox 630 1493 766 1557; x_wconf 86' lang='lat' dir='ltr'><strong>crimine</strong></span> <span class='ocrx_word' id='word_1_82' title='bbox 782 1508 839 1556; x_wconf 86' lang='lat' dir='ltr'><strong>tua</strong></span> <span class='ocrx_word' id='word_1_83' title='bbox 856 1513 955 1579; x_wconf 89' lang='lat' dir='ltr'><strong>opera</strong></span> <span class='ocrx_word' id='word_1_84' title='bbox 975 1507 1097 1580; x_wconf 91' lang='lat' dir='ltr'><strong>tuaque</strong></span> <span class='ocrx_word' id='word_1_85' title='bbox 1114 1491 1256 1556; x_wconf 77' lang='lat' dir='ltr'><strong>liberasti</strong></span> <span class='ocrx_word' id='word_1_86' title='bbox 1272 1490 1322 1554; x_wconf 91' lang='lat' dir='ltr'><strong>in·</strong></span> 
     </span>
     <span class='ocr_line' id='line_1_12' title="bbox 243 1596 1319 1689; baseline -0.002 -26"><span class='ocrx_word' id='word_1_87' title='bbox 243 1599 412 1680; x_wconf 88' lang='lat' dir='ltr'><strong>nocentia,</strong></span> <span class='ocrx_word' id='word_1_88' title='bbox 430 1621 498 1663; x_wconf 89' lang='lat' dir='ltr'><strong>non</strong></span> <span class='ocrx_word' id='word_1_89' title='bbox 515 1596 607 1686; x_wconf 88' lang='lat' dir='ltr'><strong>qnod</strong></span> <span class='ocrx_word' id='word_1_90' title='bbox 623 1619 684 1689; x_wconf 88' lang='lat' dir='ltr'><strong>ego</strong></span> <span class='ocrx_word' id='word_1_91' title='bbox 707 1599 843 1662; x_wconf 90' lang='lat' dir='ltr'><strong>multam</strong></span> <span class='ocrx_word' id='word_1_92' title='bbox 859 1597 1030 1688; x_wconf 89' lang='lat' dir='ltr'><strong>caliginem</strong></span> <span class='ocrx_word' id='word_1_93' title='bbox 1045 1598 1217 1663; x_wconf 86' lang='lat' dir='ltr'><strong>tribunalis</strong></span> <span class='ocrx_word' id='word_1_94' title='bbox 1231 1599 1319 1662; x_wconf 81' lang='lat' dir='ltr'><strong>offit-</strong></span> 
     </span>
     <span class='ocr_line' id='line_1_13' title="bbox 242 1702 1321 1794; baseline -0.001 -26"><span class='ocrx_word' id='word_1_95' title='bbox 242 1703 346 1768; x_wconf 88' lang='lat' dir='ltr'><strong>derim</strong></span> <span class='ocrx_word' id='word_1_96' title='bbox 358 1705 493 1768; x_wconf 89' lang='lat' dir='ltr'><strong>lumini!</strong></span> <span class='ocrx_word' id='word_1_97' title='bbox 509 1702 600 1769; x_wconf 88' lang='lat' dir='ltr'><strong>Idem</strong></span> <span class='ocrx_word' id='word_1_98' title='bbox 609 1702 622 1792; x_wconf 95' lang='lat'>(</span> <span class='ocrx_word' id='word_1_99' title='bbox 630 1705 735 1794; x_wconf 90' lang='lat' dir='ltr'><strong>pergit</strong></span> <span class='ocrx_word' id='word_1_100' title='bbox 749 1703 979 1793; x_wconf 79' lang='lat' dir='ltr'><strong>Plutarchus),</strong></span> <span class='ocrx_word' id='word_1_101' title='bbox 991 1703 1039 1769; x_wconf 89' lang='grc' dir='ltr'><strong>Μ.</strong></span> <span class='ocrx_word' id='word_1_102' title='bbox 1049 1705 1203 1769; x_wconf 88' lang='lat' dir='ltr'><strong>Crassum</strong></span> <span class='ocrx_word' id='word_1_103' title='bbox 1215 1702 1321 1768; x_wconf 87' lang='lat' dir='ltr'><strong>multis</strong></span> 
     </span>
     <span class='ocr_line' id='line_1_14' title="bbox 245 1807 1320 1901; baseline -0.001 -26"><span class='ocrx_word' id='word_1_104' title='bbox 245 1813 437 1899; x_wconf 83' lang='lat' dir='ltr'><strong>magnisque</strong></span> <span class='ocrx_word' id='word_1_105' title='bbox 454 1807 606 1875; x_wconf 87' lang='lat' dir='ltr'><strong>laudibus</strong></span> <span class='ocrx_word' id='word_1_106' title='bbox 619 1835 679 1901; x_wconf 88' lang='lat' dir='ltr'><strong>pro</strong></span> <span class='ocrx_word' id='word_1_107' title='bbox 701 1812 814 1876; x_wconf 87' lang='lat' dir='ltr'><strong>rostris</strong></span> <span class='ocrx_word' id='word_1_108' title='bbox 829 1827 1018 1896; x_wconf 79' lang='lat' dir='ltr'><strong>ornaverat3</strong></span> <span class='ocrx_word' id='word_1_109' title='bbox 1035 1831 1127 1893; x_wconf 80' lang='lat' dir='ltr'><strong>mox,</strong></span> <span class='ocrx_word' id='word_1_110' title='bbox 1146 1813 1255 1900; x_wconf 82' lang='lat' dir='ltr'><strong>paucis</strong></span> <span class='ocrx_word' id='word_1_111' title='bbox 1267 1812 1320 1874; x_wconf 92' lang='lat' dir='ltr'><strong>in·</strong></span> 
     </span>
     <span class='ocr_line' id='line_1_15' title="bbox 244 1913 1322 2006; baseline 0 -26"><span class='ocrx_word' id='word_1_112' title='bbox 244 1916 383 1996; x_wconf 88' lang='lat' dir='ltr'><strong>terjectis</strong></span> <span class='ocrx_word' id='word_1_113' title='bbox 401 1913 538 1993; x_wconf 91' lang='lat' dir='ltr'><strong>diebus,</strong></span> <span class='ocrx_word' id='word_1_114' title='bbox 555 1917 600 1981; x_wconf 93' lang='lat' dir='ltr'><strong>illi</strong></span> <span class='ocrx_word' id='word_1_115' title='bbox 617 1939 721 2006; x_wconf 90' lang='lat' dir='ltr'><strong>quum</strong></span> <span class='ocrx_word' id='word_1_116' title='bbox 739 1916 909 2001; x_wconf 88' lang='lat' dir='ltr'><strong>illuderet,</strong></span> <span class='ocrx_word' id='word_1_117' title='bbox 925 1917 1008 1982; x_wconf 85' lang='lat' dir='ltr'><strong>dixit</strong></span> <span class='ocrx_word' id='word_1_118' title='bbox 1024 1916 1078 1981; x_wconf 87' lang='lat' dir='ltr'><strong>hic</strong></span> <span class='ocrx_word' id='word_1_119' title='bbox 1099 1939 1110 1983; x_wconf 76' lang='grc' dir='ltr'><em>τ</em></span> <span class='ocrx_word' id='word_1_120' title='bbox 1127 1916 1202 1982; x_wconf 80' lang='lat' dir='ltr'><strong>Ain’</strong></span> <span class='ocrx_word' id='word_1_121' title='bbox 1223 1913 1322 1981; x_wconf 83' lang='lat' dir='ltr'><strong>vero?</strong></span> 
     </span>
     <span class='ocr_line' id='line_1_16' title="bbox 244 2021 1321 2112; baseline -0.001 -24"><span class='ocrx_word' id='word_1_122' title='bbox 244 2039 325 2088; x_wconf 89' lang='lat' dir='ltr'><strong>tune</strong></span> <span class='ocrx_word' id='word_1_123' title='bbox 337 2023 397 2086; x_wconf 89' lang='lat' dir='ltr'><strong>iste</strong></span> <span class='ocrx_word' id='word_1_124' title='bbox 410 2022 512 2087; x_wconf 90' lang='lat' dir='ltr'><strong>homo</strong></span> <span class='ocrx_word' id='word_1_125' title='bbox 526 2045 576 2105; x_wconf 87' lang='lat' dir='ltr'><strong>es,</strong></span> <span class='ocrx_word' id='word_1_126' title='bbox 595 2024 655 2112; x_wconf 85' lang='lat' dir='ltr'><strong>qni</strong></span> <span class='ocrx_word' id='word_1_127' title='bbox 668 2047 720 2089; x_wconf 88' lang='lat' dir='ltr'><strong>rue</strong></span> <span class='ocrx_word' id='word_1_128' title='bbox 730 2023 820 2088; x_wconf 91' lang='lat' dir='ltr'><strong>haud</strong></span> <span class='ocrx_word' id='word_1_129' title='bbox 834 2025 877 2088; x_wconf 85' lang='lat' dir='ltr'><strong>ita</strong></span> <span class='ocrx_word' id='word_1_130' title='bbox 895 2023 1020 2112; x_wconf 78' lang='lat' dir='ltr'><strong>pridem</strong></span> <span class='ocrx_word' id='word_1_131' title='bbox 1034 2043 1073 2089; x_wconf 83' lang='lat' dir='ltr'><strong>ex</strong></span> <span class='ocrx_word' id='word_1_132' title='bbox 1089 2021 1156 2088; x_wconf 89' lang='lat' dir='ltr'><strong>hoc</strong></span> <span class='ocrx_word' id='word_1_133' title='bbox 1166 2021 1237 2112; x_wconf 91' lang='lat' dir='ltr'><strong>ipso</strong></span> <span class='ocrx_word' id='word_1_134' title='bbox 1250 2023 1321 2087; x_wconf 86' lang='lat' dir='ltr'><strong>loco</strong></span> 
     </span>
     <span class='ocr_line' id='line_1_17' title="bbox 246 2127 1323 2220; baseline 0 -28"><span class='ocrx_word' id='word_1_135' title='bbox 246 2127 418 2218; x_wconf 86' lang='lat' dir='ltr'><strong>magnifice</strong></span> <span class='ocrx_word' id='word_1_136' title='bbox 435 2128 595 2194; x_wconf 81' lang='lat' dir='ltr'><strong>laudasti?</strong></span> <span class='ocrx_word' id='word_1_137' title='bbox 613 2131 713 2196; x_wconf 87' lang='lat' dir='ltr'><strong>Recte</strong></span> <span class='ocrx_word' id='word_1_138' title='bbox 736 2130 750 2219; x_wconf 90' lang='lat'>(</span> <span class='ocrx_word' id='word_1_139' title='bbox 759 2129 929 2220; x_wconf 90' lang='lat' dir='ltr'><strong>respondit</strong></span> <span class='ocrx_word' id='word_1_140' title='bbox 945 2129 1077 2218; x_wconf 84' lang='lat' dir='ltr'><strong>orator)</strong></span> <span class='ocrx_word' id='word_1_141' title='bbox 1089 2129 1099 2193; x_wconf 83' lang='lat' dir='ltr'><strong>l</strong></span> <span class='ocrx_word' id='word_1_142' title='bbox 1111 2147 1208 2220; x_wconf 89' lang='lat' dir='ltr'><strong>turpe</strong></span> <span class='ocrx_word' id='word_1_143' title='bbox 1230 2129 1323 2193; x_wconf 87' lang='lat' dir='ltr'><strong>nimi·</strong></span> 
     </span>
     <span class='ocr_line' id='line_1_18' title="bbox 246 2231 1322 2326; baseline 0 -28"><span class='ocrx_word' id='word_1_144' title='bbox 246 2257 340 2318; x_wconf 91' lang='lat' dir='ltr'><strong>rum,</strong></span> <span class='ocrx_word' id='word_1_145' title='bbox 362 2235 507 2300; x_wconf 86' lang='lat' dir='ltr'><strong>exercitii</strong></span> <span class='ocrx_word' id='word_1_146' title='bbox 522 2251 554 2300; x_wconf 90' lang='lat' dir='ltr'><strong>et</strong></span> <span class='ocrx_word' id='word_1_147' title='bbox 568 2235 813 2302; x_wconf 88' lang='lat' dir='ltr'><strong>commentandi</strong></span> <span class='ocrx_word' id='word_1_148' title='bbox 830 2237 953 2326; x_wconf 85' lang='lat' dir='ltr'><strong>gratia,</strong></span> <span class='ocrx_word' id='word_1_149' title='bbox 973 2251 1206 2326; x_wconf 81' lang='lat' dir='ltr'><strong>argumentum</strong></span> <span class='ocrx_word' id='word_1_150' title='bbox 1220 2231 1322 2299; x_wconf 88' lang='lat' dir='ltr'><strong>decla·</strong></span> 
     </span>
     <span class='ocr_line' id='line_1_19' title="bbox 246 2357 400 2408; baseline 0.032 -5"><span class='ocrx_word' id='word_1_151' title='bbox 246 2357 400 2408; x_wconf 77' lang='lat' dir='ltr'><strong>nutans».</strong></span> 
     </span>
    </p>

    <p class='ocr_par' dir='ltr' id='par_1_3' title="bbox 246 2443 1326 3164">
     <span class='ocr_line' id='line_1_20' title="bbox 290 2443 1321 2534; baseline -0.001 -27"><span class='ocrx_word' id='word_1_152' title='bbox 290 2444 399 2525; x_wconf 88' lang='lat' dir='ltr'><strong>Quam</strong></span> <span class='ocrx_word' id='word_1_153' title='bbox 418 2444 606 2508; x_wconf 86' lang='lat' dir='ltr'><strong>brevissime</strong></span> <span class='ocrx_word' id='word_1_154' title='bbox 624 2445 738 2531; x_wconf 91' lang='lat' dir='ltr'><strong>potui,</strong></span> <span class='ocrx_word' id='word_1_155' title='bbox 766 2443 926 2512; x_wconf 85' lang='lat' dir='ltr'><strong>nonnulla</strong></span> <span class='ocrx_word' id='word_1_156' title='bbox 938 2461 1130 2534; x_wconf 87' lang='lat' dir='ltr'><strong>argumenta</strong></span> <span class='ocrx_word' id='word_1_157' title='bbox 1148 2445 1321 2533; x_wconf 83' lang='lat' dir='ltr'><strong>proposui,</strong></span> 
     </span>
     <span class='ocr_line' id='line_1_21' title="bbox 246 2549 1324 2637; baseline 0.001 -26"><span class='ocrx_word' id='word_1_158' title='bbox 246 2549 367 2637; x_wconf 91' lang='lat' dir='ltr'><strong>quibus</strong></span> <span class='ocrx_word' id='word_1_159' title='bbox 383 2564 529 2631; x_wconf 85' lang='lat' dir='ltr'><strong>constet,</strong></span> <span class='ocrx_word' id='word_1_160' title='bbox 547 2564 709 2636; x_wconf 87' lang='lat' dir='ltr'><strong>quantum</strong></span> <span class='ocrx_word' id='word_1_161' title='bbox 726 2549 881 2636; x_wconf 88' lang='lat' dir='ltr'><strong>ponderis</strong></span> <span class='ocrx_word' id='word_1_162' title='bbox 899 2550 1017 2614; x_wconf 82' lang='lat' dir='ltr'><strong>lrabeat</strong></span> <span class='ocrx_word' id='word_1_163' title='bbox 1031 2550 1149 2631; x_wconf 79' lang='lat' dir='ltr'><strong>Tullii,</strong></span> <span class='ocrx_word' id='word_1_164' title='bbox 1164 2565 1204 2614; x_wconf 89' lang='lat' dir='ltr'><strong>ut</strong></span> <span class='ocrx_word' id='word_1_165' title='bbox 1218 2563 1324 2613; x_wconf 84' lang='lat' dir='ltr'><strong>orato·</strong></span> 
     </span>
     <span class='ocr_line' id='line_1_22' title="bbox 248 2653 1326 2737; baseline 0 -19"><span class='ocrx_word' id='word_1_166' title='bbox 248 2654 308 2737; x_wconf 90' lang='lat' dir='ltr'><strong>ris,</strong></span> <span class='ocrx_word' id='word_1_167' title='bbox 327 2653 564 2718; x_wconf 87' lang='lat' dir='ltr'><strong>testimonium.</strong></span> <span class='ocrx_word' id='word_1_168' title='bbox 589 2653 675 2718; x_wconf 89' lang='lat' dir='ltr'><strong>Huic</strong></span> <span class='ocrx_word' id='word_1_169' title='bbox 690 2675 768 2718; x_wconf 88' lang='lat' dir='ltr'><strong>vero</strong></span> <span class='ocrx_word' id='word_1_170' title='bbox 782 2655 815 2718; x_wconf 90' lang='lat' dir='ltr'><strong>in</strong></span> <span class='ocrx_word' id='word_1_171' title='bbox 834 2655 930 2719; x_wconf 86' lang='lat' dir='ltr'><strong>lCtos</strong></span> <span class='ocrx_word' id='word_1_172' title='bbox 948 2655 1060 2720; x_wconf 83' lang='lat' dir='ltr'><strong>ironiae</strong></span> <span class='ocrx_word' id='word_1_173' title='bbox 1077 2677 1117 2720; x_wconf 93' lang='lat' dir='ltr'><strong>eo</strong></span> <span class='ocrx_word' id='word_1_174' title='bbox 1133 2655 1243 2720; x_wconf 88' lang='lat' dir='ltr'><strong>minus</strong></span> <span class='ocrx_word' id='word_1_175' title='bbox 1259 2675 1326 2718; x_wconf 87' lang='lat' dir='ltr'><strong>cre-</strong></span> 
     </span>
     <span class='ocr_line' id='line_1_23' title="bbox 246 2759 1325 2854; baseline 0.001 -27"><span class='ocrx_word' id='word_1_176' title='bbox 246 2759 392 2827; x_wconf 90' lang='lat' dir='ltr'><strong>dendum</strong></span> <span class='ocrx_word' id='word_1_177' title='bbox 405 2779 466 2847; x_wconf 89' lang='lat' dir='ltr'><strong>est,</strong></span> <span class='ocrx_word' id='word_1_178' title='bbox 481 2759 571 2851; x_wconf 92' lang='lat' dir='ltr'><strong>quod</strong></span> <span class='ocrx_word' id='word_1_179' title='bbox 584 2762 767 2851; x_wconf 80' lang='lat' dir='ltr'><strong>aSulpiciO,</strong></span> <span class='ocrx_word' id='word_1_180' title='bbox 785 2764 842 2852; x_wconf 94' lang='lat' dir='ltr'><strong>qui</strong></span> <span class='ocrx_word' id='word_1_181' title='bbox 853 2763 1120 2853; x_wconf 73' lang='lat' dir='ltr'><strong>jurisprudentiae</strong></span> <span class='ocrx_word' id='word_1_182' title='bbox 1136 2763 1325 2854; x_wconf 87' lang='lat' dir='ltr'><strong>dignitatern</strong></span> 
     </span>
     <span class='ocr_line' id='line_1_24' title="bbox 248 2868 1324 2959; baseline -0.001 -26"><span class='ocrx_word' id='word_1_183' title='bbox 248 2869 378 2958; x_wconf 89' lang='lat' dir='ltr'><strong>copiose</strong></span> <span class='ocrx_word' id='word_1_184' title='bbox 406 2885 585 2958; x_wconf 89' lang='lat' dir='ltr'><strong>ornateque</strong></span> <span class='ocrx_word' id='word_1_185' title='bbox 612 2868 860 2959; x_wconf 70' lang='lat' dir='ltr'><strong>predicaverat,</strong></span> <span class='ocrx_word' id='word_1_186' title='bbox 886 2883 1089 2958; x_wconf 76' lang='lat' dir='ltr'><strong>provocatus·</strong></span> <span class='ocrx_word' id='word_1_187' title='bbox 1104 2872 1140 2934; x_wconf 90' lang='lat' dir='ltr'><strong>in</strong></span> <span class='ocrx_word' id='word_1_188' title='bbox 1165 2887 1324 2934; x_wconf 89' lang='lat' dir='ltr'><strong>certamen</strong></span> 
     </span>
     <span class='ocr_line' id='line_1_25' title="bbox 246 2963 1325 3066; baseline -0.001 -26"><span class='ocrx_word' id='word_1_189' title='bbox 246 2975 433 3042; x_wconf 83' lang='lat' dir='ltr'><strong>videretur:</strong></span> <span class='ocrx_word' id='word_1_190' title='bbox 449 2977 517 3065; x_wconf 89' lang='lat' dir='ltr'><strong>ipse</strong></span> <span class='ocrx_word' id='word_1_191' title='bbox 528 2991 638 3041; x_wconf 86' lang='lat' dir='ltr'><strong>autern</strong></span> <span class='ocrx_word' id='word_1_192' title='bbox 653 2963 814 3040; x_wconf 79' lang='lat' dir='ltr'><strong>fatebatur</strong></span> <span class='ocrx_word' id='word_1_193' title='bbox 826 2975 891 3064; x_wconf 83' lang='lat'><strong>(3),</strong></span> <span class='ocrx_word' id='word_1_194' title='bbox 903 2999 1008 3065; x_wconf 70' lang='lat' dir='ltr'><strong>«saepe</strong></span> <span class='ocrx_word' id='word_1_195' title='bbox 1025 3001 1059 3042; x_wconf 85' lang='lat' dir='ltr'><strong>se</strong></span> <span class='ocrx_word' id='word_1_196' title='bbox 1076 2976 1196 3066; x_wconf 83' lang='lat' dir='ltr'><strong>aliquid</strong></span> <span class='ocrx_word' id='word_1_197' title='bbox 1210 2976 1325 3056; x_wconf 88' lang='lat' dir='ltr'><strong>dicere,</strong></span> 
     </span>
     <span class='ocr_line' id='line_1_26' title="bbox 247 3081 1325 3164; baseline 0 -18"><span class='ocrx_word' id='word_1_198' title='bbox 247 3105 318 3147; x_wconf 87' lang='lat' dir='ltr'><strong>non</strong></span> <span class='ocrx_word' id='word_1_199' title='bbox 334 3081 446 3147; x_wconf 86' lang='lat' dir='ltr'><strong>studio</strong></span> <span class='ocrx_word' id='word_1_200' title='bbox 462 3082 640 3149; x_wconf 86' lang='lat' dir='ltr'><strong>adductum</strong></span> <span class='ocrx_word' id='word_1_201' title='bbox 655 3130 665 3164; x_wconf 90' lang='lat'><strong>,</strong></span> <span class='ocrx_word' id='word_1_202' title='bbox 683 3082 740 3146; x_wconf 87' lang='lat' dir='ltr'><strong>scd</strong></span> <span class='ocrx_word' id='word_1_203' title='bbox 758 3084 970 3147; x_wconf 89' lang='lat' dir='ltr'><strong>contentione</strong></span> <span class='ocrx_word' id='word_1_204' title='bbox 986 3082 1116 3147; x_wconf 61' lang='lat' dir='ltr'><strong>dmendi</strong></span> <span class='ocrx_word' id='word_1_205' title='bbox 1133 3099 1190 3148; x_wconf 88' lang='lat' dir='ltr'><strong>aut</strong></span> <span class='ocrx_word' id='word_1_206' title='bbox 1204 3081 1325 3147; x_wconf 58' lang='lat' dir='ltr'><strong>lacessi</strong></span> 
     </span>
    </p>
   </div>
   <div class='ocr_carea' id='block_1_3' title="bbox 229 3354 1327 4228">
    <p class='ocr_par' dir='ltr' id='par_1_4' title="bbox 229 3354 1327 3686">
     <span class='ocr_line' id='line_1_27' title="bbox 250 3354 1326 3422; baseline -0.002 -18"><span class='ocrx_word' id='word_1_207' title='bbox 250 3371 328 3422; x_wconf 82' lang='lat' dir='ltr'><strong>quant</strong></span> <span class='ocrx_word' id='word_1_208' title='bbox 345 3355 403 3420; x_wconf 84' lang='lat' dir='ltr'><strong>plns</strong></span> <span class='ocrx_word' id='word_1_209' title='bbox 414 3369 466 3404; x_wconf 84' lang='lat' dir='ltr'><strong>nno</strong></span> <span class='ocrx_word' id='word_1_210' title='bbox 481 3369 566 3403; x_wconf 78' lang='lat' dir='ltr'><strong>rernm</strong></span> <span class='ocrx_word' id='word_1_211' title='bbox 579 3371 631 3402; x_wconf 82' lang='lat' dir='ltr'><strong>esse</strong></span> <span class='ocrx_word' id='word_1_212' title='bbox 643 3370 696 3402; x_wconf 88' lang='lat' dir='ltr'><strong>non</strong></span> <span class='ocrx_word' id='word_1_213' title='bbox 709 3354 797 3418; x_wconf 82' lang='lat' dir='ltr'><strong>possit.</strong></span> <span class='ocrx_word' id='word_1_214' title='bbox 811 3355 845 3403; x_wconf 85' lang='lat' dir='ltr'><strong>Ut</strong></span> <span class='ocrx_word' id='word_1_215' title='bbox 861 3355 937 3418; x_wconf 80' lang='lat' dir='ltr'><strong>igitar</strong></span> <span class='ocrx_word' id='word_1_216' title='bbox 954 3356 980 3402; x_wconf 88' lang='lat' dir='ltr'><strong>in</strong></span> <span class='ocrx_word' id='word_1_217' title='bbox 996 3355 1119 3416; x_wconf 78' lang='lat' dir='ltr'><strong>ejusmodi</strong></span> <span class='ocrx_word' id='word_1_218' title='bbox 1137 3371 1177 3414; x_wconf 82' lang='lat' dir='ltr'><strong>re,</strong></span> <span class='ocrx_word' id='word_1_219' title='bbox 1191 3370 1246 3419; x_wconf 68' lang='lat' dir='ltr'><strong>quar</strong></span> <span class='ocrx_word' id='word_1_220' title='bbox 1261 3369 1326 3402; x_wconf 82' lang='grc' dir='ltr'>ιιι·</span> 
     </span>
     <span class='ocr_line' id='line_1_28' title="bbox 251 3443 1325 3509; baseline -0.003 -15"><span class='ocrx_word' id='word_1_221' title='bbox 251 3443 326 3494; x_wconf 81' lang='lat' dir='ltr'><strong>dacio</strong></span> <span class='ocrx_word' id='word_1_222' title='bbox 337 3445 397 3494; x_wconf 77' lang='lat' dir='ltr'><strong>nixa</strong></span> <span class='ocrx_word' id='word_1_223' title='bbox 407 3444 453 3502; x_wconf 85' lang='lat' dir='ltr'><strong>sit,</strong></span> <span class='ocrx_word' id='word_1_224' title='bbox 467 3459 522 3508; x_wconf 79' lang='lat' dir='ltr'><strong>quas</strong></span> <span class='ocrx_word' id='word_1_225' title='bbox 535 3443 567 3492; x_wconf 85' lang='lat' dir='ltr'><strong>ad</strong></span> <span class='ocrx_word' id='word_1_226' title='bbox 580 3444 706 3492; x_wconf 65' lang='lat' dir='ltr'><strong>eciem</strong></span> <span class='ocrx_word' id='word_1_227' title='bbox 720 3459 778 3492; x_wconf 77' lang='lat' dir='ltr'><strong>noo</strong></span> <span class='ocrx_word' id='word_1_228' title='bbox 789 3457 854 3508; x_wconf 71' lang='lat' dir='ltr'><strong>seps</strong></span> <span class='ocrx_word' id='word_1_229' title='bbox 874 3443 1013 3508; x_wconf 72' lang='lat' dir='ltr'><strong>perveniat,</strong></span> <span class='ocrx_word' id='word_1_230' title='bbox 1031 3457 1086 3508; x_wconf 70' lang='lat' dir='ltr'><strong>qua</strong></span> <span class='ocrx_word' id='word_1_231' title='bbox 1099 3445 1230 3509; x_wconf 77' lang='lat' dir='ltr'><strong>opiniones</strong></span> <span class='ocrx_word' id='word_1_232' title='bbox 1247 3443 1325 3492; x_wconf 73' lang='lat' dir='ltr'><strong>honi-</strong></span> 
     </span>
     <span class='ocr_line' id='line_1_29' title="bbox 252 3531 1325 3598; baseline -0.007 -13"><span class='ocrx_word' id='word_1_233' title='bbox 252 3549 311 3586; x_wconf 82' lang='lat' dir='ltr'><strong>uunr</strong></span> <span class='ocrx_word' id='word_1_234' title='bbox 327 3545 353 3583; x_wconf 84' lang='lat' dir='ltr'><strong>et</strong></span> <span class='ocrx_word' id='word_1_235' title='bbox 367 3549 432 3598; x_wconf 71' lang='lat' dir='ltr'><strong>saepe</strong></span> <span class='ocrx_word' id='word_1_236' title='bbox 450 3543 704 3598; x_wconf 71' lang='lat' dir='ltr'><strong>momampetnr,</strong></span> <span class='ocrx_word' id='word_1_237' title='bbox 722 3532 757 3580; x_wconf 79' lang='lat' dir='ltr'><strong>its</strong></span> <span class='ocrx_word' id='word_1_238' title='bbox 774 3531 901 3593; x_wconf 53' lang='lat' dir='ltr'><strong>summi</strong></span> <span class='ocrx_word' id='word_1_239' title='bbox 914 3545 1024 3582; x_wconf 68' lang='lat' dir='ltr'><strong>mnsam</strong></span> <span class='ocrx_word' id='word_1_240' title='bbox 1038 3533 1131 3598; x_wconf 71' lang='lat' dir='ltr'><strong>putatis</strong></span> <span class='ocrx_word' id='word_1_241' title='bbox 1149 3549 1214 3592; x_wconf 69' lang='lat' dir='ltr'><strong>ute,</strong></span> <span class='ocrx_word' id='word_1_242' title='bbox 1231 3547 1325 3580; x_wconf 72' lang='lat' dir='ltr'><strong>cnm</strong></span> 
     </span>
     <span class='ocr_line' id='line_1_30' title="bbox 229 3619 1327 3686; baseline -0.002 -14"><span class='ocrx_word' id='word_1_243' title='bbox 229 3621 496 3674; x_wconf 62' lang='lat' dir='ltr'><strong>&#39;distis-Nerium</strong></span> <span class='ocrx_word' id='word_1_244' title='bbox 509 3620 562 3670; x_wconf 71' lang='lat' dir='ltr'><strong>hnc</strong></span> <span class='ocrx_word' id='word_1_245' title='bbox 573 3621 687 3686; x_wconf 80' lang='lat' dir='ltr'><strong>prolecto</strong></span> <span class='ocrx_word' id='word_1_246' title='bbox 698 3619 855 3671; x_wconf 66' lang='lat' dir='ltr'><strong>tenerulis:</strong></span> <span class='ocrx_word' id='word_1_247' title='bbox 873 3621 939 3670; x_wconf 79' lang='lat' dir='ltr'><strong>idern</strong></span> <span class='ocrx_word' id='word_1_248' title='bbox 952 3621 1173 3681; x_wconf 72' lang='lat' dir='ltr'><strong>eninucmsua,</strong></span> <span class='ocrx_word' id='word_1_249' title='bbox 1186 3622 1230 3685; x_wconf 84' lang='lat' dir='ltr'><strong>qni</strong></span> <span class='ocrx_word' id='word_1_250' title='bbox 1243 3621 1327 3670; x_wconf 60' lang='lat' dir='ltr'><strong>incao</strong></span> 
     </span>
    </p>

    <p class='ocr_par' dir='ltr' id='par_1_5' title="bbox 249 3708 1326 3866">
     <span class='ocr_line' id='line_1_31' title="bbox 251 3708 1326 3775; baseline -0.005 -14"><span class='ocrx_word' id='word_1_251' title='bbox 251 3712 283 3762; x_wconf 86' lang='lat' dir='ltr'><strong>rii</strong></span> <span class='ocrx_word' id='word_1_252' title='bbox 299 3725 384 3760; x_wconf 68' lang='lat' dir='ltr'><strong>mussa</strong></span> <span class='ocrx_word' id='word_1_253' title='bbox 402 3710 542 3775; x_wconf 67' lang='lat' dir='ltr'><strong>aquintum</strong></span> <span class='ocrx_word' id='word_1_254' title='bbox 556 3721 645 3759; x_wconf 51' lang='lat' dir='ltr'><strong>eontra¹</strong></span> <span class='ocrx_word' id='word_1_255' title='bbox 662 3709 798 3759; x_wconf 72' lang='lat' dir='ltr'><strong>Sooevolm</strong></span> <span class='ocrx_word' id='word_1_256' title='bbox 812 3709 971 3770; x_wconf 76' lang='lat' dir='ltr'><strong>defenderat,</strong></span> <span class='ocrx_word' id='word_1_257' title='bbox 985 3709 1011 3758; x_wconf 86' lang='lat' dir='ltr'><strong>iu</strong></span> <span class='ocrx_word' id='word_1_258' title='bbox 1022 3711 1104 3758; x_wconf 74' lang='lat' dir='ltr'><strong>Orattt</strong></span> <span class='ocrx_word' id='word_1_259' title='bbox 1121 3723 1206 3758; x_wconf 75' lang='lat' dir='ltr'><strong>cause</strong></span> <span class='ocrx_word' id='word_1_260' title='bbox 1219 3708 1326 3756; x_wconf 72' lang='lat' dir='ltr'><strong>adun</strong></span> 
     </span>
     <span class='ocr_line' id='line_1_32' title="bbox 249 3795 1222 3866; baseline -0.005 -17"><span class='ocrx_word' id='word_1_261' title='bbox 249 3801 289 3866; x_wconf 73' lang='lat' dir='ltr'><strong>ius</strong></span> <span class='ocrx_word' id='word_1_262' title='bbox 303 3800 378 3858; x_wconf 76' lang='lat' dir='ltr'><strong>ursit,</strong></span> <span class='ocrx_word' id='word_1_263' title='bbox 387 3798 546 3848; x_wconf 77' lang='lat' dir='ltr'><strong>stAntonius</strong></span> <span class='ocrx_word' id='word_1_264' title='bbox 559 3799 698 3862; x_wconf 60' lang='lat' dir='ltr'><strong>quitatem</strong></span> <span class='ocrx_word' id='word_1_265' title='bbox 711 3798 757 3846; x_wconf 82' lang='lat' dir='ltr'><strong>fuit</strong></span> <span class='ocrx_word' id='word_1_266' title='bbox 770 3798 854 3848; x_wconf 83' lang='lat' dir='ltr'><strong>ttritus.</strong></span> <span class='ocrx_word' id='word_1_267' title='bbox 866 3801 904 3848; x_wconf 80' lang='lat' dir='ltr'><strong>ne</strong></span> <span class='ocrx_word' id='word_1_268' title='bbox 913 3795 988 3846; x_wconf 73' lang='lat' dir='ltr'><strong>offic.</strong></span> <span class='ocrx_word' id='word_1_269' title='bbox 998 3797 1042 3846; x_wconf 75' lang='lat' dir='ltr'><strong>lili.</strong></span> <span class='ocrx_word' id='word_1_270' title='bbox 1055 3799 1106 3857; x_wconf 85' lang='lat' dir='ltr'><strong>m,</strong></span> <span class='ocrx_word' id='word_1_271' title='bbox 1117 3811 1172 3860; x_wconf 79' lang='lat' dir='ltr'><strong>cap.</strong></span> <span class='ocrx_word' id='word_1_272' title='bbox 1182 3797 1222 3845; x_wconf 77' lang='lat'><strong>16.</strong></span> 
     </span>
    </p>

    <p class='ocr_par' dir='ltr' id='par_1_6' title="bbox 286 3895 796 3964">
     <span class='ocr_line' id='line_1_33' title="bbox 286 3895 796 3964; baseline -0.002 -19"><span class='ocrx_word' id='word_1_273' title='bbox 286 3897 326 3964; x_wconf 92' lang='lat' dir='ltr'><strong>(r)</strong></span> <span class='ocrx_word' id='word_1_274' title='bbox 343 3895 385 3944; x_wconf 75' lang='lat' dir='ltr'><strong>Ad</strong></span> <span class='ocrx_word' id='word_1_275' title='bbox 395 3897 481 3944; x_wconf 80' lang='lat' dir='ltr'><strong>Diria.</strong></span> <span class='ocrx_word' id='word_1_276' title='bbox 492 3896 520 3944; x_wconf 83' lang='lat' dir='ltr'><strong>in</strong></span> <span class='ocrx_word' id='word_1_277' title='bbox 532 3895 615 3945; x_wconf 68' lang='lat' dir='ltr'><strong>Cauil.</strong></span> <span class='ocrx_word' id='word_1_278' title='bbox 629 3911 684 3961; x_wconf 79' lang='lat' dir='ltr'><strong>esp,</strong></span> <span class='ocrx_word' id='word_1_279' title='bbox 699 3895 723 3954; x_wconf 80' lang='lat'><strong>5,</strong></span> <span class='ocrx_word' id='word_1_280' title='bbox 739 3895 796 3944; x_wconf 78' lang='lat' dir='ltr'><strong>iuf-</strong></span> 
     </span>
    </p>

    <p class='ocr_par' dir='ltr' id='par_1_7' title="bbox 287 3984 653 4050">
     <span class='ocr_line' id='line_1_34' title="bbox 287 3984 653 4050; baseline 0 -16"><span class='ocrx_word' id='word_1_281' title='bbox 287 3984 328 4050; x_wconf 77' lang='lat' dir='ltr'><strong>(a)</strong></span> <span class='ocrx_word' id='word_1_282' title='bbox 345 3986 418 4035; x_wconf 70' lang='lat' dir='ltr'><strong>Tou.</strong></span> <span class='ocrx_word' id='word_1_283' title='bbox 429 3987 456 4044; x_wconf 77' lang='grc' dir='ltr'><strong>Ι,</strong></span> <span class='ocrx_word' id='word_1_284' title='bbox 469 4001 526 4050; x_wconf 78' lang='lat' dir='ltr'><strong>pag.</strong></span> <span class='ocrx_word' id='word_1_285' title='bbox 537 3987 606 4045; x_wconf 63' lang='lat' dir='ltr'><strong>sss,</strong></span> <span class='ocrx_word' id='word_1_286' title='bbox 621 3985 653 4035; x_wconf 83' lang='lat' dir='ltr'><strong>C.</strong></span> 
     </span>
    </p>

    <p class='ocr_par' dir='ltr' id='par_1_8' title="bbox 253 4067 1325 4228">
     <span class='ocr_line' id='line_1_35' title="bbox 288 4067 1325 4139; baseline -0.004 -19"><span class='ocrx_word' id='word_1_287' title='bbox 288 4073 328 4137; x_wconf 77' lang='grc'><strong>(3)</strong></span> <span class='ocrx_word' id='word_1_288' title='bbox 346 4075 394 4121; x_wconf 80' lang='lat' dir='ltr'><strong>Pro</strong></span> <span class='ocrx_word' id='word_1_289' title='bbox 410 4073 527 4134; x_wconf 75' lang='lat' dir='ltr'><strong>Plancio,</strong></span> <span class='ocrx_word' id='word_1_290' title='bbox 550 4091 604 4139; x_wconf 83' lang='lat' dir='ltr'><strong>cap.</strong></span> <span class='ocrx_word' id='word_1_291' title='bbox 622 4083 662 4131; x_wconf 68' lang='lat' dir='ltr'><strong>rt·</strong></span> <span class='ocrx_word' id='word_1_292' title='bbox 677 4095 690 4116; x_wconf 80' lang='grc' dir='ltr'>ι</span> <span class='ocrx_word' id='word_1_293' title='bbox 699 4073 813 4131; x_wconf 78' lang='lat' dir='ltr'><strong>Faciunt,</strong></span> <span class='ocrx_word' id='word_1_294' title='bbox 825 4071 895 4138; x_wconf 73' lang='lat' dir='ltr'><strong>quod</strong></span> <span class='ocrx_word' id='word_1_295' title='bbox 907 4072 953 4120; x_wconf 79' lang='lat' dir='ltr'><strong>riri</strong></span> <span class='ocrx_word' id='word_1_296' title='bbox 972 4071 1097 4120; x_wconf 67' lang='lat' dir='ltr'><strong>brusdmi</strong></span> <span class='ocrx_word' id='word_1_297' title='bbox 1110 4069 1204 4130; x_wconf 75' lang='lat' dir='ltr'><strong>solent,</strong></span> <span class='ocrx_word' id='word_1_298' title='bbox 1217 4069 1267 4119; x_wconf 70' lang='lat' dir='ltr'><strong>tui</strong></span> <span class='ocrx_word' id='word_1_299' title='bbox 1281 4067 1325 4116; x_wconf 73' lang='lat' dir='ltr'><strong>d·-</strong></span> 
     </span>
     <span class='ocr_line' id='line_1_36' title="bbox 253 4161 1104 4228; baseline -0.001 -17"><span class='ocrx_word' id='word_1_300' title='bbox 253 4163 317 4220; x_wconf 81' lang='lat' dir='ltr'><strong>lent,</strong></span> <span class='ocrx_word' id='word_1_301' title='bbox 334 4161 390 4210; x_wconf 76' lang='lat' dir='ltr'><strong>ina</strong></span> <span class='ocrx_word' id='word_1_302' title='bbox 406 4161 552 4225; x_wconf 69' lang='lat' dir='ltr'><strong>silenum,</strong></span> <span class='ocrx_word' id='word_1_303' title='bbox 568 4174 678 4226; x_wconf 76' lang='lat' dir='ltr'><strong>pugnant</strong></span> <span class='ocrx_word' id='word_1_304' title='bbox 689 4162 831 4223; x_wconf 65' lang='lat' dir='ltr'><strong>leotaldi-5</strong></span> <span class='ocrx_word' id='word_1_305' title='bbox 843 4162 996 4228; x_wconf 68' lang='lat' dir='ltr'><strong>prosalio,</strong></span> <span class='ocrx_word' id='word_1_306' title='bbox 1008 4177 1062 4228; x_wconf 79' lang='lat' dir='ltr'><strong>esp.</strong></span> <span class='ocrx_word' id='word_1_307' title='bbox 1078 4177 1104 4224; x_wconf 81' lang='lat'><strong>9.</strong></span> 
     </span>
    </p>
   </div>
   <div class='ocr_carea' id='block_1_4' title="bbox 0 0 1501 4670">
    <p class='ocr_par' dir='ltr' id='par_1_9' title="bbox 0 0 1501 4670">
     <span class='ocr_line' id='line_1_37' title="bbox 0 0 1501 4670; baseline 0 0"><span class='ocrx_word' id='word_1_308' title='bbox 0 0 1501 4670; x_wconf 95' lang='lat' dir='ltr'><strong> </strong></span> 
     </span>
    </p>
   </div>
  </div>
 </body>
</html>
