3020 4668
223 301 294 398 392
548 303 596 372 ιι.
622 304 661 370 r.
687 302 966 374 cressonis

221 437 419 520 erumpunt
449 423 595 494 omnia?
626 425 727 494 Muta
752 424 828 519 jam
861 427 965 495 istam
995 437 1175 513 mentem,
1201 425 1292 498 mibi

222 533 348 619 crede,
367 529 580 603 obliviscere
598 531 724 620 caedis,
741 546 849 630 atque
864 533 1116 604 incendiorum
1133 563 1140 606 :
1158 538 1292 607 teneris

224 642 408 740 undique:
425 641 504 714 luce
520 658 605 715 sunt
619 643 769 714 clariora
782 643 890 714 nobis
908 658 969 716 tua
985 645 1133 716 consilia
1151 648 1290 718 omnia:

225 778 306 852 quae
336 755 442 824 etiam
473 777 615 826 mecum
641 753 724 826 licet
751 779 998 851 recognoscas.
1025 758 1291 843 Meministine,

223 878 386 936 meante
411 863 506 935 diem
533 889 582 934 xu
608 851 780 944 kalendas
805 863 992 936 novembr.
1004 861 1019 908 ⁵
1040 863 1213 936 dicerem
1235 890 1292 936 sc·

224 988 327 1060 natu,
349 987 450 1045 certo
452 971 529 1042 die
548 949 662 1044 fore
652 997 690 1042 sn
711 973 820 1043 armis
827 978 919 1070 ,qui
941 973 1018 1046 dies
1036 973 1181 1046 futurus
1200 989 1295 1047 esset

226 1079 426 1154 antediem
454 1107 492 1151 vr
518 1079 586 1150 kal.
614 1080 902 1166 novembris,C.
923 1082 1119 1170 Mallium⁶,
1140 1083 1296 1158 audaciae

226 1191 416 1264 satellitem
441 1205 551 1288 atque
577 1189 829 1262 administrum
852 1193 944 1263 ture?
958 1195 1054 1263 Num
1072 1215 1131 1294 me
1148 1191 1295 1281 fefellit,

228 1301 398 1389 Catilina,
416 1325 491 1372 nou
510 1299 695 1386 moderes
716 1315 836 1389 tanta,
857 1315 930 1372 tam
953 1317 1072 1390 atrox,
1095 1317 1167 1374 tam
1187 1306 1298 1374 incre·

227 1411 369 1498 dibilis‚
382 1435 525 1500 verum,
541 1407 579 1482 id
592 1409 692 1506 quod
708 1411 825 1482 multo
836 1413 949 1523 magis
962 1426 1017 1484 est
1031 1411 1297 1498 admirandum,

227 1521 326 1596 dies?
344 1523 426 1594 Dixi
442 1546 510 1619 ego
530 1507 655 1592 idem'
647 1546 685 1590 ιιι
701 1535 850 1610 senatu,
873 1507 1006 1594 casdem
1024 1538 1062 1593 te
1079 1524 1298 1620 optimatum

230 1631 457 1706 contulisse
447 1657 486 1703 ru
512 1630 715 1703 antediem
733 1656 756 1700 v
775 1630 947 1704 kalendas
970 1630 1196 1719 novembr-is,
1219 1645 1299 1702 tum

221 1767 346 1840 quum
367 1742 472 1814 multi
495 1743 700 1839 principes⁷
731 1743 882 1814 civitatis
903 1747 1018 1814 Roma
1038 1765 1119 1812 non
1146 1755 1218 1812 tam
1241 1743 1300 1812 sui

230 1852 486 1940 conservandi,
509 1875 619 1948 quam
639 1867 788 1924 tuorum
801 1853 1035 1925 consiliorum
1052 1849 1300 1951 reprimendo·

232 1958 338 2033 rum⁸
358 1985 464 2032 causa
485 1959 736 2059 profugerunt.
758 1965 855 2034 Num
874 1961 1019 2034 infitiari
1042 1977 1163 2060 potes,
1184 1977 1221 2032 te
1236 1961 1299 2032 illo

230 2075 311 2170 ipso
339 2069 397 2142 die
427 2071 514 2142 meis
545 2071 742 2168 praesidiis,
769 2096 850 2144 mea
878 2072 1062 2170 diligentia
1090 2071 1302 2144 circumclu-

230 2205 336 2270 sum,
362 2204 592 2252 commovere
623 2194 659 2252 te
692 2197 818 2253 contra
848 2181 1110 2280 rempublicam
1135 2206 1211 2253 non
1233 2203 1300 2279 po-

234 2292 362 2375 tuisse,
386 2314 501 2386 quum
520 2305 577 2376 tu,
599 2289 757 2363 discessu
779 2306 1003 2382 ceterorum,
1025 2307 1147 2364 nostra
1162 2307 1299 2380 tamen,

233 2402 298 2498 qui
321 2403 631 2491 remansissemus,
656 2401 751 2473 caede
780 2416 1012 2490 cernentum,
1043 2417 1081 2475 te
1106 2429 1183 2475 esse
1203 2403 1302 2474 diee-

233 2511 318 2584 bas?
336 2510 458 2603 Quid?
478 2535 593 2609 quum
616 2526 657 2582 tu
679 2527 714 2584 te
733 2517 934 2585 Praeneste9
952 2512 1113 2584 kalendis
1135 2514 1220 2613 ipsis
1242 2537 1304 2582 no-

236 2618 394 2692 vembris
424 2635 687 2718 occupaturum
715 2637 895 2694 nocturno
921 2624 1060 2721 impetu
1087 2646 1165 2696 esse
1191 2620 1303 2694 conli-

237 2727 360 2820 deres,
383 2732 590 2818 sensistine,
618 2729 717 2810 illam
743 2731 925 2806 coloniam
953 2757 1036 2805 meo
1058 2733 1163 2829 jussu
1188 2733 1305 2832 praesi·

237 2983 317 3032 noctis
324 2981 450 3031 tenebras:
460 2993 602 3046 errsmpnnt,
609 2981 641 3030 ad
647 2981 751 3046 privatae
793 2975 872 3022 minis
880 2974 956 3022 illoti·
966 2975 1068 3024 &illim
1080 2984 1222 3032 mmm,
1234 2983 1262 3021 ¹¹⁸
1273 2989 1304 3022 ⁸¹

238 3061 327 3112 comm
340 3062 443 3126 passu·
456 3062 548 3110 niun.
561 3060 600 3110 cs.
615 3063 683 3111 oue
698 3064 751 3122 su,
794 3051 1305 3117 ubedisoedenntsmsmenimetdem

239 3141 305 3202 1,3.
689 3180 691 3184 ,
794 3133 938 3198 propediem
951 3148 1001 3186 ‚uase
1014 3133 1130 3182 summu.

274 3213 298 3269 ὅ.
318 3221 383 3266 Ante
398 3218 463 3267 diem
479 3233 521 3266 m
539 3219 590 3268 lul.
607 3233 663 3268 nus.
682 3218 751 3268 Idem
831 3210 1019 3264 8.coustttomm
1026 3209 1305 3276 reprimendorumllou

239 3308 314 3348 estse
324 3299 344 3344 si
357 3296 448 3344 diceret
459 3312 466 3345 a
479 3296 625 3346 duodecimo
635 3307 691 3346 aute
701 3297 751 3345 tul.
795 3302 844 3342 tana
852 3303 880 3340 nt
890 3307 941 3340 nou
951 3290 995 3339 tibi
1004 3291 1078 3340 cntbs
1086 3291 1232 3354 optimatum
1241 3305 1307 3336 exse·

239 3393 297 3426 nov.
309 3392 352 3424 seu
368 3375 407 3423 die
423 3390 454 3424 ar
473 3375 567 3425 octobr.
587 3375 667 3439 pridie
679 3391 752 3438 quarn
795 3369 1013 3436 qusndnueulos
1022 3369 1126 3426 daretur,
1140 3383 1213 3430 quam
1225 3377 1306 3416 utana

241 3454 359 3520 designati
369 3454 753 3504 suntcousulessilauusctldu-
796 3445 886 3500 nefa'ria
899 3449 1000 3498 consilia
1018 3447 1072 3498 aliis
1088 3445 1224 3496 rationibus
1240 3461 1307 3494 sves-

241 3551 307 3584 rcna.
797 3539 890 3580 terent:
904 3545 955 3576 unu
969 3538 1018 3576 tarn
1034 3537 1137 3592 propter
1153 3541 1221 3574 snam
1234 3541 1308 3588 quam

276 3615 305 3666 6,
325 3613 366 3661 Sic
383 3611 512 3661 ediderunt
532 3626 547 3657 s
569 3610 643 3660 codd.
661 3611 752 3660 Olivet.
799 3609 833 3656 rei
854 3608 980 3658 .salntem.

241 3691 339 3740 Lallem.
359 3691 391 3739 al.
409 3693 500 3739 Omnes
519 3690 591 3750 olim,
612 3690 663 3740 «C.
681 3693 754 3740 Mau·
820 3625 858 3750 ζ.
872 3689 1011 3738 Ρνιειιειιο.Ι
1025 3684 1100 3749 Quod
1112 3683 1233 3750 oppidum
1246 3683 1308 3731 Latii

240 3771 301 3820 lium
311 3791 333 3820 ι.
347 3774 371 3821 J.
380 3772 411 3817 V.
422 3771 448 3818 L.
796 3781 847 3814 non
857 3766 946 3829 procul
956 3767 1050 3824 Roma,
1061 3779 1203 3830 oppugnare
1215 3763 1309 3811 studuit

279 3869 303 3912 7.
325 3849 400 3898 Multi
416 3847 547 3914 principes.
569 3849 607 3900 Ex
624 3848 663 3898 lais
680 3847 753 3896 luisse
797 3844 915 3905 Catilina,
943 3853 972 3894 ut
1000 3844 1059 3894 iude
1080 3844 1135 3893 urbi
1164 3841 1309 3890 imminues.

242 3931 378 3994 suspicatur
393 3931 503 3976 Muretus
521 3929 555 3976 tt.
574 3931 700 3986 Crassum,
716 3927 752 3974 M.
797 3923 875 3972 silent
884 3923 930 3978 bac
943 3923 974 3972 de
987 3928 1141 3980 mendosos,
1150 3921 1241 3970 fatente
1250 3921 1312 3984 Μιιι,

242 4007 542 4072 Marcellum,Scipioussu
551 4007 754 4070 manuumque
797 3991 857 4052 ret'o.
