3018 4664
248 368 317 452 dan
567 361 616 428 M:
642 361 681 428 T.
707 357 994 428 CICERONIS

246 490 451 592 perspicere
486 481 656 579 possitis,
687 503 795 549 nemo
831 493 885 553 est
919 479 957 548 in
989 475 1076 547 ludo
1100 473 1310 572 gladiatorio

244 599 369 700 paullo
391 593 435 667 ad
463 590 602 668 lacinus
622 588 813 677 audacior,
836 591 899 685 qni
917 611 1042 659 senon
1060 587 1229 656 intimum
1246 590 1311 658 Ca·

243 711 357 782 silinae
377 729 457 777 esse
472 700 645 780 fateatur3
661 721 770 778 nemo
788 701 828 770 in
847 722 952 770 scena
970 696 1081 768 levior
1095 709 1131 766 et
1143 695 1307 791 nequior,

243 822 312 918 qui
325 808 618 907 senonejusdem
627 831 741 906 prope
749 805 1027 890 sodalemfuisse
1038 819 1307 878 commemoret„

245 937 366 1025 ,Atque
390 923 485 1000 idem
504 936 642 1006 tanscn,
662 933 872 1015 stuprorum
886 931 924 988 et
939 917 1117 989 scelernm
1137 917 1308 986 exercita·

245 1043 347 1113 tiosre
358 1031 597 1117 assuefactus,
618 1027 768 1125 frigore,
783 1041 820 1098 et
835 1025 967 1111 fame²,
986 1042 1022 1098 et
1038 1027 1111 1114 siti,
1124 1049 1166 1098 ac
1182 1025 1309 1120 vigiliis

243 1144 488 1250 perferendis,
513 1139 617 1214 fortis
637 1136 683 1210 ab
712 1138 788 1210 istis
809 1135 1092 1234 praedicabatur,
1116 1159 1231 1232 quum
1253 1134 1308 1202 in·

244 1253 414 1335 dustriae³
431 1251 607 1337 subsidia,
625 1261 735 1344 atque
748 1248 985 1318 instrumenta
1002 1246 1160 1331 virtutis,
1176 1247 1215 1317 in
1228 1241 1309 1314 libi·

244 1373 332 1446 dine
357 1363 577 1458 audaciaque
599 1360 932 1430 consumerenturl.
966 1361 1070 1426 Hunc
1091 1379 1180 1426 vero
1201 1353 1231 1424 si
1255 1352 1308 1422 sui

243 1484 382 1556 luerint
395 1477 545 1550 comites
559 1471 721 1567 sequuti;
744 1470 836 1540 siex
859 1465 951 1550 urbe
970 1466 1123 1551 exierint
1144 1463 1308 1560 despera-

243 1599 370 1666 sorum
397 1587 586 1659 hominum
611 1578 773 1676 flagitiosi
800 1601 954 1674 greges:
981 1600 1004 1647 o
1026 1599 1093 1646 nos
1113 1573 1257 1661 beatos,
1286 1596 1310 1644 o

247 1698 508 1799 rempublicam
535 1691 775 1776 fortunatam,
796 1713 819 1758 o
837 1687 1040 1785 praeclaram
1061 1683 1204 1756 laudem
1223 1707 1309 1756 con·

244 1813 384 1886 solatus
396 1803 488 1879 mei⁵
502 1804 510 1876 l
524 1806 607 1876 Non
620 1803 716 1873 enim
726 1799 800 1894 jam
810 1811 896 1870 sunt
909 1797 1108 1870 mediocres
1119 1795 1308 1868 bominum

243 1919 431 2005 libidines,
446 1939 521 1986 nou
541 1912 707 1982 humanae
726 1933 768 1980 ac
786 1907 979 1980 tolerandae
995 1902 1200 1978 audaciec⁶:
1221 1903 1311 1976 nihil

247 2033 422 2129 cogitant,
433 2025 501 2096 nisi
513 2020 626 2094 caedes
636 2031 662 2105 ⁷,
676 2019 745 2097 nisi
754 2016 941 2105 incendia,
952 2019 1021 2088 nisi
1032 2017 1186 2115 rapinas.
1202 2014 1313 2086 Patri-

247 2143 369 2216 monia
386 2160 447 2207 sua
467 2128 729 2230 profuderunt3
746 2125 909 2210 fortunas
935 2152 1016 2198 snas
1036 2127 1310 2223 obligurierunt,

247 2246 327 2324 res⁸
343 2273 405 2322 eos
421 2240 654 2342 jampridem,
672 2235 764 2320 fides
783 2235 937 2314 deficere
959 2261 1076 2334 nuper
1095 2237 1230 2333 coepit:
1251 2259 1310 2306 ea·

248 2362 331 2433 dem
355 2374 475 2429 tannen
495 2350 667 2446 illumne
686 2349 817 2418 eratin
836 2345 1078 2434 abundantia,
1097 2344 1209 2418 libido
1228 2368 1310 2442 per-

247 2484 380 2543 manet.
398 2461 507 2557 Quod
530 2463 560 2534 si
581 2460 745 2530 in=vin09
764 2470 801 2526 et
816 2456 895 2528 alca
912 2457 1182 2529 comissationes
1194 2453 1310 2529 solum

246 2683 297 2716 esse
311 2665 384 2724 dicit,
399 2659 564 2726 gladiatorium
585 2657 611 2703 in
624 2649 755 2702 trscnndis
800 2659 854 2704 tus.
870 2649 1017 2700 Garatonins
1031 2660 1056 2698 st
1068 2645 1127 2696 libri
1138 2659 1245 2707 veteres,
1254 2665 1312 2695 eoe-

246 2747 317 2795 armis
330 2740 498 2804 absurdisque
519 2733 667 2784 iecinoribus
679 2729 755 2779 ιιιὼ-
801 2739 915 2777 samem.

247 2827 326 2882 dum,
345 2831 370 2870 et
389 2818 508 2868 scenicam
526 2817 551 2864 iu
569 2811 635 2861 eunt
653 2809 755 2858 libidine
836 2807 860 2855 ὅ.
876 2807 1062 2864 Onesbsetes,
1078 2804 1312 2870 campelliones„

245 2891 684 2960 leviutemscuequitiem3igusviem
691 2889 755 2936 euim
800 2901 814 2933 o
829 2885 999 2950 proclames,
1016 2897 1065 2935 etc.
1091 2887 1171 2948 Quum
1192 2884 1313 2948 elegam

245 2991 270 3032 et
280 2979 357 3030 enimi
369 2975 496 3026 mollitiem
514 2973 584 3020 effert
600 2969 688 3020 libido.
707 2967 756 3016 Sed
799 2963 1015 3028 liflmuveritbene
1026 2962 1156 3014 mundun
1167 2973 1258 3027 pestem
1269 2975 1313 3022 με

246 3069 396 3128 compertum
406 3065 442 3104 est
453 3046 756 3118 plerosquemilitesluugs
800 3055 892 3108 quate
906 3059 957 3092 een
975 3041 1139 3108 pulchriorem
1148 3042 1256 3106 repetiti.
1268 3057 1310 3090 a·

243 3140 332 3210 esteris
344 3135 439 3185 civibus
449 3131 615 3180 dissolutiores
622 3143 674 3175 esse
682 3126 756 3190 ,quie
801 3121 986 3171 rimationibus
999 3121 1134 3170 reddiderit
1146 3123 1153 3169 1

245 3235 323 3267 venus
333 3215 432 3263 desidioe
444 3227 526 3260 comes
539 3219 580 3258 sut
591 3203 757 3257 lebonntibns
837 3203 868 3250 6.’
876 3201 942 3261 Alii,
961 3223 975 3244 ι
984 3200 1093 3254 sudreie
1106 3215 1134 3250 sc
1149 3199 1310 3251 solerem..

245 3298 372 3347 recreatio.
384 3295 462 3342 Porro
476 3289 545 3354 quod
562 3287 604 3334 hic
624 3286 713 3335 Cicero
726 3283 758 3332 de
803 3282 874 3330 m.
889 3283 921 3330 12:

246 3375 348 3425 dirersis
365 3369 476 3420 Catiliuae
490 3367 576 3415 studiis
591 3363 665 3424 dicia,
678 3362 703 3410 id
714 3361 757 3410 vel
839 3378 864 3421 q.
883 3360 1085 3410 Mercedem
1098 3359 1194 3408 malunt
1205 3357 1313 3424 plurimi.

245 3457 337 3522 optime
349 3467 380 3501 ex
393 3449 502 3498 oratione
516 3461 564 3511 pro
577 3443 656 3493 Coels'o
666 3476 674 3504 ,
684 3441 757 3506 qudo
799 3441 884 3492 (ledes
897 3441 962 3489 seim
974 3455 1051 3488 nunu
1065 3450 1100 3488 sss
1110 3453 1142 3488 ex
1151 3439 1198 3487 illis
1208 3437 1314 3486 nomini-

246 3536 289 3596 sit,
302 3529 406 3596 intelligi
418 3535 510 3592 potest.
798 3518 845 3568 bns
857 3535 911 3584 quse
919 3519 1037 3582 singulari
1049 3534 1152 3566 numero
1169 3515 1309 3568 multitudi-

283 3631 307 3664 u.
319 3602 575 3673 Assuesactsnfrigore
586 3597 756 3664 etseme.Vide
799 3601 837 3647 nis
851 3599 1053 3664 signilicsdonem
1062 3597 1163 3648 babent.
1175 3597 1213 3646 Sic
1226 3595 1314 3659 loquu-

249 3709 307 3745 num
317 3689 405 3740 rectius
407 3683 501 3751 fiigori
513 3692 536 3730 et
538 3679 614 3745 sami.
801 3691 841 3727 tus
853 3675 1180 3737 sst'l'ullimeteliisloeis,
1193 3685 1217 3724 et
1229 3673 1313 3739 paullo

285 3773 308 3821 3.
316 3758 591 3836 Quumr'ndustrioe.sed
600 3756 759 3805 immeritissi·
802 3759 863 3807 iuss
874 3773 880 3806 :
892 3759 1026 3805 «Erucunt
1038 3754 1194 3805 sermonibus
1205 3755 1256 3802 suis
1267 3767 1315 3802 ce-

250 3871 291 3902 mo
302 3853 354 3900 lens
367 3848 407 3896 ills
419 3845 441 3893 ei
459 3841 622 3897 tribuebatur,
633 3849 707 3900 quum
719 3835 760 3882 in·
803 3837 859 3886 dem
876 3837 1015 3894 bonorum,
1031 3846 1102 3884 eto·

248 3940 381 3981 strumense
394 3924 489 3972 virtutis
498 3923 523 3969 iu
538 3919 627 3968 scelere
638 3933 666 3965 sc
675 3915 757 3979 nequi·
840 3918 864 3964 8.
879 3917 935 3965 lies.
959 3917 1038 3972 boue,
1062 3913 1174 3978 pecunie.
1184 3938 1219 3950 -
1231 3909 1312 3960 Fides.

249 4011 283 4058 tia
302 4013 461 4056 consumeret.
803 3999 871 4046 Boua
886 3998 948 4044 lame
966 3994 1022 4043 loeo
1037 3993 1145 4057 pecuniae
1157 3993 1255 4042 ιῑίιιιιιτ.

287 4096 312 4143 s.
333 4087 539 4134 consuerentur.
551 4079 592 4130 sl.
602 4077 760 4141 MSS,an
835 4093 865 4140 .9,
881 4079 911 4126 In
924 4075 993 4123 nino.
1006 4075 1106 4122 Peracto
1116 4072 1168 4132 im
1177 4069 1313 4129 ammisso,
