<?xml version="1.0" encoding="UTF-8"?>
<!DOCTYPE html PUBLIC "-//W3C//DTD XHTML 1.0 Transitional//EN"
    "http://www.w3.org/TR/xhtml1/DTD/xhtml1-transitional.dtd">
<html xmlns="http://www.w3.org/1999/xhtml" xml:lang="en" lang="en">
 <head>
  <title>
</title>
<meta http-equiv="Content-Type" content="text/html;charset=utf-8" />
  <meta name='ocr-system' content='tesseract 3.04.00' />
  <meta name='ocr-capabilities' content='ocr_page ocr_carea ocr_par ocr_line ocrx_word'/>
</head>
<body>
  <div class='ocr_page' id='page_1' title='image "./mtciceronisquae00lemagoog_0632.png"; bbox 0 0 2988 4668; ppageno 0'>
   <div class='ocr_carea' id='block_1_1' title="bbox 342 371 1251 477">
    <p class='ocr_par' dir='ltr' id='par_1_1' title="bbox 342 371 1251 477">
     <span class='ocr_line' id='line_1_1' title="bbox 342 371 1251 477; baseline 0.002 -35"><span class='ocrx_word' id='word_1_1' title='bbox 342 375 432 442; x_wconf 89' lang='lat' dir='ltr'><strong>PRO</strong></span> <span class='ocrx_word' id='word_1_2' title='bbox 457 373 828 445; x_wconf 86' lang='lat' dir='ltr'><strong>JURECONSULTIS</strong></span> <span class='ocrx_word' id='word_1_3' title='bbox 854 373 1072 444; x_wconf 85' lang='lat' dir='ltr'><strong>ROMANIS.</strong></span> <span class='ocrx_word' id='word_1_4' title='bbox 1178 371 1251 477; x_wconf 61' lang='lat' dir='ltr'><strong>lind</strong></span> 
     </span>
    </p>
   </div>
   <div class='ocr_carea' id='block_1_2' title="bbox 171 494 1338 3459">
    <p class='ocr_par' dir='ltr' id='par_1_2' title="bbox 171 494 1338 2154">
     <span class='ocr_line' id='line_1_2' title="bbox 172 494 1252 584; baseline 0.001 -22"><span class='ocrx_word' id='word_1_5' title='bbox 172 497 314 562; x_wconf 88' lang='lat' dir='ltr'><strong>tensium</strong></span> <span class='ocrx_word' id='word_1_6' title='bbox 328 496 381 560; x_wconf 90' lang='lat' dir='ltr'><strong>illa</strong></span> <span class='ocrx_word' id='word_1_7' title='bbox 393 505 559 578; x_wconf 70' lang='grc' dir='ltr'>λογικωτίρως</span> <span class='ocrx_word' id='word_1_8' title='bbox 572 494 766 562; x_wconf 83' lang='lat' dir='ltr'><strong>disserentes</strong></span> <span class='ocrx_word' id='word_1_9' title='bbox 778 495 914 578; x_wconf 79' lang='lat' dir='ltr'><strong>fecerat,</strong></span> <span class='ocrx_word' id='word_1_10' title='bbox 931 497 964 560; x_wconf 90' lang='lat' dir='ltr'><strong>in</strong></span> <span class='ocrx_word' id='word_1_11' title='bbox 980 495 1100 584; x_wconf 90' lang='lat' dir='ltr'><strong>quihus</strong></span> <span class='ocrx_word' id='word_1_12' title='bbox 1113 495 1252 564; x_wconf 90' lang='lat' dir='ltr'><strong>istorum</strong></span> 
     </span>
     <span class='ocr_line' id='line_1_3' title="bbox 171 599 1252 691; baseline 0.001 -24"><span class='ocrx_word' id='word_1_13' title='bbox 171 603 317 670; x_wconf 87' lang='lat' dir='ltr'><strong>virorum</strong></span> <span class='ocrx_word' id='word_1_14' title='bbox 340 617 418 666; x_wconf 89' lang='lat' dir='ltr'><strong>nota</strong></span> <span class='ocrx_word' id='word_1_15' title='bbox 442 599 569 688; x_wconf 84' lang='lat' dir='ltr'><strong>etat(1)</strong></span> <span class='ocrx_word' id='word_1_16' title='bbox 598 601 659 665; x_wconf 88' lang='lat' dir='ltr'><strong>nisi</strong></span> <span class='ocrx_word' id='word_1_17' title='bbox 680 605 849 673; x_wconf 66' lang='lat' dir='ltr'><strong>decurtata,</strong></span> <span class='ocrx_word' id='word_1_18' title='bbox 867 601 980 666; x_wconf 86' lang='lat' dir='ltr'><strong>saltem</strong></span> <span class='ocrx_word' id='word_1_19' title='bbox 1003 611 1117 682; x_wconf 73' lang='grc' dir='ltr'>ἀτριψία·</span> <span class='ocrx_word' id='word_1_20' title='bbox 1141 602 1252 691; x_wconf 83' lang='lat' dir='ltr'><strong>itaque</strong></span> 
     </span>
     <span class='ocr_line' id='line_1_4' title="bbox 173 705 1253 796; baseline 0 -23"><span class='ocrx_word' id='word_1_21' title='bbox 173 724 277 774; x_wconf 88' lang='lat' dir='ltr'><strong>totam</strong></span> <span class='ocrx_word' id='word_1_22' title='bbox 303 707 520 772; x_wconf 82' lang='lat' dir='ltr'><strong>academicam</strong></span> <span class='ocrx_word' id='word_1_23' title='bbox 545 717 659 780; x_wconf 73' lang='grc' dir='ltr'><strong>σύνταξιν</strong></span> <span class='ocrx_word' id='word_1_24' title='bbox 686 708 720 770; x_wconf 92' lang='lat' dir='ltr'><strong>in</strong></span> <span class='ocrx_word' id='word_1_25' title='bbox 746 725 888 796; x_wconf 90' lang='lat' dir='ltr'><strong>quatuor</strong></span> <span class='ocrx_word' id='word_1_26' title='bbox 916 706 1017 771; x_wconf 90' lang='lat' dir='ltr'><strong>libros</strong></span> <span class='ocrx_word' id='word_1_27' title='bbox 1045 705 1253 773; x_wconf 86' lang='lat' dir='ltr'><strong>distributam</strong></span> 
     </span>
     <span class='ocr_line' id='line_1_5' title="bbox 174 811 1252 904; baseline 0.002 -26"><span class='ocrx_word' id='word_1_28' title='bbox 174 817 301 904; x_wconf 90' lang='lat' dir='ltr'><strong>(quum</strong></span> <span class='ocrx_word' id='word_1_29' title='bbox 327 830 423 878; x_wconf 89' lang='lat' dir='ltr'><strong>antea</strong></span> <span class='ocrx_word' id='word_1_30' title='bbox 445 812 513 878; x_wconf 92' lang='lat' dir='ltr'><strong>duo</strong></span> <span class='ocrx_word' id='word_1_31' title='bbox 536 811 706 900; x_wconf 88' lang='lat' dir='ltr'><strong>fuerant),</strong></span> <span class='ocrx_word' id='word_1_32' title='bbox 733 813 776 877; x_wconf 87' lang='lat' dir='ltr'><strong>ad</strong></span> <span class='ocrx_word' id='word_1_33' title='bbox 789 815 971 878; x_wconf 89' lang='lat' dir='ltr'><strong>Varronem</strong></span> <span class='ocrx_word' id='word_1_34' title='bbox 988 812 1145 897; x_wconf 86' lang='lat' dir='ltr'><strong>traduxit,</strong></span> <span class='ocrx_word' id='word_1_35' title='bbox 1159 814 1252 894; x_wconf 88' lang='lat' dir='ltr'><strong>cujus</strong></span> 
     </span>
     <span class='ocr_line' id='line_1_6' title="bbox 174 917 1255 1010; baseline 0.002 -26"><span class='ocrx_word' id='word_1_36' title='bbox 174 943 349 1010; x_wconf 83' lang='lat' dir='ltr'><strong>personam</strong></span> <span class='ocrx_word' id='word_1_37' title='bbox 366 920 396 985; x_wconf 88' lang='lat' dir='ltr'><strong>ei</strong></span> <span class='ocrx_word' id='word_1_38' title='bbox 412 918 610 984; x_wconf 81' lang='lat' dir='ltr'><strong>indicaverat</strong></span> <span class='ocrx_word' id='word_1_39' title='bbox 622 919 769 1002; x_wconf 85' lang='lat' dir='ltr'><strong>Atticus;</strong></span> <span class='ocrx_word' id='word_1_40' title='bbox 786 921 916 984; x_wconf 84' lang='lat' dir='ltr'><strong>Cottam</strong></span> <span class='ocrx_word' id='word_1_41' title='bbox 925 941 1018 1000; x_wconf 85' lang='lat' dir='ltr'><strong>vero,</strong></span> <span class='ocrx_word' id='word_1_42' title='bbox 1029 917 1070 982; x_wconf 87' lang='lat' dir='ltr'><strong>de</strong></span> <span class='ocrx_word' id='word_1_43' title='bbox 1084 942 1152 1008; x_wconf 89' lang='lat' dir='ltr'><strong>quo</strong></span> <span class='ocrx_word' id='word_1_44' title='bbox 1168 919 1255 986; x_wconf 89' lang='lat' dir='ltr'><strong>idem</strong></span> 
     </span>
     <span class='ocr_line' id='line_1_7' title="bbox 174 1021 1255 1114; baseline 0.002 -24"><span class='ocrx_word' id='word_1_45' title='bbox 174 1025 214 1090; x_wconf 90' lang='lat' dir='ltr'><strong>ad</strong></span> <span class='ocrx_word' id='word_1_46' title='bbox 225 1026 319 1091; x_wconf 91' lang='lat' dir='ltr'><strong>illum</strong></span> <span class='ocrx_word' id='word_1_47' title='bbox 333 1025 521 1114; x_wconf 87' lang='lat' dir='ltr'><strong>scripserat,</strong></span> <span class='ocrx_word' id='word_1_48' title='bbox 535 1024 568 1088; x_wconf 90' lang='lat' dir='ltr'><strong>in</strong></span> <span class='ocrx_word' id='word_1_49' title='bbox 584 1023 648 1088; x_wconf 92' lang='lat' dir='ltr'><strong>hoc</strong></span> <span class='ocrx_word' id='word_1_50' title='bbox 661 1046 811 1088; x_wconf 87' lang='lat' dir='ltr'><strong>sermone</strong></span> <span class='ocrx_word' id='word_1_51' title='bbox 830 1047 898 1088; x_wconf 92' lang='lat' dir='ltr'><strong>non</strong></span> <span class='ocrx_word' id='word_1_52' title='bbox 911 1021 1079 1106; x_wconf 87' lang='lat' dir='ltr'><strong>a&#39;dhibuit,</strong></span> <span class='ocrx_word' id='word_1_53' title='bbox 1097 1048 1139 1090; x_wconf 87' lang='lat' dir='ltr'><strong>ne</strong></span> <span class='ocrx_word' id='word_1_54' title='bbox 1157 1049 1255 1092; x_wconf 87' lang='lat' dir='ltr'><strong>suum</strong></span> 
     </span>
     <span class='ocr_line' id='line_1_8' title="bbox 175 1127 1255 1217; baseline 0.003 -22"><span class='ocrx_word' id='word_1_55' title='bbox 175 1129 297 1196; x_wconf 88' lang='lat' dir='ltr'><strong>scilicet</strong></span> <span class='ocrx_word' id='word_1_56' title='bbox 308 1141 386 1210; x_wconf 70' lang='grc' dir='ltr'>κωφὸν</span> <span class='ocrx_word' id='word_1_57' title='bbox 401 1138 533 1210; x_wconf 75' lang='grc' dir='ltr'><strong>πρόσωπον</strong></span> <span class='ocrx_word' id='word_1_58' title='bbox 548 1143 650 1209; x_wconf 86' lang='lat' dir='ltr'><strong>esset,</strong></span> <span class='ocrx_word' id='word_1_59' title='bbox 668 1144 707 1192; x_wconf 92' lang='lat' dir='ltr'><strong>ut</strong></span> <span class='ocrx_word' id='word_1_60' title='bbox 717 1129 752 1192; x_wconf 91' lang='lat' dir='ltr'><strong>in</strong></span> <span class='ocrx_word' id='word_1_61' title='bbox 764 1128 855 1193; x_wconf 92' lang='lat' dir='ltr'><strong>libris</strong></span> <span class='ocrx_word' id='word_1_62' title='bbox 865 1127 906 1192; x_wconf 90' lang='lat' dir='ltr'><strong>de</strong></span> <span class='ocrx_word' id='word_1_63' title='bbox 917 1128 1066 1212; x_wconf 89' lang='lat' dir='ltr'><strong>Oratore,</strong></span> <span class='ocrx_word' id='word_1_64' title='bbox 1076 1131 1133 1217; x_wconf 93' lang='lat' dir='ltr'><strong>qui</strong></span> <span class='ocrx_word' id='word_1_65' title='bbox 1147 1153 1255 1198; x_wconf 85' lang='lat' dir='ltr'><strong>sermo</strong></span> 
     </span>
     <span class='ocr_line' id='line_1_9' title="bbox 175 1233 1256 1326; baseline 0.004 -26"><span class='ocrx_word' id='word_1_66' title='bbox 175 1237 262 1301; x_wconf 86' lang='lat' dir='ltr'><strong>inter</strong></span> <span class='ocrx_word' id='word_1_67' title='bbox 278 1237 449 1316; x_wconf 87' lang='lat' dir='ltr'><strong>Crassum,</strong></span> <span class='ocrx_word' id='word_1_68' title='bbox 463 1233 664 1318; x_wconf 85' lang='lat' dir='ltr'><strong>Antonium,</strong></span> <span class='ocrx_word' id='word_1_69' title='bbox 690 1234 884 1318; x_wconf 78' lang='lat' dir='ltr'><strong>Scaevolam,</strong></span> <span class='ocrx_word' id='word_1_70' title='bbox 898 1235 1073 1318; x_wconf 88' lang='lat' dir='ltr'><strong>Catulum,</strong></span> <span class='ocrx_word' id='word_1_71' title='bbox 1093 1237 1256 1326; x_wconf 88' lang='lat' dir='ltr'><strong>aliosque,</strong></span> 
     </span>
     <span class='ocr_line' id='line_1_10' title="bbox 179 1339 1255 1434; baseline 0.002 -26"><span class='ocrx_word' id='word_1_72' title='bbox 179 1343 337 1408; x_wconf 87' lang='lat' dir='ltr'><strong>Cicerone</strong></span> <span class='ocrx_word' id='word_1_73' title='bbox 354 1363 474 1431; x_wconf 85' lang='lat' dir='ltr'><strong>puero,</strong></span> <span class='ocrx_word' id='word_1_74' title='bbox 492 1340 623 1406; x_wconf 84' lang='lat' dir='ltr'><strong>habitus</strong></span> <span class='ocrx_word' id='word_1_75' title='bbox 640 1361 710 1404; x_wconf 86' lang='lat' dir='ltr'><strong>esse</strong></span> <span class='ocrx_word' id='word_1_76' title='bbox 726 1339 870 1430; x_wconf 83' lang='lat' dir='ltr'><strong>fingitur.</strong></span> <span class='ocrx_word' id='word_1_77' title='bbox 890 1343 975 1406; x_wconf 91' lang='lat' dir='ltr'><strong>Hinc</strong></span> <span class='ocrx_word' id='word_1_78' title='bbox 987 1342 1174 1408; x_wconf 73' lang='lat' dir='ltr'><strong>bacuntius</strong></span> <span class='ocrx_word' id='word_1_79' title='bbox 1189 1342 1255 1434; x_wconf 86' lang='lat' dir='ltr'><strong>(a):</strong></span> 
     </span>
     <span class='ocr_line' id='line_1_11' title="bbox 178 1446 1258 1538; baseline 0.004 -24"><span class='ocrx_word' id='word_1_80' title='bbox 178 1481 190 1506; x_wconf 80' lang='grc' dir='ltr'><strong>ιι</strong></span> <span class='ocrx_word' id='word_1_81' title='bbox 202 1446 298 1538; x_wconf 88' lang='lat' dir='ltr'><strong>Apud</strong></span> <span class='ocrx_word' id='word_1_82' title='bbox 315 1448 506 1514; x_wconf 87' lang='lat' dir='ltr'><strong>Ciceronem</strong></span> <span class='ocrx_word' id='word_1_83' title='bbox 524 1448 661 1512; x_wconf 86' lang='lat' dir='ltr'><strong>Catulus</strong></span> <span class='ocrx_word' id='word_1_84' title='bbox 677 1447 711 1512; x_wconf 93' lang='lat' dir='ltr'><strong>in</strong></span> <span class='ocrx_word' id='word_1_85' title='bbox 731 1449 927 1532; x_wconf 89' lang='lat' dir='ltr'><strong>Hortensio,</strong></span> <span class='ocrx_word' id='word_1_86' title='bbox 943 1448 1186 1538; x_wconf 85' lang='lat' dir='ltr'><strong>philosophiam</strong></span> <span class='ocrx_word' id='word_1_87' title='bbox 1204 1474 1258 1518; x_wconf 87' lang='lat' dir='ltr'><strong>re·</strong></span> 
     </span>
     <span class='ocr_line' id='line_1_12' title="bbox 178 1552 1257 1644; baseline -0.001 -22"><span class='ocrx_word' id='word_1_88' title='bbox 178 1557 241 1622; x_wconf 91' lang='lat' dir='ltr'><strong>bus</strong></span> <span class='ocrx_word' id='word_1_89' title='bbox 256 1554 412 1622; x_wconf 89' lang='lat' dir='ltr'><strong>omuibus</strong></span> <span class='ocrx_word' id='word_1_90' title='bbox 429 1553 626 1644; x_wconf 81' lang='lat' dir='ltr'><strong>praeserens,</strong></span> <span class='ocrx_word' id='word_1_91' title='bbox 651 1553 746 1616; x_wconf 87' lang='lat' dir='ltr'><strong>malle</strong></span> <span class='ocrx_word' id='word_1_92' title='bbox 771 1575 806 1616; x_wconf 90' lang='lat' dir='ltr'><strong>se</strong></span> <span class='ocrx_word' id='word_1_93' title='bbox 828 1552 909 1620; x_wconf 89' lang='lat' dir='ltr'><strong>dicit</strong></span> <span class='ocrx_word' id='word_1_94' title='bbox 924 1554 976 1618; x_wconf 83' lang='lat' dir='ltr'><strong>vel</strong></span> <span class='ocrx_word' id='word_1_95' title='bbox 994 1577 1101 1620; x_wconf 88' lang='lat' dir='ltr'><strong>unum</strong></span> <span class='ocrx_word' id='word_1_96' title='bbox 1119 1578 1257 1644; x_wconf 86' lang='lat' dir='ltr'><strong>parvum</strong></span> 
     </span>
     <span class='ocr_line' id='line_1_13' title="bbox 179 1660 1260 1752; baseline 0 -22"><span class='ocrx_word' id='word_1_97' title='bbox 179 1662 221 1730; x_wconf 93' lang='lat' dir='ltr'><strong>de</strong></span> <span class='ocrx_word' id='word_1_98' title='bbox 240 1661 352 1729; x_wconf 86' lang='lat' dir='ltr'><strong>officio</strong></span> <span class='ocrx_word' id='word_1_99' title='bbox 370 1661 541 1742; x_wconf 86' lang='lat' dir='ltr'><strong>libellum,</strong></span> <span class='ocrx_word' id='word_1_100' title='bbox 559 1681 658 1750; x_wconf 87' lang='lat' dir='ltr'><strong>quam</strong></span> <span class='ocrx_word' id='word_1_101' title='bbox 674 1660 806 1750; x_wconf 82' lang='lat' dir='ltr'><strong>longam</strong></span> <span class='ocrx_word' id='word_1_102' title='bbox 824 1661 1008 1727; x_wconf 88' lang='lat' dir='ltr'><strong>orationem</strong></span> <span class='ocrx_word' id='word_1_103' title='bbox 1028 1684 1089 1752; x_wconf 92' lang='lat' dir='ltr'><strong>pro</strong></span> <span class='ocrx_word' id='word_1_104' title='bbox 1103 1662 1260 1730; x_wconf 88' lang='lat' dir='ltr'><strong>seditioso</strong></span> 
     </span>
     <span class='ocr_line' id='line_1_14' title="bbox 179 1766 1262 1861; baseline 0.002 -27"><span class='ocrx_word' id='word_1_105' title='bbox 179 1768 314 1835; x_wconf 88' lang='lat' dir='ltr'><strong>homine</strong></span> <span class='ocrx_word' id='word_1_106' title='bbox 339 1766 492 1834; x_wconf 87' lang='lat' dir='ltr'><strong>Cornelio</strong></span> <span class='ocrx_word' id='word_1_107' title='bbox 509 1788 517 1830; x_wconf 94' lang='lat'>:</span> <span class='ocrx_word' id='word_1_108' title='bbox 532 1788 605 1854; x_wconf 81' lang='lat' dir='ltr'><strong>quar</strong></span> <span class='ocrx_word' id='word_1_109' title='bbox 634 1766 796 1832; x_wconf 88' lang='lat' dir='ltr'><strong>sententia</strong></span> <span class='ocrx_word' id='word_1_110' title='bbox 819 1788 888 1830; x_wconf 93' lang='lat' dir='ltr'><strong>non</strong></span> <span class='ocrx_word' id='word_1_111' title='bbox 910 1767 1027 1856; x_wconf 88' lang='lat' dir='ltr'><strong>utique</strong></span> <span class='ocrx_word' id='word_1_112' title='bbox 1045 1769 1174 1854; x_wconf 86' lang='lat' dir='ltr'><strong>Catuli,</strong></span> <span class='ocrx_word' id='word_1_113' title='bbox 1202 1772 1262 1861; x_wconf 90' lang='lat' dir='ltr'><strong>qui</strong></span> 
     </span>
     <span class='ocr_line' id='line_1_15' title="bbox 180 1870 1338 1966; baseline 0.001 -26"><span class='ocrx_word' id='word_1_114' title='bbox 180 1876 317 1942; x_wconf 87' lang='lat' dir='ltr'><strong>fortasse</strong></span> <span class='ocrx_word' id='word_1_115' title='bbox 339 1873 420 1940; x_wconf 92' lang='lat' dir='ltr'><strong>illud</strong></span> <span class='ocrx_word' id='word_1_116' title='bbox 447 1895 514 1939; x_wconf 89' lang='lat' dir='ltr'><strong>non</strong></span> <span class='ocrx_word' id='word_1_117' title='bbox 541 1870 640 1955; x_wconf 82' lang='lat' dir='ltr'><strong>dixit,</strong></span> <span class='ocrx_word' id='word_1_118' title='bbox 661 1871 720 1936; x_wconf 90' lang='lat' dir='ltr'><strong>sed</strong></span> <span class='ocrx_word' id='word_1_119' title='bbox 745 1873 914 1938; x_wconf 88' lang='lat' dir='ltr'><strong>Ciceronis</strong></span> <span class='ocrx_word' id='word_1_120' title='bbox 940 1890 990 1940; x_wconf 91' lang='lat' dir='ltr'><strong>est</strong></span> <span class='ocrx_word' id='word_1_121' title='bbox 1013 1875 1174 1964; x_wconf 81' lang='lat' dir='ltr'><strong>putanda,</strong></span> <span class='ocrx_word' id='word_1_122' title='bbox 1203 1878 1261 1966; x_wconf 89' lang='lat' dir='ltr'><strong>qui</strong></span> <span class='ocrx_word' id='word_1_123' title='bbox 1326 1889 1338 1914; x_wconf 85' lang='lat'>¹</span> 
     </span>
     <span class='ocr_line' id='line_1_16' title="bbox 181 1977 1259 2072; baseline 0.002 -26"><span class='ocrx_word' id='word_1_124' title='bbox 181 1981 325 2071; x_wconf 82' lang='lat' dir='ltr'><strong>scripsit3</strong></span> <span class='ocrx_word' id='word_1_125' title='bbox 342 1979 459 2064; x_wconf 87' lang='lat' dir='ltr'><strong>credo,</strong></span> <span class='ocrx_word' id='word_1_126' title='bbox 475 1995 514 2043; x_wconf 92' lang='lat' dir='ltr'><strong>ut</strong></span> <span class='ocrx_word' id='word_1_127' title='bbox 528 1977 672 2060; x_wconf 86' lang='lat' dir='ltr'><strong>libellos,</strong></span> <span class='ocrx_word' id='word_1_128' title='bbox 687 2001 770 2066; x_wconf 90' lang='lat' dir='ltr'><strong>quos</strong></span> <span class='ocrx_word' id='word_1_129' title='bbox 785 1977 827 2044; x_wconf 86' lang='lat' dir='ltr'><strong>dc</strong></span> <span class='ocrx_word' id='word_1_130' title='bbox 836 1977 960 2046; x_wconf 86' lang='lat' dir='ltr'><strong>Officiis</strong></span> <span class='ocrx_word' id='word_1_131' title='bbox 972 1995 1041 2046; x_wconf 88' lang='lat' dir='ltr'><strong>erat</strong></span> <span class='ocrx_word' id='word_1_132' title='bbox 1057 1983 1259 2072; x_wconf 88' lang='lat' dir='ltr'><strong>scripturus,</strong></span> 
     </span>
     <span class='ocr_line' id='line_1_17' title="bbox 181 2087 464 2154; baseline -0.014 0"><span class='ocrx_word' id='word_1_133' title='bbox 181 2087 427 2154; x_wconf 86' lang='lat' dir='ltr'><strong>commendaret</strong></span> <span class='ocrx_word' id='word_1_134' title='bbox 441 2117 464 2150; x_wconf 79' lang='grc' dir='ltr'><strong>ι.</strong></span> 
     </span>
    </p>

    <p class='ocr_par' dir='ltr' id='par_1_3' title="bbox 184 2190 1269 3459">
     <span class='ocr_line' id='line_1_18' title="bbox 227 2190 1263 2286; baseline -0.002 -24"><span class='ocrx_word' id='word_1_135' title='bbox 227 2195 342 2286; x_wconf 90' lang='lat' dir='ltr'><strong>Siquis</strong></span> <span class='ocrx_word' id='word_1_136' title='bbox 356 2194 422 2275; x_wconf 88' lang='lat' dir='ltr'><strong>jam</strong></span> <span class='ocrx_word' id='word_1_137' title='bbox 439 2190 478 2258; x_wconf 78' lang='lat' dir='ltr'><strong>eis</strong></span> <span class='ocrx_word' id='word_1_138' title='bbox 495 2215 548 2256; x_wconf 88' lang='lat' dir='ltr'><strong>me</strong></span> <span class='ocrx_word' id='word_1_139' title='bbox 566 2191 758 2276; x_wconf 89' lang='lat' dir='ltr'><strong>sciscitetur,</strong></span> <span class='ocrx_word' id='word_1_140' title='bbox 780 2193 895 2282; x_wconf 88' lang='lat' dir='ltr'><strong>quanti</strong></span> <span class='ocrx_word' id='word_1_141' title='bbox 913 2191 1060 2259; x_wconf 88' lang='lat' dir='ltr'><strong>facienda</strong></span> <span class='ocrx_word' id='word_1_142' title='bbox 1078 2216 1194 2260; x_wconf 88' lang='lat' dir='ltr'><strong>corum</strong></span> <span class='ocrx_word' id='word_1_143' title='bbox 1212 2194 1263 2260; x_wconf 92' lang='lat' dir='ltr'><strong>di·</strong></span> 
     </span>
     <span class='ocr_line' id='line_1_19' title="bbox 184 2299 1263 2389; baseline -0.001 -21"><span class='ocrx_word' id='word_1_144' title='bbox 184 2318 314 2368; x_wconf 88' lang='lat' dir='ltr'><strong>ctorum</strong></span> <span class='ocrx_word' id='word_1_145' title='bbox 329 2301 371 2366; x_wconf 85' lang='lat' dir='ltr'><strong>sit</strong></span> <span class='ocrx_word' id='word_1_146' title='bbox 384 2299 569 2384; x_wconf 85' lang='lat' dir='ltr'><strong>auctoritas,</strong></span> <span class='ocrx_word' id='word_1_147' title='bbox 579 2321 652 2388; x_wconf 82' lang='lat' dir='ltr'><strong>quoe</strong></span> <span class='ocrx_word' id='word_1_148' title='bbox 663 2322 722 2389; x_wconf 91' lang='lat' dir='ltr'><strong>per</strong></span> <span class='ocrx_word' id='word_1_149' title='bbox 734 2299 865 2366; x_wconf 88' lang='lat' dir='ltr'><strong>alterius</strong></span> <span class='ocrx_word' id='word_1_150' title='bbox 881 2321 1054 2389; x_wconf 86' lang='lat' dir='ltr'><strong>personam</strong></span> <span class='ocrx_word' id='word_1_151' title='bbox 1066 2299 1101 2366; x_wconf 90' lang='lat' dir='ltr'><strong>in</strong></span> <span class='ocrx_word' id='word_1_152' title='bbox 1116 2300 1263 2366; x_wconf 89' lang='lat' dir='ltr'><strong>medium</strong></span> 
     </span>
     <span class='ocr_line' id='line_1_20' title="bbox 184 2404 1264 2496; baseline 0.002 -24"><span class='ocrx_word' id='word_1_153' title='bbox 184 2407 281 2472; x_wconf 80' lang='lat' dir='ltr'><strong>affert</strong></span> <span class='ocrx_word' id='word_1_154' title='bbox 294 2407 435 2490; x_wconf 88' lang='lat' dir='ltr'><strong>Tullius,</strong></span> <span class='ocrx_word' id='word_1_155' title='bbox 456 2405 503 2470; x_wconf 91' lang='lat' dir='ltr'><strong>sic</strong></span> <span class='ocrx_word' id='word_1_156' title='bbox 520 2427 581 2496; x_wconf 84' lang='lat' dir='ltr'><strong>ego</strong></span> <span class='ocrx_word' id='word_1_157' title='bbox 605 2404 833 2494; x_wconf 87' lang='lat' dir='ltr'><strong>respondeam.</strong></span> <span class='ocrx_word' id='word_1_158' title='bbox 856 2406 946 2472; x_wconf 89' lang='lat' dir='ltr'><strong>Licet</strong></span> <span class='ocrx_word' id='word_1_159' title='bbox 961 2407 1126 2472; x_wconf 86' lang='lat' dir='ltr'><strong>neminem</strong></span> <span class='ocrx_word' id='word_1_160' title='bbox 1143 2407 1264 2474; x_wconf 89' lang='lat' dir='ltr'><strong>horum</strong></span> 
     </span>
     <span class='ocr_line' id='line_1_21' title="bbox 184 2510 1266 2600; baseline 0 -22"><span class='ocrx_word' id='word_1_161' title='bbox 184 2514 348 2596; x_wconf 84' lang='lat' dir='ltr'><strong>virorum,</strong></span> <span class='ocrx_word' id='word_1_162' title='bbox 375 2511 484 2600; x_wconf 91' lang='lat' dir='ltr'><strong>quiin</strong></span> <span class='ocrx_word' id='word_1_163' title='bbox 506 2533 637 2576; x_wconf 88' lang='lat' dir='ltr'><strong>scenam</strong></span> <span class='ocrx_word' id='word_1_164' title='bbox 666 2510 871 2577; x_wconf 90' lang='lat' dir='ltr'><strong>inducuntur</strong></span> <span class='ocrx_word' id='word_1_165' title='bbox 894 2512 1085 2600; x_wconf 90' lang='lat' dir='ltr'><strong>loquentes,</strong></span> <span class='ocrx_word' id='word_1_166' title='bbox 1112 2514 1209 2578; x_wconf 85' lang='lat' dir='ltr'><strong>talem</strong></span> <span class='ocrx_word' id='word_1_167' title='bbox 1229 2537 1266 2579; x_wconf 83' lang='lat' dir='ltr'><strong>ro</strong></span> 
     </span>
     <span class='ocr_line' id='line_1_22' title="bbox 185 2616 1265 2710; baseline 0 -26"><span class='ocrx_word' id='word_1_168' title='bbox 185 2621 253 2710; x_wconf 87' lang='lat' dir='ltr'><strong>ipsa</strong></span> <span class='ocrx_word' id='word_1_169' title='bbox 273 2617 483 2698; x_wconf 83' lang='lat' dir='ltr'><strong>sententiam,</strong></span> <span class='ocrx_word' id='word_1_170' title='bbox 500 2617 603 2705; x_wconf 84' lang='lat' dir='ltr'><strong>qualis</strong></span> <span class='ocrx_word' id='word_1_171' title='bbox 626 2617 686 2705; x_wconf 91' lang='lat' dir='ltr'><strong>ipsi</strong></span> <span class='ocrx_word' id='word_1_172' title='bbox 705 2616 882 2700; x_wconf 87' lang='lat' dir='ltr'><strong>tribuitur,</strong></span> <span class='ocrx_word' id='word_1_173' title='bbox 909 2633 1087 2705; x_wconf 89' lang='lat' dir='ltr'><strong>sequutum</strong></span> <span class='ocrx_word' id='word_1_174' title='bbox 1106 2618 1205 2684; x_wconf 88' lang='lat' dir='ltr'><strong>fuisse</strong></span> <span class='ocrx_word' id='word_1_175' title='bbox 1224 2619 1265 2684; x_wconf 90' lang='lat' dir='ltr'><strong>li·</strong></span> 
     </span>
     <span class='ocr_line' id='line_1_23' title="bbox 187 2722 1267 2816; baseline -0.002 -24"><span class='ocrx_word' id='word_1_176' title='bbox 187 2726 289 2816; x_wconf 89' lang='lat' dir='ltr'><strong>quido</strong></span> <span class='ocrx_word' id='word_1_177' title='bbox 306 2739 452 2808; x_wconf 86' lang='lat' dir='ltr'><strong>constet,</strong></span> <span class='ocrx_word' id='word_1_178' title='bbox 478 2724 560 2788; x_wconf 91' lang='lat' dir='ltr'><strong>nihil</strong></span> <span class='ocrx_word' id='word_1_179' title='bbox 587 2738 696 2788; x_wconf 88' lang='lat' dir='ltr'><strong>tamen</strong></span> <span class='ocrx_word' id='word_1_180' title='bbox 720 2722 778 2787; x_wconf 91' lang='lat' dir='ltr'><strong>ulli</strong></span> <span class='ocrx_word' id='word_1_181' title='bbox 802 2731 929 2804; x_wconf 60' lang='grc' dir='ltr'>προσώπῳ</span> <span class='ocrx_word' id='word_1_182' title='bbox 952 2722 1158 2812; x_wconf 82' lang='lat' dir='ltr'><strong>adsignatum</strong></span> <span class='ocrx_word' id='word_1_183' title='bbox 1184 2723 1267 2809; x_wconf 89' lang='lat' dir='ltr'><strong>fuit,</strong></span> 
     </span>
     <span class='ocr_line' id='line_1_24' title="bbox 187 2827 1265 2922; baseline -0.003 -25"><span class='ocrx_word' id='word_1_184' title='bbox 187 2831 277 2922; x_wconf 90' lang='lat' dir='ltr'><strong>quod</strong></span> <span class='ocrx_word' id='word_1_185' title='bbox 296 2833 336 2896; x_wconf 88' lang='lat' dir='ltr'><strong>ab</strong></span> <span class='ocrx_word' id='word_1_186' title='bbox 352 2832 438 2895; x_wconf 92' lang='lat' dir='ltr'><strong>illius</strong></span> <span class='ocrx_word' id='word_1_187' title='bbox 455 2829 630 2919; x_wconf 81' lang='lat' dir='ltr'><strong>dignitate,</strong></span> <span class='ocrx_word' id='word_1_188' title='bbox 655 2845 712 2892; x_wconf 91' lang='lat' dir='ltr'><strong>aut</strong></span> <span class='ocrx_word' id='word_1_189' title='bbox 727 2828 768 2892; x_wconf 88' lang='lat' dir='ltr'><strong>ab</strong></span> <span class='ocrx_word' id='word_1_190' title='bbox 785 2849 836 2909; x_wconf 89' lang='lat' dir='ltr'><strong>ea,</strong></span> <span class='ocrx_word' id='word_1_191' title='bbox 856 2849 955 2914; x_wconf 86' lang='lat' dir='ltr'><strong>quam</strong></span> <span class='ocrx_word' id='word_1_192' title='bbox 974 2827 1199 2914; x_wconf 84' lang='lat' dir='ltr'><strong>profitebatur,</strong></span> <span class='ocrx_word' id='word_1_193' title='bbox 1215 2831 1265 2894; x_wconf 84' lang='lat' dir='ltr'><strong>vi·</strong></span> 
     </span>
     <span class='ocr_line' id='line_1_25' title="bbox 187 2932 1267 3022; baseline -0.002 -20"><span class='ocrx_word' id='word_1_194' title='bbox 187 2938 285 3002; x_wconf 85' lang='lat' dir='ltr'><strong>vendi</strong></span> <span class='ocrx_word' id='word_1_195' title='bbox 308 2938 456 3017; x_wconf 88' lang='lat' dir='ltr'><strong>ratione,</strong></span> <span class='ocrx_word' id='word_1_196' title='bbox 491 2935 633 3000; x_wconf 89' lang='lat' dir='ltr'><strong>alienum</strong></span> <span class='ocrx_word' id='word_1_197' title='bbox 652 2935 751 3000; x_wconf 85' lang='lat' dir='ltr'><strong>fuerit</strong></span> <span class='ocrx_word' id='word_1_198' title='bbox 766 2933 822 3022; x_wconf 82' lang='lat'><strong>(3).</strong></span> <span class='ocrx_word' id='word_1_199' title='bbox 841 2935 889 2997; x_wconf 89' lang='lat' dir='ltr'><strong>lta</strong></span> <span class='ocrx_word' id='word_1_200' title='bbox 907 2932 942 2996; x_wconf 90' lang='lat' dir='ltr'><strong>P.</strong></span> <span class='ocrx_word' id='word_1_201' title='bbox 958 2933 1118 3022; x_wconf 91' lang='lat' dir='ltr'><strong>Sulpicio,</strong></span> <span class='ocrx_word' id='word_1_202' title='bbox 1139 2934 1267 3000; x_wconf 89' lang='lat' dir='ltr'><strong>homini</strong></span> 
     </span>
     <span class='ocr_line' id='line_1_26' title="bbox 189 3039 1269 3134; baseline 0 -26"><span class='ocrx_word' id='word_1_203' title='bbox 189 3045 383 3126; x_wconf 90' lang='lat' dir='ltr'><strong>ambitioso,</strong></span> <span class='ocrx_word' id='word_1_204' title='bbox 411 3042 667 3130; x_wconf 89' lang='lat' dir='ltr'><strong>turbulentoque</strong></span> <span class='ocrx_word' id='word_1_205' title='bbox 685 3039 759 3106; x_wconf 92' lang='lat' dir='ltr'><strong>dein</strong></span> <span class='ocrx_word' id='word_1_206' title='bbox 779 3040 914 3134; x_wconf 81' lang='lat' dir='ltr'><strong>tribuno</strong></span> <span class='ocrx_word' id='word_1_207' title='bbox 937 3039 1058 3127; x_wconf 87' lang='lat' dir='ltr'><strong>plebis,</strong></span> <span class='ocrx_word' id='word_1_208' title='bbox 1081 3056 1115 3104; x_wconf 90' lang='lat' dir='ltr'><strong>et</strong></span> <span class='ocrx_word' id='word_1_209' title='bbox 1131 3041 1269 3108; x_wconf 84' lang='lat' dir='ltr'><strong>Mariani</strong></span> 
     </span>
     <span class='ocr_line' id='line_1_27' title="bbox 190 3144 1267 3238; baseline -0.004 -22"><span class='ocrx_word' id='word_1_210' title='bbox 190 3151 265 3216; x_wconf 92' lang='lat' dir='ltr'><strong>belli</strong></span> <span class='ocrx_word' id='word_1_211' title='bbox 284 3149 345 3214; x_wconf 85' lang='lat' dir='ltr'><strong>faci</strong></span> <span class='ocrx_word' id='word_1_212' title='bbox 363 3149 548 3238; x_wconf 83' lang='lat' dir='ltr'><strong>praecipuae,</strong></span> <span class='ocrx_word' id='word_1_213' title='bbox 574 3170 775 3236; x_wconf 89' lang='lat' dir='ltr'><strong>quamquam</strong></span> <span class='ocrx_word' id='word_1_214' title='bbox 792 3145 914 3211; x_wconf 88' lang='lat' dir='ltr'><strong>diserto</strong></span> <span class='ocrx_word' id='word_1_215' title='bbox 932 3163 965 3210; x_wconf 88' lang='lat' dir='ltr'><strong>et</strong></span> <span class='ocrx_word' id='word_1_216' title='bbox 988 3144 1135 3230; x_wconf 88' lang='lat' dir='ltr'><strong>erudito,</strong></span> <span class='ocrx_word' id='word_1_217' title='bbox 1154 3148 1267 3213; x_wconf 78' lang='lat' dir='ltr'><strong>verisi-</strong></span> 
     </span>
     <span class='ocr_line' id='line_1_28' title="bbox 191 3253 1269 3346; baseline -0.004 -21"><span class='ocrx_word' id='word_1_218' title='bbox 191 3260 312 3325; x_wconf 87' lang='lat' dir='ltr'><strong>militer</strong></span> <span class='ocrx_word' id='word_1_219' title='bbox 324 3257 539 3346; x_wconf 73' lang='lat' dir='ltr'><strong>philosophia</strong></span> <span class='ocrx_word' id='word_1_220' title='bbox 555 3271 764 3346; x_wconf 89' lang='lat' dir='ltr'><strong>contemptus</strong></span> <span class='ocrx_word' id='word_1_221' title='bbox 781 3255 882 3320; x_wconf 90' lang='lat' dir='ltr'><strong>tribui</strong></span> <span class='ocrx_word' id='word_1_222' title='bbox 895 3254 942 3343; x_wconf 79' lang='lat' dir='ltr'><strong>(d)</strong></span> <span class='ocrx_word' id='word_1_223' title='bbox 959 3255 1088 3344; x_wconf 92' lang='lat' dir='ltr'><strong>potuit,</strong></span> <span class='ocrx_word' id='word_1_224' title='bbox 1110 3253 1236 3322; x_wconf 89' lang='lat' dir='ltr'><strong>etiamsi</strong></span> <span class='ocrx_word' id='word_1_225' title='bbox 1250 3279 1269 3321; x_wconf 91' lang='lat' dir='ltr'><strong>a</strong></span> 
     </span>
     <span class='ocr_line' id='line_1_29' title="bbox 191 3361 1267 3459; baseline -0.004 -28"><span class='ocrx_word' id='word_1_226' title='bbox 191 3389 288 3459; x_wconf 88' lang='lat' dir='ltr'><strong>prava</strong></span> <span class='ocrx_word' id='word_1_227' title='bbox 306 3366 366 3429; x_wconf 89' lang='lat' dir='ltr'><strong>ista</strong></span> <span class='ocrx_word' id='word_1_228' title='bbox 388 3363 544 3454; x_wconf 89' lang='lat' dir='ltr'><strong>opinione</strong></span> <span class='ocrx_word' id='word_1_229' title='bbox 561 3363 798 3428; x_wconf 85' lang='lat' dir='ltr'><strong>remotissimus</strong></span> <span class='ocrx_word' id='word_1_230' title='bbox 822 3361 921 3427; x_wconf 85' lang='lat' dir='ltr'><strong>luerit</strong></span> <span class='ocrx_word' id='word_1_231' title='bbox 943 3363 1074 3444; x_wconf 88' lang='lat' dir='ltr'><strong>Cicero,</strong></span> <span class='ocrx_word' id='word_1_232' title='bbox 1101 3363 1159 3450; x_wconf 87' lang='lat' dir='ltr'><strong>qui</strong></span> <span class='ocrx_word' id='word_1_233' title='bbox 1180 3362 1267 3452; x_wconf 92' lang='lat' dir='ltr'><strong>opti·</strong></span> 
     </span>
    </p>
   </div>
   <div class='ocr_carea' id='block_1_3' title="bbox 195 3567 1275 4185">
    <p class='ocr_par' dir='ltr' id='par_1_4' title="bbox 227 3567 654 3638">
     <span class='ocr_line' id='line_1_30' title="bbox 227 3567 654 3638; baseline -0.019 -18"><span class='ocrx_word' id='word_1_234' title='bbox 227 3569 267 3638; x_wconf 85' lang='lat' dir='ltr'><strong>(t)</strong></span> <span class='ocrx_word' id='word_1_235' title='bbox 284 3567 540 3630; x_wconf 67' lang='lat' dir='ltr'><strong>aulalium,</strong></span> <span class='ocrx_word' id='word_1_236' title='bbox 555 3582 595 3632; x_wconf 82' lang='lat' dir='ltr'><strong>ep.</strong></span> <span class='ocrx_word' id='word_1_237' title='bbox 614 3580 654 3628; x_wconf 84' lang='lat'><strong>19.</strong></span> 
     </span>
    </p>

    <p class='ocr_par' dir='ltr' id='par_1_5' title="bbox 228 3657 773 3730">
     <span class='ocr_line' id='line_1_31' title="bbox 228 3657 773 3730; baseline -0.009 -18"><span class='ocrx_word' id='word_1_238' title='bbox 228 3659 267 3730; x_wconf 84' lang='lat' dir='ltr'><strong>(a)</strong></span> <span class='ocrx_word' id='word_1_239' title='bbox 284 3664 368 3716; x_wconf 85' lang='lat' dir='ltr'><strong>Divin.</strong></span> <span class='ocrx_word' id='word_1_240' title='bbox 384 3665 445 3712; x_wconf 86' lang='lat' dir='ltr'><strong>Inst.</strong></span> <span class='ocrx_word' id='word_1_241' title='bbox 458 3662 503 3712; x_wconf 93' lang='lat' dir='ltr'><strong>lib.</strong></span> <span class='ocrx_word' id='word_1_242' title='bbox 511 3665 564 3722; x_wconf 86' lang='lat' dir='ltr'><strong>VI,</strong></span> <span class='ocrx_word' id='word_1_243' title='bbox 582 3677 637 3726; x_wconf 89' lang='lat' dir='ltr'><strong>cap.</strong></span> <span class='ocrx_word' id='word_1_244' title='bbox 653 3675 681 3718; x_wconf 87' lang='lat' dir='ltr'><strong>a,</strong></span> <span class='ocrx_word' id='word_1_245' title='bbox 695 3661 720 3708; x_wconf 87' lang='lat' dir='ltr'><strong>iu</strong></span> <span class='ocrx_word' id='word_1_246' title='bbox 730 3657 773 3710; x_wconf 84' lang='lat' dir='ltr'><strong>fin.</strong></span> 
     </span>
    </p>

    <p class='ocr_par' dir='ltr' id='par_1_6' title="bbox 195 3756 1275 4090">
     <span class='ocr_line' id='line_1_32' title="bbox 229 3756 1270 3826; baseline 0.002 -20"><span class='ocrx_word' id='word_1_247' title='bbox 229 3759 267 3826; x_wconf 81' lang='lat'><strong>(3)</strong></span> <span class='ocrx_word' id='word_1_248' title='bbox 285 3760 355 3808; x_wconf 84' lang='lat' dir='ltr'><strong>Hanc</strong></span> <span class='ocrx_word' id='word_1_249' title='bbox 369 3758 402 3808; x_wconf 93' lang='lat' dir='ltr'><strong>ob</strong></span> <span class='ocrx_word' id='word_1_250' title='bbox 414 3775 466 3808; x_wconf 83' lang='lat' dir='ltr'><strong>rem</strong></span> <span class='ocrx_word' id='word_1_251' title='bbox 483 3757 599 3808; x_wconf 74' lang='lat' dir='ltr'><strong>Scaevoloe</strong></span> <span class='ocrx_word' id='word_1_252' title='bbox 613 3757 755 3822; x_wconf 75' lang='lat' dir='ltr'><strong>frequenter</strong></span> <span class='ocrx_word' id='word_1_253' title='bbox 767 3756 910 3806; x_wconf 78' lang='lat' dir='ltr'><strong>tribuumru</strong></span> <span class='ocrx_word' id='word_1_254' title='bbox 922 3757 1061 3808; x_wconf 76' lang='lat' dir='ltr'><strong>locutiones</strong></span> <span class='ocrx_word' id='word_1_255' title='bbox 1074 3773 1106 3806; x_wconf 78' lang='lat' dir='ltr'><strong>ex</strong></span> <span class='ocrx_word' id='word_1_256' title='bbox 1118 3758 1174 3820; x_wconf 75' lang='lat' dir='ltr'><strong>iura</strong></span> <span class='ocrx_word' id='word_1_257' title='bbox 1183 3759 1270 3823; x_wconf 65' lang='lat' dir='ltr'><strong>petita</strong></span> 
     </span>
     <span class='ocr_line' id='line_1_33' title="bbox 195 3845 1273 3913; baseline 0.001 -18"><span class='ocrx_word' id='word_1_258' title='bbox 195 3846 236 3913; x_wconf 80' lang='lat' dir='ltr'><strong>(de</strong></span> <span class='ocrx_word' id='word_1_259' title='bbox 248 3846 316 3894; x_wconf 82' lang='lat' dir='ltr'><strong>Orat.</strong></span> <span class='ocrx_word' id='word_1_260' title='bbox 328 3845 373 3896; x_wconf 85' lang='lat' dir='ltr'><strong>lib.</strong></span> <span class='ocrx_word' id='word_1_261' title='bbox 385 3847 416 3906; x_wconf 83' lang='lat'><strong>1,</strong></span> <span class='ocrx_word' id='word_1_262' title='bbox 432 3863 487 3912; x_wconf 81' lang='lat' dir='ltr'><strong>cap.</strong></span> <span class='ocrx_word' id='word_1_263' title='bbox 505 3848 563 3910; x_wconf 85' lang='lat' dir='ltr'><strong>xo):</strong></span> <span class='ocrx_word' id='word_1_264' title='bbox 578 3869 590 3890; x_wconf 78' lang='grc' dir='ltr'>ι</span> <span class='ocrx_word' id='word_1_265' title='bbox 604 3847 714 3912; x_wconf 73' lang='lat' dir='ltr'><strong>Agerem</strong></span> <span class='ocrx_word' id='word_1_266' title='bbox 727 3856 810 3896; x_wconf 77' lang='lat' dir='ltr'><strong>tecum</strong></span> <span class='ocrx_word' id='word_1_267' title='bbox 821 3846 874 3909; x_wconf 68' lang='lat' dir='ltr'><strong>lege</strong></span> <span class='ocrx_word' id='word_1_268' title='bbox 885 3845 1034 3911; x_wconf 73' lang='lat' dir='ltr'><strong>Pythagorei</strong></span> <span class='ocrx_word' id='word_1_269' title='bbox 1049 3861 1159 3896; x_wconf 67' lang='lat' dir='ltr'><strong>omna...</strong></span> <span class='ocrx_word' id='word_1_270' title='bbox 1171 3845 1273 3910; x_wconf 78' lang='lat' dir='ltr'><strong>qm&#39;bna·</strong></span> 
     </span>
     <span class='ocr_line' id='line_1_34' title="bbox 197 3933 1275 4000; baseline 0.002 -16"><span class='ocrx_word' id='word_1_271' title='bbox 197 3951 253 3984; x_wconf 86' lang='lat' dir='ltr'><strong>cnm</strong></span> <span class='ocrx_word' id='word_1_272' title='bbox 266 3935 311 3984; x_wconf 88' lang='lat' dir='ltr'><strong>tibi</strong></span> <span class='ocrx_word' id='word_1_273' title='bbox 320 3937 388 4000; x_wconf 78' lang='lat' dir='ltr'><strong>justo</strong></span> <span class='ocrx_word' id='word_1_274' title='bbox 401 3947 553 3988; x_wconf 81' lang='lat' dir='ltr'><strong>sacramento</strong></span> <span class='ocrx_word' id='word_1_275' title='bbox 567 3934 716 3988; x_wconf 78' lang='lat' dir='ltr'><strong>contendere</strong></span> <span class='ocrx_word' id='word_1_276' title='bbox 728 3951 779 3986; x_wconf 87' lang='lat' dir='ltr'><strong>non</strong></span> <span class='ocrx_word' id='word_1_277' title='bbox 798 3935 913 3988; x_wconf 76' lang='lat' dir='ltr'><strong>licercts.</strong></span> <span class='ocrx_word' id='word_1_278' title='bbox 926 3933 1022 3984; x_wconf 73' lang='lat' dir='ltr'><strong>uidem</strong></span> <span class='ocrx_word' id='word_1_279' title='bbox 1038 3949 1092 3999; x_wconf 84' lang='lat' dir='ltr'><strong>cap.</strong></span> <span class='ocrx_word' id='word_1_280' title='bbox 1113 3943 1163 3990; x_wconf 67' lang='lat' dir='ltr'><strong>ak:</strong></span> <span class='ocrx_word' id='word_1_281' title='bbox 1177 3955 1190 3978; x_wconf 77' lang='grc' dir='ltr'>ι</span> <span class='ocrx_word' id='word_1_282' title='bbox 1199 3937 1275 3986; x_wconf 80' lang='lat' dir='ltr'><strong>Istam</strong></span> 
     </span>
     <span class='ocr_line' id='line_1_35' title="bbox 197 4021 883 4090; baseline 0 -21"><span class='ocrx_word' id='word_1_283' title='bbox 197 4021 308 4087; x_wconf 79' lang='lat' dir='ltr'><strong>culpam,</strong></span> <span class='ocrx_word' id='word_1_284' title='bbox 321 4040 395 4088; x_wconf 84' lang='lat' dir='ltr'><strong>quam</strong></span> <span class='ocrx_word' id='word_1_285' title='bbox 407 4024 510 4088; x_wconf 76' lang='lat' dir='ltr'><strong>vereris,</strong></span> <span class='ocrx_word' id='word_1_286' title='bbox 522 4039 570 4088; x_wconf 72' lang='lat' dir='ltr'><strong>ego</strong></span> <span class='ocrx_word' id='word_1_287' title='bbox 579 4022 701 4090; x_wconf 79' lang='lat' dir='ltr'><strong>praestabo</strong></span> <span class='ocrx_word' id='word_1_288' title='bbox 709 4045 737 4082; x_wconf 72' lang='lat' dir='ltr'><strong>n,</strong></span> <span class='ocrx_word' id='word_1_289' title='bbox 749 4035 774 4072; x_wconf 86' lang='lat' dir='ltr'><strong>et</strong></span> <span class='ocrx_word' id='word_1_290' title='bbox 786 4022 883 4071; x_wconf 76' lang='lat' dir='ltr'><strong>similes.</strong></span> 
     </span>
    </p>

    <p class='ocr_par' dir='ltr' id='par_1_7' title="bbox 233 4119 626 4185">
     <span class='ocr_line' id='line_1_36' title="bbox 233 4119 626 4185; baseline 0 -17"><span class='ocrx_word' id='word_1_291' title='bbox 233 4119 271 4185; x_wconf 73' lang='grc'><strong>(4)</strong></span> <span class='ocrx_word' id='word_1_292' title='bbox 285 4121 323 4168; x_wconf 85' lang='lat' dir='ltr'><strong>De</strong></span> <span class='ocrx_word' id='word_1_293' title='bbox 336 4123 406 4169; x_wconf 81' lang='lat' dir='ltr'><strong>Orat.</strong></span> <span class='ocrx_word' id='word_1_294' title='bbox 419 4121 463 4168; x_wconf 85' lang='lat' dir='ltr'><strong>lib.</strong></span> <span class='ocrx_word' id='word_1_295' title='bbox 475 4123 499 4178; x_wconf 90' lang='lat' dir='ltr'><strong>l,</strong></span> <span class='ocrx_word' id='word_1_296' title='bbox 513 4136 566 4184; x_wconf 86' lang='lat' dir='ltr'><strong>cap.</strong></span> <span class='ocrx_word' id='word_1_297' title='bbox 581 4137 626 4168; x_wconf 80' lang='lat' dir='ltr'><strong>at.</strong></span> 
     </span>
    </p>
   </div>
   <div class='ocr_carea' id='block_1_4' title="bbox 0 0 1530 4668">
    <p class='ocr_par' dir='ltr' id='par_1_8' title="bbox 0 0 1530 4668">
     <span class='ocr_line' id='line_1_37' title="bbox 0 0 1530 4668; baseline 0 0"><span class='ocrx_word' id='word_1_298' title='bbox 0 0 1530 4668; x_wconf 95' lang='lat' dir='ltr'><strong> </strong></span> 
     </span>
    </p>
   </div>
  </div>
 </body>
</html>
