2956 4676
259 383 324 454 130
574 385 622 450 Μ.
647 381 684 447 Τ.
712 375 989 452 CICERONIS

253 520 469 577 mutaturam
488 525 573 574 esse
608 515 881 588 testamentum,
912 503 1131 587 minaretur;
1165 501 1311 574 mulieri

246 619 503 692 erudelissimae
523 639 664 686 servum
686 611 958 702 fidelissimum,
988 639 1063 685 non
1086 616 1124 684 in
1144 623 1315 711 quaestio·

252 757 336 802 nem
357 728 495 812 ruhte,
518 725 580 796 sed
603 725 709 823 plane
729 724 774 794 ad
797 726 1013 823 supplicium
1035 723 1143 796 dedit

223 885 226 888 -
298 843 402 911 LXV.
416 841 499 907 Post
512 835 706 906 triennium
724 835 834 931 igitur
848 836 975 932 agitata
990 834 1147 931 denique
1162 836 1314 933 quaestio

251 950 296 1021 de
320 953 386 1018 viri
410 959 524 1017 morte
548 942 769 1015 habebatur:
791 959 827 1015 et
846 943 892 1015 de
916 944 1049 1041 quibus
1068 947 1179 1016 servis
1202 944 1313 1017 habe·

250 1059 356 1128 batur
365 1057 380 1125 P
388 1059 506 1141 Nova,
518 1053 643 1140 credo,
653 1075 710 1123 res
720 1051 880 1150 objecta,
893 1056 977 1124 novi
989 1052 1135 1152 qnidam
1147 1053 1314 1125 homines

250 1171 286 1237 in
310 1167 551 1262 suspicionem
577 1167 693 1232 vocati
718 1177 814 1233 sunt.
841 1167 896 1234 De
918 1166 1102 1251 Stratone,
1130 1178 1165 1235 et
1187 1162 1234 1235 de
1255 1168 1315 1235 Ni·

250 1287 416 1348 costrato.
447 1271 543 1362 Quid
566 1275 688 1342 Romae
714 1275 903 1370 quaesitum
930 1271 974 1343 de
999 1274 1075 1343 istis
1101 1271 1313 1345 hominibus

249 1386 446 1457 nouerat?
473 1387 572 1453 Itane
596 1381 763 1452 tandem?
789 1383 917 1453 mulier
940 1383 1014 1478 jam
1040 1407 1113 1453 non
1144 1382 1314 1472 morbo¹,

247 1500 313 1572 'sed
348 1498 480 1568 scelere
513 1495 668 1582 furiosa,
706 1521 821 1594 quum
853 1499 1087 1593 quaestionem
1121 1496 1309 1569 habuisset

250 1615 392 1696 Romae,
413 1631 527 1703 quum
545 1609 584 1675 T.
604 1609 731 1693 Annii,
752 1611 792 1676 L.
811 1606 956 1694 Rutilii,
973 1610 1010 1677 P.
1028 1609 1178 1694 Saturii,
1198 1621 1235 1677 et
1251 1631 1311 1678 ce·

201 1739 207 1753 ·
251 1733 411 1788 tororum
435 1715 773 1786 honestissimorum
796 1719 958 1786 virorum
981 1718 1159 1786 sententia
1185 1720 1315 1787 consti·

250 1837 371 1898 tutum
402 1839 517 1910 esset,
553 1825 636 1895 satis
667 1827 857 1921 quaesitum
883 1825 1019 1912 videri3
1050 1823 1174 1896 eadem
1202 1823 1248 1896 de
1273 1850 1314 1897 re

247 1937 408 2008 triennio
430 1949 531 2032 post,
553 1932 677 2005 iisdem
698 1934 743 2005 de
761 1933 988 2022 hominibus,
1008 1934 1109 2006 nullo
1127 1932 1313 2019 adhibito,

251 2069 324 2118 non
349 2045 464 2116 dicam
485 2047 563 2116 viro
580 2047 652 2141 (ne
674 2044 844 2115 colonum
859 2041 952 2115 forte
968 2041 1134 2114 affuisset
1155 2041 1313 2140 dicatis),

252 2156 315 2228 sed
333 2155 432 2228 bono
454 2157 554 2238 viro,
572 2156 610 2223 in
632 2149 696 2224 tilii
724 2168 831 2251 caput
849 2157 1081 2250 quaestionem
1101 2153 1236 2226 habere
1253 2179 1315 2225 co-

254 2277 336 2336 nata
366 2278 430 2336 est.
457 2271 513 2333 An
534 2261 604 2334 hoc
625 2253 771 2334 dicitis?
791 2263 881 2334 mihi
904 2265 1000 2335 enirn
1024 2267 1124 2335 venit
1145 2268 1192 2334 in·
1208 2289 1313 2336 men·

250 2372 432 2471 tem,quid
442 2373 511 2444 dici
521 2371 669 2472 posseti,
677 2377 816 2446 tametsi
828 2374 947 2446 adbuc
958 2401 1033 2446 non
1048 2389 1141 2446 esset
1153 2374 1311 2446 dictum:

250 2508 366 2580 quum
381 2481 576 2554 haberetur
590 2482 635 2554 de
655 2480 752 2553 furto
769 2486 932 2580 quaestio,
954 2487 1155 2555 Stratonem
1175 2482 1310 2582 aliquid

252 2593 297 2662 de
316 2614 456 2664 veneno
474 2615 550 2663 esse
573 2590 798 2664 confessum?
820 2599 896 2665 Hoc
916 2619 992 2665 uno
1010 2593 1137 2682 modo,
1151 2594 1313 2689 judicer,

251 2727 344 2801 saepe
361 2702 559 2774 multorum
577 2703 807 2799 improbitate
826 2703 993 2802 depressa
1007 2707 1136 2776 veritas
1150 2705 1312 2801 emergit,

251 2829 287 2885 et
303 2813 516 2885 innocentiae
535 2805 696 2883 defensio
718 2813 909 2884 interclusa
929 2817 1106 2910 respirat:
1130 2812 1231 2910 quod
1247 2827 1312 2884 aut

250 2925 295 3012 ii,
315 2925 379 3022 qui
397 2921 442 2994 ad
457 2920 619 2993 fraudem
642 2921 759 2994 callidi
781 2934 884 3008 sunt,
903 2947 979 2993 non
997 2935 1138 2992 tanturn
1155 2920 1311 3010 audent,

250 3047 427 3131 quantum
457 3031 680 3127 excogitant3
709 3045 771 3102 aut
801 3032 873 3119 ilii,
902 3056 1060 3130 quorum
1084 3031 1219 3104 eminet
1246 3055 1313 3101 au·

287 3260 326 3292 ra.
335 3243 409 3292 fidit.
420 3241 543 3290 Ernestim
555 3240 702 3302 conjiciebat
712 3241 757 3289 ob·
801 3241 887 3300 bitum,
898 3243 931 3290 ite
941 3254 969 3290 ut
977 3242 1026 3290 hoe
1032 3241 1107 3290 verbo
1116 3250 1258 3288 amoveatur
1266 3255 1311 3288 oo·

249 3323 314 3372 redte.
328 3326 352 3372 J.
363 3325 395 3370 V·
407 3323 435 3374 L·
801 3319 873 3368 loun·
886 3321 931 3369 iste
943 3337 1013 3384 quem
1027 3337 1081 3385 sup.
1091 3337 1113 3369 c.
1124 3321 1155 3368 63
1171 3318 1312 3383 improbum

284 3403 360 3449 va.
372 3415 393 3449 r.
403 3400 459 3447 Non
468 3399 559 3445 morbo.
567 3397 624 3446 Non
627 3395 676 3466 jam
684 3397 758 3445 animi
801 3400 874 3447 suisne
884 3399 1054 3448 declaraverat.
1066 3400 1112 3446 ste·
1119 3397 1202 3448 bamb.
1212 3397 1311 3445 bilem.

248 3477 398 3542 morbo,sed
406 3477 673 3542 eodereproeeepsecta,
683 3489 758 3539 quum
802 3476 899 3526 Sehiita.
921 3478 1021 3526 verbum
1042 3478 1091 3525 hoe
1114 3475 1311 3541 explicantem

215 3563 218 3570 ’
248 3558 299 3606 [iiio
318 3558 450 3623 perniciem
468 3567 583 3613 strueret,
596 3569 667 3618 quem
683 3570 757 3618 supe·
800 3556 1012 3604 nubi-affuisse·
1022 3573 1077 3614 ,een
1089 3551 1311 3618 «abfuisse-quod

249 3641 314 3685 riore
335 3635 471 3702 quaetione
494 3635 648 3682 innocentem
660 3648 755 3696 cogno·
801 3649 896 3684 nomm
912 3637 970 3684 satis
982 3635 1095 3699 planum,
1109 3633 1154 3681 sed
1165 3633 1248 3681 nunus
1264 3631 1311 3679 bo·

248 3727 323 3764 verat.
801 3729 872 3776 num,
889 3713 962 3761 nobis
977 3714 1061 3761 saltem
1073 3711 1231 3770 auctoribus,
1249 3709 1312 3757 ferre

283 3811 308 3844 α.
321 3791 437 3859 Affin'ue.
445 3795 471 3840 si
484 3789 569 3840 Cicero
580 3799 674 3839 tentum
682 3791 757 3839 dixis·
802 3791 908 3840 ridetur.

246 3875 388 3922 eetnudum
405 3873 483 3922 virum
506 3870 579 3918 fuine
600 3871 754 3930 adhibitum,
836 3871 861 3919 3.
878 3869 945 3933 Quid
952 3869 1003 3917 diri
1006 3881 1097 3935 posset.
1108 3866 1234 3917 Divinavit
1244 3867 1311 3915 enirn

244 3963 356 4018 poterant
365 3951 496 4001 adversarii
509 3950 603 3998 dicere:
617 3963 642 4000 et
653 3951 755 4000 colonus
799 3951 910 4008 enimus,
921 3949 981 4013 quid
993 3963 1037 3996 voe
1050 3957 1201 3997 incantores
1212 3945 1311 4006 injudi-

245 4033 330 4080 Aibiue
344 4033 423 4080 attuit.
436 4033 501 4095 Ergo
511 4047 537 4078 se
547 4031 599 4094 ipre
609 4031 720 4095 corrigit,
731 4041 754 4076 et
798 4030 838 4077 cio
852 4029 937 4077 afferre
950 4028 1061 4092 possitis,
1076 4027 1187 4091 quemvis
1198 4024 1311 4073 nondun

243 4112 401 4161 dieitnulimn
413 4113 490 4159 virum
499 4109 592 4158 bonum
600 4109 672 4158 fuisse
684 4107 753 4156 edhi-
799 4107 920 4168 dixeritit3
931 4124 989 4156 num
997 4107 1250 4164 dicetis,strstonem,
1260 4113 1309 4152 ete.
