2976 4670
274 363 344 441 (328
445 360 813 440 OBsERVATIONEs
837 363 1166 438 APOLOGETICAE

274 489 539 578 interpretatione
564 487 675 552 scribit
691 489 760 577 (r):
788 492 857 554 “De
883 491 954 570 jure
980 489 1110 578 quidem
1140 490 1334 579 praediorum

273 599 432 662 sancitum
453 612 501 660 est
511 594 604 683 apud
617 613 677 659 n'os
690 596 762 678 jure
778 597 876 678 civili,
895 611 932 660 ut
951 597 985 660 in
1005 596 1055 660 his
1069 596 1247 662 vendendis
1262 600 1336 663 vitia

274 705 468 784 dicerentur,
484 725 556 790 quae
573 719 651 766 nota
665 719 772 767 essent
786 703 966 768 venditori:
983 726 1076 786 nam,
1095 725 1197 793 quum
1219 727 1258 768 ex
1275 706 1335 768 Xll

274 810 406 874 Tabulis
427 809 502 872 satis
529 824 613 872 esset
631 829 668 871 ea
683 808 840 896 praestari,
860 832 931 896 quae
951 825 1058 872 essent
1077 809 1186 898 lingua
1208 832 1336 874 nuncu·

273 932 363 1003 pata,
381 937 455 1002 quae
469 915 526 1001 qui
543 913 702 978 inficiatus
723 929 823 997 esset,
845 914 936 1002 dupli
951 937 1079 1002 poenam
1095 915 1237 994 subiret,
1253 938 1272 978 a
1287 916 1338 994 ju·

272 1022 464 1086 reconsultis
480 1020 576 1084 etiam
593 1020 767 1084 reticenu'oe
785 1042 880 1110 poena
902 1037 951 1086 est
966 1021 1151 1085 constitute.
1168 1019 1336 1107 Quidquid

273 1129 359 1192 enim
374 1141 461 1194 esset
472 1127 510 1188 in
528 1125 649 1214 prtedio
664 1125 749 1207 vitii,
767 1125 801 1190 id
816 1142 1015 1209 statuerunt,
1031 1127 1058 1190 si
1073 1125 1223 1190 venditor
1231 1128 1336 1205 sciret,

213 1287 215 1294 ,
273 1217 336 1298 nisi
358 1231 553 1296 'nominatim
577 1231 701 1296 dictum
720 1247 817 1315 esset,
834 1233 975 1320 praestari
991 1247 1140 1320 pportere
1158 1231 1215 1320 (a).
1237 1232 1337 1296 Deni-

161 1360 168 1372 ·
273 1362 355 1427 que,
378 1355 417 1402 ut
434 1338 534 1404 multa
550 1361 622 1424 quae
637 1339 703 1403 huc
717 1338 875 1404 cumulari
892 1355 1042 1428 possent,
1066 1339 1230 1419 omittam,
1251 1336 1335 1401 idem

273 1447 325 1510 ille
344 1461 467 1526 orator,
491 1444 547 1530 qui
569 1443 623 1508 hic
638 1444 857 1532 gravissimam
875 1442 980 1508 dicam
998 1444 1156 1508 universe
1175 1443 1336 1531 jurispru-

274 1551 391 1616 dentiae
413 1551 592 1638 impingere
616 1571 683 1614 non
706 1551 858 1631 erubuit,
888 1539 1025 1615 Caecinae
1049 1571 1192 1614 caussam
1222 1571 1335 1639 agens,

272 1660 367 1723 JCtos
382 1659 556 1746 ipsumque
572 1657 625 1737 jus
643 1658 738 1722 civile
755 1657 906 1722 laudibus
929 1659 963 1722 in
984 1660 1096 1722 celum
1113 1659 1228 1721 efferre
1250 1656 1337 1721 haud

273 1763 434 1828 dubitavit
446 1762 510 1850 (3):
529 1761 634 1826 «Illud
650 1760 747 1851 vulgo
763 1765 797 1827 in
811 1762 957 1845 judiciis,
983 1779 1015 1828 et
1030 1785 1280 1852 nonnumquam
1297 1763 1336 1826 ab
1439 1805 1440 1854 l

272 1868 447 1959 ingeniosis
464 1867 653 1932 hominibus
664 1867 805 1950 defendi,
822 1870 901 1933 mihi
918 1870 1037 1934 mirum
1053 1868 1153 1933 rideri
1167 1869 1264 1950 solet,
1278 1891 1336 1933 nee

271 1974 510 2056 jurisconsultis
528 1973 683 2056 concedi,
698 1997 758 2038 nec
776 1975 829 2054 jus
844 1976 937 2040 civile
955 1977 988 2039 in
1006 1977 1123 2040 caussis
1141 1998 1272 2064 semper
1287 1998 1336 2038 ra·

273 2082 339 2146 lere
353 2097 538 2170 oportere...
552 2081 619 2162 Qui
634 2081 687 2160 jus
702 2081 794 2147 civile
808 2080 1086 2146 contemnendum
1099 2097 1208 2170 putat,
1227 2083 1257 2146 is
1271 2082 1336 2144 rin·

272 2189 344 2252 cula
358 2187 480 2252 revellit
496 2209 564 2276 non
581 2185 680 2251 modo
690 2185 905 2269 judiciorum,
922 2187 1087 2252 sedetiam
1100 2189 1246 2252 utilitatis
1255 2189 1337 2251 vita·
1439 2245 1440 2260 ,

273 2316 337 2380 que
364 2292 568 2356 communis:
593 2292 650 2379 qui
672 2308 780 2356 autem
806 2293 997 2382 interpretes
1014 2295 1095 2374 juris
1118 2294 1294 2382 vituperat,
1313 2295 1336 2358 si

273 2399 440 2486 imperitos
451 2398 534 2477 juris
554 2419 622 2461 esse
635 2397 731 2478 dicit,
746 2396 786 2462 de
804 2399 991 2464 hominibus
1003 2448 1012 2481 ,
1026 2422 1093 2463 non
1110 2399 1152 2464 de
1167 2400 1240 2480 jum
1258 2400 1336 2465 civili

274 2502 429 2584 detrahit3
454 2503 502 2566 sin
520 2503 631 2590 peritis
650 2525 717 2566 non
739 2520 833 2591 putat
856 2527 925 2568 esse
945 2504 1255 2594 obtemperandum,
1273 2528 1336 2569 non
1439 2573 1440 2598 ᾖ

273 2608 424 2672 homines
439 2606 539 2690 laedit,
557 2606 614 2671 sed
627 2608 714 2697 leges
728 2633 765 2673 ac
783 2610 853 2689 jura
870 2609 1054 2692 labefactat3
1072 2609 1162 2699 quod
1174 2611 1269 2675 vobis
1286 2633 1337 2674 re·

272 2717 344 2778 nire
357 2715 391 2778 in
408 2731 550 2778 mentem
571 2714 717 2803 prolecto
737 2737 866 2780 necesse
887 2733 948 2799 est,
965 2717 1047 2780 nihil
1068 2739 1137 2781 esse
1157 2718 1191 2780 in
1215 2717 1337 2782 civitate

273 2837 339 2884 tam
353 2819 539 2910 diligenter,
561 2843 659 2908 quam
676 2821 728 2900 jus
745 2822 851 2902 civile,
870 2822 1102 2887 retinendum:
1122 2825 1261 2905 etenim,
1277 2825 1337 2886 hoc

273 2923 418 3008 sublato,
437 2925 517 2989 nihil
542 2941 605 3006 est,
623 2947 722 3014 quare
740 2927 941 3013 exploratum
961 2928 1113 3016 cuiquam
1131 2929 1234 3017 possit
1254 2951 1335 3008 esse,

273 3030 353 3118 quid
362 3054 478 3112 suum,
494 3047 550 3094 aut
561 3029 639 3118 quid
651 3031 792 3095 alienum
806 3032 846 3096 sit
854 3062 879 3094 ι.
891 3033 972 3114 Quae
984 3034 1094 3097 omnia
1106 3057 1209 3122 quum
1215 3049 1336 3098 'attente

272 3161 401 3201 meeum
412 3137 596 3224 perpendo,
616 3137 827 3232 obstupesco,
839 3138 883 3202 ita
895 3139 1013 3220 vivam,
1027 3156 1059 3203 et
1069 3156 1136 3204 tota
1146 3141 1335 3230 cogitatione

273 3241 397 3307 defixus
414 3244 540 3324 haereo,
560 3245 632 3330 quis
649 3243 782 3308 demum
802 3267 901 3329 error,
920 3247 992 3334 quis
1011 3247 1111 3310 iratus
1128 3248 1222 3311 bonae
1238 3247 1335 3310 menti

273 3349 387 3438 genius
407 3349 493 3413 viros
516 3346 630 3412 doctos
654 3367 853 3414 transvorsos
872 3367 960 3440 agat,
982 3367 1020 3416 ut
1045 3375 1084 3416 ex
1104 3369 1153 3416 tot
1174 3352 1335 3417 Ciceronis

274 3454 398 3542 scriptis
415 3455 485 3518 haec
503 3451 587 3518 dicta
603 3456 782 3544 negligant,
800 3478 872 3543 quae
887 3457 974 3521 JCtis
991 3458 1132 3523 romanis
1145 3461 1268 3539 favent,
1285 3457 1334 3520 illa

217 3643 221 3664 ι
273 3575 381 3623 antem
395 3561 600 3648 potissimum
614 3560 747 3650 eligant,
763 3563 882 3649 quibus
899 3563 1094 3627 immensum
1107 3563 1239 3653 aliquod
1250 3585 1335 3628 accu-

309 3787 348 3854 (ι)
366 3786 404 3836 De
414 3789 487 3836 Offic.
501 3789 546 3838 lib.
561 3791 611 3850 111,
623 3806 679 3855 cap.
692 3792 733 3838 ιδ.

307 3885 346 3950 (2)
366 3885 405 3932 ste
423 3887 448 3932 in
466 3902 548 3933 caussa
567 3887 671 3936 Caecinae
689 3901 734 3950 pro
752 3887 864 3950 equitate
886 3887 957 3935 ctiam
973 3887 1154 3952 responderunt
1177 3891 1253 3946 Jcti;
1283 3887 1331 3936 vid.

273 3988 318 4032 pto
329 3974 436 4030 Caecina,
450 3990 505 4038 cap.
519 3975 566 4035 23,
586 3975 641 4022 inf.
744 3965 748 3978 ⁸

308 4063 348 4132 (3)
364 4065 428 4116 lbid.
440 4083 495 4132 cap.
508 4077 539 4124 24
555 4080 579 4116 et
591 4070 634 4116 25.
