2956 4676
352 385 674 480 onamo'rno
700 413 741 482 Α.
768 413 1040 485 caussato.
1165 413 1230 488 133

157 531 331 616 hiriosus;
354 531 420 627 qui
435 529 593 618 distulit,
609 546 759 622 cautus,
777 535 843 630 qui
857 532 1126 626 condemnavit,
1149 561 1232 609 con·

157 654 256 710 stans
275 640 510 712 existimatur.

206 758 371 824 XXXIX.
389 759 496 825 Haec¹
513 769 592 826 tum
604 756 760 852 agitante
770 757 940 848 Quintio,
960 782 1079 856 neque
1091 763 1129 831 in
1146 785 1231 833 con·
1309 819 1325 840 ..

157 866 278 949 cione,
289 865 457 960 nequein
464 863 984 958 judicio²demonstratasunt
996 871 1124 968 Neque
1136 875 1232 944 enirn

158 975 237 1072 ipse
263 973 334 1045 dici
362 972 585 1071 patiebatur,
614 998 735 1073 neque
760 999 825 1072 per
848 976 1117 1050 multitudinem
1143 1006 1231 1054 eon-

156 1086 303 1155 citatam
323 1085 519 1156 consistere
540 1085 708 1182 cuiquam
724 1085 931 1157 indicendo
945 1086 1087 1160 licebat.
1102 1095 1231 1188 Itaque

157 1193 262 1291 ipse,
284 1218 460 1292 posquam
479 1197 627 1265 lunium
646 1195 839 1291 pervertit,
862 1219 1005 1266 causam
1023 1195 1159 1268 totam³
1173 1225 1233 1271 re-

157 1303 279 1401 liquit.
303 1305 428 1375 Paucis
456 1304 551 1374 enim
581 1302 710 1375 diebus
730 1303 799 1374 illis
826 1318 862 1374 et
884 1305 960 1401 ipse
979 1306 1160 1401 privatusl
1180 1323 1234 1378 est

158 1410 293 1502 sactus,
317 1427 354 1484 et
385 1412 580 1485 bominum
602 1413 722 1484 studia
750 1411 971 1485 deferbuisse
1000 1415 1231 1514 intelligebat.

159 1521 271 1611 Quod
292 1523 339 1605 si,
362 1547 428 1618 per
453 1547 546 1621 quos
572 1521 648 1594 dies
667 1524 815 1594 lunium
836 1528 1032 1613 accusavit,
1058 1525 1232 1598 Fidicula·

158 1631 264 1700 nium
279 1655 445 1703 accusare
462 1631 654 1720 voluisset3
673 1632 916 1730 respondendi
932 1633 1152 1708 Fidiculanio
1164 1659 1233 1734 po·

161 1754 269 1811 testas
279 1737 369 1812 facta
384 1765 458 1812 non
477 1747 646 1812 essetne
663 1743 780 1839 primo
797 1741 963 1838 quidem,
980 1744 1150 1816 omnibus
1163 1746 1233 1819 illis

155 1849 361 1946 judicibus,
378 1852 692 1948 quiOppianicum
700 1851 1001 1940 condemnarant,
1015 1853 1230 1927 minabatur.
1287 1911 1289 1914 -

158 1957 256 2034 Jam⁵
267 1960 496 2031 insolentiam
513 1963 649 2032 noratis
663 1961 837 2048 bominis3
852 1965 988 2032 noratis
1001 1965 1140 2036 animos
1150 1965 1230 2059 ejus

159 2095 203 2142 ac
213 2069 589 2167 spiritustribunitios.
599 2069 709 2161 Quod
722 2083 797 2142 erat
808 2068 1039 2142 odiumfildii
1048 2074 1232 2144 immorta-

161 2177 234 2250 les!
254 2203 335 2277 quae
352 2179 544 2276 superbia?
556 2193 692 2276 quanta
708 2182 883 2278 ignoratio
897 2181 975 2252 sui?
989 2207 1100 2280 quam
1116 2187 1233 2280 gravis

159 2306 271 2388 atque
293 2290 527 2362 intolerabilis
545 2293 772 2388 arrogantia?
789 2293 853 2389 qui
873 2291 961 2362 illud
984 2295 1089 2364 etiam
1114 2294 1232 2390 ipsum

160 2397 292 2470 acerbe
309 2399 433 2470 tulerit
450 2398 515 2495 (ex
533 2425 608 2497 quo
622 2400 681 2471 illa
695 2415 779 2472 nata
796 2417 881 2473 sunt
897 2403 1055 2500 omnia),
1074 2403 1234 2474 nonsibi

160 2534 202 2581 ac
234 2507 436 2582 defensioni
466 2533 538 2580 suae
574 2509 846 2582 condonatum⁷
870 2536 945 2583 esse
966 2515 1230 2612 Oppianicum:

159 2619 317 2718 proinde
337 2621 440 2716 quasi
453 2643 527 2690 non
543 2623 627 2692 satis
645 2621 738 2716 signi
751 2646 829 2692 esse
843 2620 1026 2709 debuerit,
1047 2622 1093 2694 ab
1112 2625 1229 2694 omni·

159 2729 233 2802 bus
255 2755 338 2801 eum
358 2729 469 2801 fuisse
491 2729 692 2818 desertum,
715 2735 835 2827 quise
856 2731 900 2802 ad
920 2745 1113 2828 patronum
1128 2732 1229 2805 illum

162 2839 385 2912 contulisset.
405 2843 488 2912 Erat
508 2844 603 2912 enim
631 2843 754 2912 Romae
775 2864 915 2911 summa
936 2843 1040 2937 eopia
1061 2857 1230 2937 patrono-

161 2976 261 3038 rum,
285 2951 477 3036 hominum
505 2950 882 3048 eloquentissimorum
914 2962 1023 3045 atque
1054 2953 1228 3048 amplissi-

162 3083 328 3149 morum,
351 3083 508 3156 quorum
525 3073 632 3156 certe
660 3059 787 3156 aliquis
818 3057 1037 3131 defendisset
1067 3062 1228 3158 equitem

161 3163 400 3258 romanumfl,
418 3171 456 3240 in
491 3169 690 3267 municipio
720 3193 787 3240 suo
818 3167 997 3256 nobilem,
1028 3172 1056 3238 si
1078 3169 1228 3241 honeste
1264 3181 1279 3192 “

163 3293 326 3378 putasset
339 3276 515 3373 ejusmodi
533 3302 674 3350 causam
693 3302 798 3377 posse
815 3275 970 3349 defendi.

201 3431 326 3479 xmx.
341 3443 365 3476 1.
377 3428 443 3476 Hac.
456 3429 518 3490 Quae
531 3443 596 3475 nnnc
607 3443 621 3475 a
633 3444 673 3476 me
754 3429 779 3478 5.
790 3431 855 3478 Iam.
870 3429 983 3477 Goersnn.
997 3431 1087 3492 conjio.
1099 3431 1180 3488 Nam,
1195 3431 1227 3481 ad

163 3509 370 3556 demonstrantur.
379 3533 415 3544 -—
424 3505 550 3571 Agitarem.
562 3506 677 3555 Multitn·
718 3506 833 3556 andem.
847 3510 874 3567 1,
890 3507 914 3557 5.

166 3585 406 3634 dinemconeitnnte.
754 3587 779 3636 6.
790 3585 981 3635 0dium.1⁴'astns
993 3587 1228 3651 odiosus,importn·

203 3679 228 3712 ι.
241 3665 271 3710 In
284 3662 387 3728 judicio.
403 3663 469 3712 Ante
485 3664 595 3725 ludicen
607 3663 676 3729 qnod
719 3665 782 3714 nitas
796 3666 910 3714 omnibns
920 3665 1029 3714 molesta.
1049 3667 1088 3713 Sic
1106 3669 1167 3715 llor.
1177 3665 1227 3714 Sat.

166 3743 280 3792 concioni
293 3742 438 3807 opponitur.
719 3745 746 3802 1,
760 3762 772 3805 7
786 3756 793 3792 :
807 3765 819 3788 ι
832 3747 914 3792 Durus
935 3743 1010 3792 bomo
1027 3754 1099 3807 atque
1112 3742 1170 3791 odio
1185 3743 1227 3807 qni

202 3822 227 3870 3.
242 3820 349 3870 oausam
367 3831 453 3870 comm.
472 3823 564 3870 llormn
583 3839 676 3886 quoru
707 3817 905 3886 'pouetrineere
918 3825 1038 3884 Rogant».

166 3901 280 3950 Cluentio
294 3909 424 3964 corruptos
435 3901 576 3962 instaverat,
586 3911 609 3948 et
619 3902 675 3965 qui·
756 3919 782 3964 5.
797 3901 974 3950 condonamur.
991 3899 1066 3962 Quod
1079 3899 1228 3964 Oppianicus

166 3979 213 4028 bns
226 3981 404 4028 amtmlnntna.
719 3991 820 4044 propter
832 3993 898 4025 surm
914 3976 1076 4026 defensionem
1085 3978 1229 4028 uentitab-

204 4066 230 4114 t.
249 4057 383 4107 Privatum.
401 4056 536 4107 Tribunatu
558 4059 678 4116 auertit,
723 4059 823 4106 solutus.
836 4056 910 4104 eonf.
923 4057 1001 4106 Grou.
1014 4054 1072 4102 Oba.
1087 4057 1136 4114 111,
1149 4059 1193 4107 23.

170 4135 351 4202 nnllaqneinrn
362 4135 454 4184 lubuit.
761 4136 785 4185 8.
795 4132 907 4198 Equitem
916 4149 975 4180 rom.
986 4135 1158 4200 Oppianicum.
