3018 4664
353 423 358 430 ,
419 309 615 414 orario
640 343 739 412 rao
765 343 805 412 o
836 343 1053 415 ararnio.
1202 343 1271 416 365

212 469 382 554 bianum,
403 479 573 564 patruum
597 478 722 550 tuum;
744 463 783 532 in
807 460 887 533 foro
907 477 1029 536 autem
1050 469 1088 537 G.
1114 468 1270 554 Marius,

212 595 249 650 et
266 584 304 649 L.
324 576 485 648 Valerius
504 574 666 659 Flaccus,
688 573 875 655 consules,
899 591 982 672 post
1000 591 1151 648 cunctus
1168 601 1267 650 sena·

213 704 290 773 tus,
306 701 411 781 atque
432 684 491 759 ille
510 698 675 770 senatus,
694 706 804 781 quem
822 685 929 754 etiam
943 707 1007 756 vos
1023 686 1107 783 ipsi,
1126 689 1192 784 qui
1204 688 1271 759 hos

212 813 332 895 patres
356 795 599 890 conscriptos,
622 795 686 889 qui
711 816 810 865 nnnc
833 809 938 880 sunt,
964 796 1002 864 in
1018 795 1190 868 invidiam
1211 821 1271 868 vo-

212 912 319 994 catis,
334 931 410 1004 quo
428 902 565 976 facilius
593 903 638 974 de
666 901 736 974 hoc
757 918 884 975 senatu
902 901 1091 978 detrahere
1106 909 1270 1004 possitis,

213 1017 357 1090 laudare
376 1015 631 1101 consuevistis3
658 1035 772 1109 quum
800 1029 968 1110 equester
987 1014 1100 1088 ordo:
1120 1031 1157 1088 at
1178 1042 1271 1115 quo·

212 1153 292 1198 rum
315 1121 518 1224 equitum⁸,
542 1124 591 1195 dii
612 1123 848 1194 immortales!
875 1141 1017 1222 patrum
1040 1141 1271 1216 nostrorum,

211 1253 321 1336 atque
342 1238 419 1331 ejus
439 1235 565 1320 aetatis,
588 1257 669 1329 quae
695 1247 773 1304 tum
799 1253 965 1331 magnam
987 1249 1127 1332 partem
1154 1238 1273 1334 reipu-

211 1347 332 1431 blicae,
357 1359 465 1443 atque
493 1366 639 1413 omnem
667 1342 877 1439 dignitatem
901 1344 1149 1438 judiciomm⁹
1172 1360 1271 1420 tene·

211 1457 291 1544 bat;
310 1479 423 1553 quum
440 1476 567 1524 omnes
583 1454 746 1523 omnium
766 1454 936 1526 ordinum
953 1453 1138 1543 homines,
1155 1458 1271 1552 quiin

211 1567 324 1637 salute
345 1562 548 1661 reipublicae
570 1560 721 1633 salutem
742 1587 843 1634 suam
864 1566 1057 1662 repositam
1077 1589 1153 1637 esse
1177 1565 1271 1637 arbi·

212 1675 417 1761 trahantur,
444 1691 540 1744 arma
568 1674 768 1769 cepissent:
791 1673 880 1769 quid
903 1673 1048 1746 tandem
1066 1679 1105 1747 C.
1124 1675 1270 1749 Rabirio

212 1782 412 1855 laciendum
428 1780 519 1853 fuit?
531 1785 585 1852 De
601 1782 746 1879 teipso,
759 1784 924 1878 inquam,
937 1783 1113 1871 Labiene,
1127 1810 1269 1881 quaero:

210 1919 326 1992 quum
349 1892 394 1964 ad
417 1916 514 1964 arma
535 1891 701 1962 consules
723 1916 769 1962 ex
789 1895 1101 1966 senatusconsulto
1116 1899 1274 1968 vocavis·

209 2021 307 2092 sent3
323 2029 438 2102 quum
452 2016 607 2073 armatus
623 2007 671 2072 M.
687 2001 902 2088 AEmilius¹⁰,
921 2006 1091 2108 princeps
1107 2020 1270 2094 senatus,

208 2115 244 2184 in
263 2116 410 2186 comitio
428 2112 663 2198 eonstitisset,
679 2115 743 2208 qui
755 2165 765 2199 ,
779 2135 893 2208 quum
909 2112 1048 2209 ingredi
1062 2115 1117 2184 vix
1132 2131 1270 2212 posset,
1330 2127 1339 2142 '

210 2247 285 2294 non
306 2223 349 2294 ad
370 2219 632 2318 insequendum
652 2219 721 2292 sibi
741 2221 941 2294 tarditatem
966 2221 1119 2321 pedum,
1139 2225 1205 2297 sed
1222 2226 1268 2298 ad

209 2331 418 2429 fugiendum
432 2330 691 2428 impedimento
707 2328 786 2402 fore
801 2332 968 2428 putabat3
982 2357 1097 2431 quum
1109 2333 1268 2432 denique

209 2446 253 2533 Q.
272 2442 442 2528 Scaevola,
462 2439 648 2512 confectus
665 2456 866 2529 senectute,
884 2443 1104 2540 praepeditus
1120 2443 1268 2536 morbo,

163 2625 167 2634 ,
208 2578 373 2640 mancus,
395 2567 430 2624 et
448 2549 619 2622 membris
636 2551 807 2624 omnibus
825 2567 951 2650 captus
973 2575 1014 2622 ac
1035 2551 1162 2625 debilis
1170 2569 1185 2640 ,'
1204 2555 1268 2628 ha·

209 2663 279 2734 stili
300 2665 422 2748 nixus,
448 2677 485 2733 et
505 2664 614 2732 animi
629 2663 756 2746 vim¹¹,
782 2675 819 2732 et
839 2661 1084 2733 infirmitatem
1106 2671 1268 2762 corporis

208 2770 433 2860 ostenderet3
453 2795 568 2868 quum
590 2774 630 2840 L.
649 2769 837 2856 Metellus,
855 2774 953 2841 Serv.
976 2770 1106 2857 Galba,
1126 2777 1165 2844 C.
1190 2779 1268 2846 Ser-

208 2905 336 2969 ranus,
357 2885 395 2952 P.
418 2881 591 2969 Rutilius,
610 2883 650 2950 C.
670 2878 843 2967 Fimbria,
870 2883 915 2970 Q.
939 2881 1105 2968 Catulus,
1128 2879 1269 2956 omnes·

207 3069 274 3132 quod
292 3083 364 3117 nemo
380 3069 426 3114 rsit
439 3075 541 3131 propter
552 3064 658 3114 hominis
673 3063 716 3112 ob-
797 3073 837 3106 ιι.
848 3057 933 3104 Animi
940 3057 999 3105 vim.
1013 3057 1053 3105 Ad
1062 3058 1125 3106 harro
1138 3059 1267 3108 verborum

207 3149 353 3196 tantitatem.
717 3146 720 3154 ’
759 3133 961 3200 magnificentlam
981 3135 1075 3184 aceedit
1098 3131 1265 3199 Herodianus,

241 3229 267 3275 8.
283 3229 392 3292 Quorum
401 3223 515 3288 equitnm.
527 3223 609 3284 Olim,
627 3241 641 3268 α
651 3225 716 3288 equi-
760 3215 840 3264 Severi
853 3215 897 3266 vit.
910 3217 958 3273 111,
970 3217 1003 3271 tt
1011 3230 1018 3264 :
1027 3205 1177 3286 brandan
1185 3215 1225 3272 τΰμ
1238 3217 1272 3276 ιζς

208 3319 258 3354 tum
272 3319 457 3354 romanorum».
471 3306 497 3352 J.
507 3303 538 3350 V.
551 3305 577 3350 L.
759 3291 899 3361 Βρεττανίαν
917 3288 1017 3353 lindos,
1030 3289 1161 3362 πρισῧΰπκ
1180 3313 1205 3346 τι
1219 3291 1268 3350 ἤδη
1311 3349 1314 3356 Α

242 3401 267 3448 9.
275 3383 424 3450 Dignitatem
424 3381 582 3448 judiciorum.
593 3383 716 3431 Salamini
760 3373 806 3433 itt,
827 3370 868 3422 ml
878 3372 924 3423 ὑπὸ
933 3377 975 3430 τῆς
987 3369 1119 3442 ἅρθριτίδος
1140 3373 1207 3424 νόσου
1222 3373 1269 3425 κά·

206 3467 269 3512 enim
283 3477 392 3528 tempore
402 3459 492 3526 judicit
505 3463 555 3526 lege
573 3463 714 3526 Sempronia
760 3469 830 3520 usur·
840 3447 902 3501 ἀλλὰ
913 3449 945 3502 ’ΐᾶ
957 3455 998 3509 ni:
1006 3447 1079 3518 ψδχῆῗ
1093 3454 1164 3504 ᾱῦἵθῦ
1177 3453 1265 3522 {iim

199 3537 385 3605 'solusequestar
393 3541 454 3589 ordo
462 3541 715 3604 sdmlntsrrsbatmuae
759 3531 817 3600 ὑπὲρ
837 3533 919 3581 πάντα
931 3529 1031 3581 νεανίαν.
1047 3533 1114 3582 Ultra
1128 3547 1268 3598 progressus

207 3631 334 3684 postquam
343 3621 377 3668 eis
389 3617 502 3684 adempta
521 3617 552 3666 ad
563 3616 630 3666 solos
643 3633 714 3665 sena-
759 3623 795 3660 est
808 3612 948 3660 Boasuetiur
966 3613 990 3658 in
1011 3611 1139 3660 elatissima
1150 3611 1189 3659 illa
1200 3613 1270 3661 Con·

208 3711 271 3745 tores
283 3698 389 3757 rediere,
404 3697 500 3746 tandem
513 3697 565 3762 lege
575 3697 671 3746 Aurelia
680 3697 715 3743 in·
760 3691 805 3740 dael
822 3691 941 3756 principis
953 3691 1079 3739 oratione:
1092 3690 1180 3738 uTrois
1194 3690 1269 3738 foisil

208 3787 243 3824 ter
257 3787 384 3840 ntmmque
394 3778 503 3825 ordinem
515 3793 543 3826 ae
552 3775 714 3825 aerariitribu·
759 3769 796 3817 fut
817 3768 932 3834 reponte&
945 3785 990 3833 ptr
1010 3769 1032 3816 le
1047 3767 1177 3815 valeam:
1189 3779 1269 3817 conta

206 3871 252 3903 nos
263 3855 329 3902 luere
338 3856 521 3903 communicata.
760 3848 789 3896 de
801 3849 943 3904 Fontaines,
952 3846 1027 3910 qu'on
1037 3847 1121 3909 voyait
1129 3846 1201 3910 porte
1210 3849 1270 3895 dans

245 3951 283 3982 ro.
305 3938 340 3982 Μ.
362 3934 481 3982 AEmilr'ns.
502 3937 621 3993 Scaurus,
644 3933 714 3994 eujus
759 3943 784 3976 ta
805 3927 900 3984 etatae,
915 3937 940 3972 et
961 3923 1052 3986 malgrd
1066 3939 1103 3970 ses
1126 3923 1269 3983 iniit-mitis,

206 4014 366 4061 coristantlam
380 4023 404 4059 at
424 4011 562 4075 gravitatem
575 4013 661 4061 Cicero
672 4027 715 4058 aaa·
759 4015 867 4054 montrer
877 4003 967 4068 qu'une
977 4015 1029 4049 ame
1039 4002 1158 4064 guernere
1168 4016 1203 4053 est
1213 4005 1272 4053 mai·

205 4093 260 4156 pius
269 4091 353 4140 laudat
363 4106 369 4140 :
378 4107 442 4139 unm
450 4091 571 4140 assumsit
580 4089 716 4139 Sallustius.
761 4097 833 4134 trasse
845 4083 878 4132 du
895 4097 966 4146 corps
980 4081 1068 4145 qu'elle
1078 4081 1184 4132 anime».
