2934 4680
251 353 300 424 lio
596 356 974 427 ARGUMENTUM.

289 489 354 552 rat,
374 477 412 536 ad
428 476 658 556 corrumpendos
670 477 800 555 judiees,
819 491 933 548 tamen,
955 494 991 534 ea
1003 475 1126 553 pecunia
1144 495 1198 556 per
1211 479 1322 544 Staleni

290 573 422 633 fraudem
438 585 468 632 et
487 573 625 632 malitiam
645 593 820 654 suppressa,
846 595 864 634 a
890 569 1022 654 plurimis
1046 571 1195 651 judicibus
1210 569 1321 635 conde-

288 683 420 744 mnatur;
434 669 563 748 quinque
578 671 696 758 suerunt
707 672 758 750 qui
771 671 828 730 sibi
843 690 903 730 non
919 671 1031 749 liquere
1045 668 1321 750 dicerent,quinque

286 767 338 845 qui
356 765 549 826 absolverent.
570 765 770 826 condemnato
786 765 968 847 Oppianico,
992 765 1111 844 publica
1127 767 1226 846 erupit
1245 768 1321 827 indi·

287 865 402 940 quatio,
418 884 483 943 quae
500 865 631 944 corrupti
644 864 749 943 judicii
770 865 936 926 Cluentium
953 877 1110 924 accusaret
1131 870 1164 926 L
1183 865 1321 942 Quintius

286 959 420 1020 tribunus
441 961 553 1040 plebis,
577 975 667 1022 totam
681 962 761 1022 illam
776 983 836 1023 rem
851 963 881 1021 in
896 981 1037 1022 summam
1058 960 1196 1020 invidiam
1216 962 1320 1022 turbu·

284 1058 369 1118 lentis
376 1058 565 1118 concionibus
575 1058 705 1134 adduxit,
716 1060 865 1120 clamitans
876 1061 1021 1139 accepisse
1032 1061 1185 1140 pecuniam
1195 1079 1206 1138 J
1211 1059 1319 1134 udices,

288 1168 320 1214 ut
332 1155 516 1215 innocentem
530 1175 612 1215 reum
629 1155 809 1220 damnarent.
825 1159 859 1215 In
872 1155 1015 1235 judicium
1034 1156 1118 1215 tracti
1133 1156 1237 1215 Junius
1247 1177 1320 1236 prta-

287 1263 344 1324 tor,
358 1266 388 1312 et
397 1253 531 1312 nonnulli
542 1252 672 1330 judices,
686 1253 749 1332 jam
763 1254 815 1314 diu
829 1255 950 1328 famosi,
960 1268 1022 1314 tum
1035 1252 1073 1313 de
1087 1253 1163 1312 facto
1177 1252 1244 1328 hoc,
1257 1267 1319 1312 tum

285 1349 323 1408 de
337 1347 400 1409 aliis
414 1350 610 1424 damnantur;
633 1351 681 1410 alii
697 1352 842 1411 senatoria
859 1351 997 1427 dignitate
1021 1364 1191 1422 moventur,
1210 1351 1319 1432 etipse

284 1446 435 1507 Cluentius
453 1467 606 1507 censorum
627 1461 697 1507 nota
709 1449 836 1536 equestri
852 1449 955 1508 ordine
972 1449 1115 1526 dejicitur.
1138 1453 1241 1528 Neque
1261 1449 1318 1508 im-

284 1544 403 1614 merito;
418 1544 571 1604 constabat
585 1546 662 1605 enim
677 1560 832 1626 corruptos
843 1545 881 1605 ab
890 1547 1054 1628 Oppianico
1066 1545 1194 1627 primum
1203 1544 1318 1624 judiees

286 1642 450 1701 Cluentium
466 1643 559 1723 pluris
572 1641 713 1703 licitatum
725 1664 804 1718 esse,
819 1645 861 1704 ita
874 1657 906 1704 ut
920 1645 951 1704 in
964 1645 1110 1724 emptione
1124 1645 1263 1704 vinceret.

322 1741 400 1798 Octo
410 1739 471 1815 jam
484 1760 576 1798 annos
588 1760 682 1800 causae
692 1741 779 1820 hujus
790 1741 909 1804 infamia
922 1743 1038 1821 penitus
1050 1741 1213 1800 invaluerat
1226 1760 1317 1818 quum

284 1834 412 1894 damnati
426 1837 584 1916 Oppianici
596 1838 686 1912 filius,
696 1838 833 1918 idemque
847 1839 950 1899 Sassiae
963 1837 1114 1928 privignus
1125 1837 1252 1897 Cluentii
1263 1858 1317 1896 no·

282 1951 350 1990 men
358 1931 529 1992 detulittum
538 1933 663 2015 depatre
670 1933 795 2010 sublato,
805 1948 865 1994 tum
873 1935 997 1995 maxime
1004 1921 1188 2014 decoriupto
1192 1933 1314 2013 judicio.

282 2031 439 2090 Accusavit
458 2051 524 2090 eum
540 2033 696 2113 Oppianici
716 2033 833 2091 nomine
848 2033 931 2093 Titus
942 2033 1041 2092 Attius
1054 2032 1246 2105 Pisaurensis;
1265 2031 1316 2091 de-

282 2126 374 2187 fendit
387 2129 442 2188 hac
453 2131 586 2188 oratione
601 2131 702 2190 Cicero
718 2144 834 2210 praetor.
846 2135 916 2190 Acta
927 2144 972 2189 est
983 2149 1069 2203 causa
1083 2129 1161 2209 apud
1176 2134 1214 2205 Q.
1220 2135 1316 2188 Voco-

281 2225 362 2284 nium
384 2227 561 2300 Nasonem*,
587 2228 634 2285 cui
657 2229 777 2306 praetori
799 2227 921 2305 quaestio
944 2226 981 2285 de
999 2226 1147 2286 veneficiis
1171 2225 1316 2306 obtigerat

281 2341 327 2392 an.
339 2327 378 2384 tJ.
389 2326 423 2384 C.
437 2325 505 2397 637,
521 2325 638 2385 AEmilic
656 2324 834 2404 Lepido,‚L.
846 2324 980 2386 Volcatio
996 2324 1082 2383 Tullo
1098 2343 1170 2383 coss.

320 2420 455 2480 Plurimae
468 2422 601 2480 Ciceroni
616 2421 802 2481 difficultates
816 2419 1019 2500 impugnandae
1032 2420 1241 2494 occurrebant;
1253 2435 1314 2482 tum

282 2515 362 2596 quod
380 2516 538 2597 praevalida
557 2517 657 2598 opinio
676 2532 706 2577 ct
722 2520 752 2576 in
769 2517 896 2577 omnium
914 2517 1017 2580 animis
1030 2517 1120 2577 infixa
1139 2531 1202 2577 erat
1216 2531 1315 2576 exter-

278 2613 430 2689 minanda,
457 2629 518 2674 tum
545 2614 626 2694 quod
649 2615 782 2694 plurimis
803 2615 979 2694 praejudiciis
1003 2634 1036 2674 ac
1056 2635 1209 2674 censorum
1237 2615 1314 2674 notis

279 2711 405 2771 Cluentii
422 2732 509 2772 eausa
523 2712 657 2778 damnata
668 2711 831 2788 videbatur,
847 2724 908 2770 tum
925 2712 1050 2778 inoxium
1066 2710 1146 2791 quod
1165 2713 1269 2772 Cicero
1282 2713 1312 2771 in

276 2809 423 2869 nonnullis
437 2809 619 2884 orationibus
636 2823 665 2869 et
685 2811 747 2890 ipse
764 2811 795 2866 in
812 2809 977 2868 Cluentium
991 2823 1204 2890 corruptosque
1223 2809 1312 2869 abeo

274 2906 387 2984 judices
397 2921 459 2967 erat
471 2909 618 2978 invectus,
631 2909 671 2967 ita
682 2920 715 2966 ut
730 2909 794 2988 ipse
807 2920 908 2965 contra
920 2927 951 2965 se
965 2927 1096 2986 pugnare
1111 2919 1272 2986 cogeretur.

315 3010 413 3079 Quum
427 3005 516 3085 igitur
527 3005 630 3065 Cicero
645 3005 894 3064 animadvertisset
908 3019 1105 3064 accusatorem
1117 3005 1243 3063 Cluentii
1254 3025 1313 3064 our·

277 3121 344 3160 nem
356 3101 517 3160 orationem
532 3103 560 3161 iu
572 3102 643 3162 duas
657 3101 899 3184 partesdivisisse
911 3145 919 3176 ,
931 3122 1054 3180 quarum
1069 3102 1160 3160 altera
1170 3101 1312 3161 niteretur

274 3197 384 3257 invidia
392 3199 452 3278 jam
468 3200 626 3258 inveterata
635 3198 738 3276 judicii
752 3204 769 3258 J
772 3199 879 3271 uuiani,
891 3219 947 3277 qua
960 3197 1110 3259 Cluentius
1126 3217 1227 3257 errore
1239 3219 1311 3277 quo-

276 3294 343 3354 dam
355 3296 500 3376 populiin
519 3297 711 3376 suspicionem
727 3310 860 3370 venerat,
874 3295 988 3374 judices
1004 3316 1060 3355 ase
1072 3295 1195 3376 pecunia
1207 3315 1310 3355 corru-

278 3405 360 3473 ptos,
376 3406 408 3452 ut
418 3393 612 3472 Oppianicum
627 3393 869 3464 condemnarent,
894 3394 984 3452 altera
1000 3413 1069 3452 vero
1082 3391 1118 3451 ad
1131 3393 1238 3451 crimen
1256 3414 1308 3452 ve-

323 3615 336 3644 *
355 3622 430 3668 Fuere
444 3621 487 3684 qni
507 3618 569 3668 duos
587 3619 635 3666 boc
656 3617 755 3665 nornine
776 3617 887 3666 homiues
907 3616 1027 3664 contineri
1046 3614 1185 3676 crederent,
1203 3631 1308 3679 quornm

269 3710 329 3758 alter
342 3719 441 3774 pretor,
456 3707 517 3756 alter
527 3707 604 3769 judex
618 3705 762 3771 questionis
774 3715 851 3766 esset,
864 3716 889 3753 ct
900 3705 933 3752 ita
944 3714 1017 3769 putat
1031 3703 1188 3764 lleineccins,
1203 3707 1247 3764 tv,
1261 3707 1305 3762 18,

273 3800 412 3854 umerum
430 3812 545 3844 nuscum
559 3794 670 3860 plurimis
684 3793 953 3842 credimusauctoribus
967 3810 1044 3841 unum
1057 3793 1216 3858 eumdemque
1232 3795 1304 3841 luisse

268 3886 363 3944 vuum,
376 3884 418 3950 qui
432 3885 537 3933 Nasonis
550 3884 696 3948 cognomine
709 3894 831 3932 uteretur:
853 3895 877 3930 et
891 3883 1017 3931 Garatonii
1031 3899 1160 3930 excursum
1176 3883 1222 3930 buc
1238 3881 1268 3930 dc
1281 3899 1306 3928 rc

269 3973 327 4020 bule
336 3974 441 4021 orationi
452 3972 613 4034 subiecimus,
625 3973 651 4019 in
663 3987 713 4035 quo
724 3971 852 4034 singularia
865 3971 978 4034 quaedam
989 3971 1151 4020 continentur.
1165 3971 1203 4022 Cl'.
1217 3971 1304 4030 etiam,

269 4061 289 4110 st
302 4060 375 4126 libet,
386 4061 484 4112 Seboell.
495 4063 590 4111 Literat.
602 4063 673 4110 Rom.
685 4061 812 4118 Beaulort,
827 4061 890 4126 llep.
899 4061 970 4110 Rom.
978 4063 1009 4118 V,
1026 4069 1050 4115 t.
