2958 4670
373 387 563 456 ORATIO
587 387 690 455 Ptto
715 385 756 452 L.
781 383 1015 456 MURENA.
1157 380 1227 455 535

164 504 467 604 sermonibusque
483 503 764 604 competitorum
786 518 964 592 creveram
980 503 1108 591 altera,
1126 505 1228 602 quod

165 621 206 706 ii,
226 641 319 716 quos
335 619 374 688 in
390 617 575 714 provincia
590 640 631 688 ac
652 613 853 712 legatione‘*
875 611 1017 686 omnis⁵
1049 628 1087 685 et
1103 613 1231 687 libera·

165 731 273 804 litatis
285 743 322 800 et
335 727 477 800 virtutis
493 751 565 798 suae
589 739 695 798 testes
714 724 906 812 habuerat,
926 723 1090 797 nondum
1105 724 1229 796 deces-

166 836 320 916 serant⁶.
337 843 476 912 Horum
497 851 693 933 utrumque
715 839 747 908 ei
776 833 923 907 fortuna
950 835 996 906 ad
1022 835 1231 907 consulatus

166 951 382 1050 petitionem
403 947 606 1020 reservavit.
628 949 719 1017 Nam
744 961 781 1018 et
806 949 846 1018 L.
870 946 1010 1020 Luculli
1036 947 1230 1034 exercitus,

166 1059 230 1156 qui
251 1057 295 1134 ad
312 1054 537 1152 triumphum
558 1069 794 1144 convenerat,
809 1053 904 1126 idem
927 1067 1071 1128 comest
1088 1061 1127 1127 L.
1148 1059 1230 1140 Mu·

165 1193 262 1243 renae
281 1179 411 1265 praesto
423 1163 512 1254 luit;
531 1178 569 1236 et
585 1188 720 1237 munus
733 1165 1012 1264 amplissimum,
1026 1165 1126 1263 quod
1141 1165 1232 1262 peti·

167 1279 220 1350 tio
231 1290 393 1377 praeturae
401 1268 661 1374 desiderabati,
671 1289 826 1374 praetnra
840 1276 1034 1352 restitnit⁹.
1050 1277 1145 1346 Num
1165 1274 1234 1345 tibi

167 1387 245 1458 haec
255 1409 365 1483 parva
377 1383 546 1456 videntur
560 1384 768 1480 adjumenta
779 1401 816 1458 et
831 1385 990 1458 subsidia
1004 1385 1234 1458 consulatus?

168 1496 345 1570 Voluntas
360 1494 541 1570 militnm?
564 1519 644 1592 quae
668 1521 783 1593 quum
801 1521 866 1596 per
890 1519 928 1569 se
948 1497 1042 1569 valet
1067 1496 1232 1567 multitu·

169 1603 279 1694 diue,
299 1619 378 1676 tum
400 1604 495 1702 apud
520 1628 606 1676 suos
626 1610 737 1701 gratia
760 1633 769 1676 ε
792 1621 869 1681 tum
897 1631 984 1679 vero
1010 1608 1048 1677 in
1082 1605 1233 1678 consule

169 1713 387 1788 declarando
406 1716 575 1788 multum
587 1718 692 1788 etiam
715 1717 1037 1816 apuduniversum
1056 1717 1233 1816 populum

169 1851 360 1900 romanum
380 1829 600 1898 auctoritatis
612 1825 722 1900 habet
740 1826 947 1927 suffragatio
965 1827 1145 1899 militaris?
1159 1831 1234 1897 Im·

171 1951 355 2035 peratores
375 1942 472 2010 enim
487 1939 641 2009 comitiis
656 1938 924 2026 consularibus,
946 1961 1022 2009 uon
1036 1935 1235 2008 verborum

171 2047 384 2146 interpretes
413 2046 633 2144 deliguntur.
663 2049 784 2138 Quare
815 2051 930 2146 gravis
954 2063 1009 2120 est
1034 2047 1093 2119 illa
1120 2050 1236 2118 oratio

172 2159 257 2230 «Me
271 2156 431 2231 saucium
446 2158 638 2245 recreavit3
660 2177 718 2227 me
730 2158 849 2256 praeda
863 2157 1030 2247 donavit3
1051 2158 1122 2228 hoc
1144 2157 1237 2228 duce

171 2281 315 2340 «castra
335 2269 525 2364 cepimus,
550 2268 651 2364 signa
675 2268 921 2357 contulimus3
945 2291 1144 2364 numquam
1171 2268 1238 2338 iste

173 2376 283 2475 «plus
298 2377 402 2448 militi
418 2375 550 2448 laboris
565 2380 753 2476 imposuit,
766 2403 876 2476 quam
894 2375 962 2450 sibi
975 2378 1127 2476 sumpsit
1142 2378 1236 2474 ipse3

174 2509 317 2582 equum
331 2483 455 2572 fortis,
469 2501 544 2557 tum
555 2490 661 2558 etiam
676 2485 762 2560 felix
770 2518 797 2558 a.
812 2493 889 2560 lloc
899 2490 1027 2586 quanti
1041 2502 1147 2586 putas
1161 2511 1238 2559 esse

173 2593 364 2672 adranam
382 2595 570 2667 hominum
591 2621 631 2668 ac
645 2597 891 2670 voluntatem?
903 2601 1065 2684 Etenim,
1083 2599 1112 2668 si
1140 2611 1238 2668 tanta

174 2705 242 2778 illis
261 2708 414 2780 comitiis
435 2706 559 2805 religio
578 2721 651 2796 est,
673 2708 852 2780 utadhuc
875 2733 1018 2806 semper
1043 2731 1152 2778 omen
1175 2731 1237 2776 va-

174 2817 282 2890 luerit
298 2819 613 2916 praerogativum¹⁰
628 2845 636 2888 ε
656 2816 746 2914 quid
761 2821 893 2888 mirum
908 2832 978 2903 est,
992 2819 1028 2888 in
1044 2816 1114 2888 hoc
1129 2813 1239 2887 felici-

175 2929 256 2999 tatis
274 2926 406 2999 famam
424 2950 703 3024 sermonemque
721 2928 894 2999 valuisse?

176 3084 257 3134 utute
272 3039 394 3134 ettltnua
408 3082 528 3147 sepulum
545 3083 687 3134 mulam
729 3077 813 3126 Lenia.
834 3076 912 3126 edidit
929 3077 1043 3134 meritiis,
1068 3094 1083 3124 e
1100 3077 1238 3137 conjectari

175 3162 257 3214 attulit
267 3183 290 3210 ι.
305 3161 397 3210 Veram
410 3177 506 3210 mun
521 3160 589 3210 desiit
604 3165 686 3212 tem.
729 3157 904 3216 Hottonanni,
919 3159 1035 3207 Garatom
1048 3167 1073 3206 et
1091 3156 1165 3205 Beck.
1181 3171 1242 3221 pro·

177 3242 239 3298 tinea
258 3251 338 3288 emat
364 3241 437 3291 seura·
454 3239 604 3304 interpretes.
627 3239 686 3288 lion
730 3235 853 3286 hunum.

116 3331 119 3340 ’
176 3323 240 3372 enin
257 3320 288 3369 tle
306 3319 489 3384 Apollinert'lm
503 3318 569 3370 ludis
582 3319 686 3385 intelligi
766 3317 790 3364 8.
804 3313 971 3378 Desideratus,
984 3314 1117 3380 Qnodjen
1128 3324 1180 3362 tum
1195 3313 1240 3361 tls·

177 3411 270 3466 potest,
283 3411 311 3449 et
322 3399 374 3448 vult
386 3397 526 3456 husu,
536 3413 612 3463 quun
623 3413 688 3446 nou·
729 3395 887 3452 eidenbatnr,
895 3409 972 3459 qnam
981 3405 1111 3459 prestarent
1118 3402 1221 3457 patera.

176 3481 235 3530 dum
248 3491 340 3544 pretor
347 3478 500 3528 renuntiatae
508 3489 577 3527 esset.
765 3491 791 3539 9.
807 3474 926 3524 Restituit.
948 3474 1052 3522 Sortitus
1068 3471 1132 3520 enlm
1151 3481 1240 3536 pents-

141 3575 146 3588 ·
212 3567 237 3616 t.
251 3559 391 3626 Legatum.
402 3561 483 3622 Qum
493 3557 539 3606 nb
549 3559 575 3608 L.
584 3555 687 3606 monuo
730 3556 790 3605 rhu
802 3555 955 3621 ponteclem
968 3553 1101 3610 amusan,
1113 3547 1242 3612 magnifice

177 3637 276 3688 obism,
731 3635 804 3684 latios
825 3633 990 3699 Apollinares,
1012 3647 1074 3696 qnos
1096 3645 1111 3677 e
1136 3638 1241 3692 pretore

213 3714 237 3768 5.
260 3717 351 3765 Omen.
376 3717 435 3764 Non
456 3716 535 3779 mne,
551 3729 580 3766 et
606 3729 689 3768 neetie
732 3717 827 3764 ameno
845 3712 897 3762 iles-i
915 3713 1046 3777 quotanme
1063 3723 1160 3756 muse
1178 3717 1245 3767 etet,

177 3795 687 3859 mutatamque-romum„
733 3807 761 3844 nt
779 3794 810 3844 td
827 3793 898 3858 prin.
920 3793 946 3838 in
968 3791 1037 3837 verr.
1059 3802 1092 3835 aa
1116 3785 1241 3844 vidisses·

213 3877 689 3942 ottemoemtttonsmpsoetn·
733 3873 875 3939 apperuit,
892 3885 941 3935 qne
963 3870 1058 3918 retium
1084 3866 1187 3916 nalem
1206 3865 1243 3912 itt

178 3957 215 4006 cia
224 3957 328 4004 loun
338 3953 468 4006 redicam.
733 3955 815 4019 gratiae
828 3951 894 4016 apud
906 3948 1025 4015 populum
1039 3945 1141 3996 uomit
1154 3959 1243 3994 eonn-

215 4053 240 4098 7.
258 4036 349 4086 uua.
360 4034 488 4082 uuum
501 4033 609 4096 adjuvit,
619 4038 689 4097 eque
733 4036 808 4087 letum
822 4032 921 4097 muti.

179 4116 276 4164 virtutis
294 4113 360 4163 testis
379 4113 444 4160 itlem
459 4128 488 4161 ee
505 4128 586 4163 eomes
603 4116 689 4164 heret.
772 4127 811 4160 ao.
828 4111 903 4158 ΟΜ
908 4102 1108 4173 prerogativam.
1122 4104 1244 4165 twega·
