2934 4680
211 369 225 380 “
267 387 312 462 32
577 392 625 460 n.
650 392 690 458 r.
715 391 1005 464 crcunorus

264 516 395 586 Caietae
421 505 714 600 celeberrimum,
741 524 850 609 atque
877 511 1126 610 plenissimum
1155 517 1322 606 navium,

263 625 486 721 inspectante
509 631 728 720 praetore⁷a
754 621 987 718 praedonibus
1012 648 1088 698 esse
1114 623 1322 727 direptum?

263 758 307 804 ex
325 732 465 802 Miseno
482 744 602 801 autem
621 730 698 822 ejus
720 730 833 828 ipsius
851 731 982 804 liberos
994 729 1022 822 ⁸,
1043 738 1108 832 qui
1127 759 1211 808 cum
1228 762 1321 836 prae·

262 841 419 914 donibus
434 855 539 912 antea
552 838 603 910 ibi
620 837 756 922 bellum
774 858 950 937 gesserat,
967 845 1232 943 apraedonibus
1245 873 1321 922 esse

262 951 445 1024 sublatos?
463 953 553 1022 Nam
571 949 660 1045 quid
676 971 743 1046 ego
761 954 925 1024 Ostiense
944 943 1249 1045 incommodant,
1270 972 1322 1028 at·

261 1087 333 1158 que
355 1060 451 1132 illam
479 1059 597 1132 labem
622 1073 730 1155 atque
752 1061 987 1156 ignominiam
1011 1064 1213 1162 reipublicae
1231 1093 1320 1164 que·

261 1195 339 1258 rar;
361 1195 497 1268 quum,
519 1192 633 1267 prope
656 1169 940 1266 inspectantibus
960 1172 1244 1262 vobis¹⁰,classis
1258 1204 1317 1267 ea,

260 1283 316 1354 cui
336 1280 462 1352 consul
481 1279 607 1376 populi
626 1280 808 1348 romani¹¹
832 1283 1045 1378 praepositus
1061 1299 1173 1374 esset,
1190 1311 1210 1356 a
1229 1311 1318 1385 pm.

259 1389 415 1480 donibus
439 1403 543 1486 capta
573 1402 681 1483 atque
709 1412 881 1487 oppressa
901 1391 979 1462 est?
1003 1395 1073 1465 Pro
1099 1393 1149 1465 dii
1169 1398 1318 1468 immor·

258 1498 360 1572 tales!
383 1514 566 1570 tantamne
586 1501 693 1568 unius
714 1496 871 1570 hominis
895 1501 1115 1574 incredibitis
1134 1527 1176 1576 ac
1196 1503 1318 1577 divina

257 1612 368 1682 virtus
388 1623 460 1680 tam
482 1607 585 1679 brevi
604 1622 767 1705 tempore
779 1619 807 1652 ¹²
831 1609 947 1680 lucem
964 1608 1091 1684 afferre
1110 1612 1317 1711 reipublicae

257 1721 388 1818 potuit,
401 1733 443 1789 ut
455 1742 540 1805 vos,
553 1718 614 1813 qui
630 1715 741 1787 modo
754 1731 836 1788 ante
852 1720 984 1790 ostium
1003 1719 1212 1792 Tiberinum
1226 1723 1317 1810 cluse

257 1853 332 1902 sem
351 1828 508 1900 hostium
527 1824 721 1913 videbatis,
739 1827 765 1896 ii
782 1851 882 1899 nunc
902 1828 1039 1900 nullam
1062 1831 1156 1902 intra
1177 1835 1315 1904 Oceani

255 1935 426 2012 ostium¹³
445 1934 656 2035 praedonum
676 1959 803 2008 navem
819 1962 896 2010 esse
910 1938 1086 2012 audiatis?

292 2051 420 2146 ‚Atque
442 2046 538 2138 haec,
561 2069 633 2144 qua
655 2044 836 2118 celeritate
863 2063 962 2145 gesta
980 2051 1072 2137 sint,
1094 2073 1316 2147 quamquam

252 2156 400 2245 videtis,
411 2171 532 2228 tamen
544 2179 564 2226 a
577 2179 636 2226 mc
649 2155 687 2226 in
700 2153 853 2228 dicendo
868 2157 1116 2255 praetereunda
1128 2183 1205 2232 non
1216 2175 1313 2248 sunt.

253 2267 343 2358 Quis
362 2270 457 2338 enim
472 2287 667 2362 umquam,
683 2278 747 2336 aut
764 2263 925 2338 obeundi
939 2269 1094 2365 negotii,
1110 2283 1173 2340 aut
1189 2291 1314 2342 couse-

252 2376 388 2475 queudi
406 2389 563 2472 quaestus
584 2371 723 2462 studio,
740 2388 813 2444 tam
835 2374 939 2448 brevi
963 2391 1143 2474 tempore,
1162 2390 1217 2448 tot
1234 2376 1314 2450 loca

251 2486 369 2574 adire,
387 2499 507 2558 tantos
524 2507 651 2556 cursus
667 2483 845 2556 conficere
863 2490 1001 2583 potuit,
1015 2510 1124 2583 quam
1138 2483 1313 2576 celeriter,

251 2602 317 2672 Cn.
349 2597 524 2695 Pompeio
551 2593 662 2684 darec,
686 2591 773 2664 belli
797 2594 954 2693 impetus
967 2600 997 2650 ¹⁴
1021 2595 1222 2694 navigavit?
1245 2595 1311 2694 qui

250 2747 348 2798 taccu
370 2753 525 2796 tumtun
552 2757 578 2795 st
601 2745 681 2794 omma
701 2745 758 2794 etta
801 2743 980 2808 mentuunt,
1001 2749 1083 2797 onais
1101 2747 1270 2812 dtrtpnnant,
1286 2757 1313 2798 et

250 2823 758 2891 awannaqaaexatricnsstnsisilts,
800 2824 906 2889 predam
923 2843 990 2874 susm
1008 2823 1035 2874 in
1051 2825 1111 2874 urbe
1129 2826 1182 2891 ipsa
1197 2825 1266 2889 quasi
1282 2825 1310 2876 iu

250 2907 359 2957 Sardinia
367 2923 398 2954 eo
407 2904 629 2971 comportabantur.
800 2901 891 2952 fluibus
901 2905 951 2953 suis
964 2919 1048 2953 secure
1061 2905 1233 2970 deposuerunt.

286 2988 593 3050 7.Irtspeetaateproetore.
608 2985 688 3046 Quem
696 2997 757 3048 pras·
840 2997 878 3033 ιο.
904 2981 1094 3049 lamentantibus
1120 2981 1199 3031 vobis.
1227 2983 1310 3045 Quum

249 3079 327 3115 torem
339 3081 392 3113 non
404 3063 461 3112 licet
479 3078 638 3128 cognoscem
657 3063 758 3112 forsitan
801 3061 994 3124 tempuselarnm
999 3074 1069 3121 esset,
1078 3060 1182 3110 Romani
1190 3077 1203 3108 e
1211 3061 1311 3125 Capitu-

249 3156 328 3192 tameu
349 3143 386 3189 tt.
404 3141 539 3189 Antonium
559 3138 690 3204 significat,
712 3141 756 3204 qni
798 3138 834 3186 lio
845 3141 954 3188 Ostiense
963 3157 1027 3190 mare
1037 3155 1134 3190 cernere
1142 3150 1262 3204 poterant.

247 3235 302 3271 arne
316 3221 455 3284 Pompeium
469 3231 554 3268 contra
567 3221 655 3284 piratas
668 3220 755 3268 misem
837 3235 876 3268 11.
899 3220 990 3268 Consul
1006 3220 1094 3284 populi
1113 3217 1217 3266 romaar'.
1241 3217 1309 3266 Vitat

247 3302 308 3349 rnnle
321 3316 371 3348 rem
386 3300 473 3364 gessit,
490 3309 513 3346 et
526 3299 619 3348 indicto
635 3299 754 3348 Cretensi·
797 3297 886 3345 omisso
895 3298 993 3346 nomine
1002 3297 1187 3354 contumeliam,
1199 3295 1242 3344 sed
1252 3296 1310 3360 quis

247 3381 293 3428 hus
314 3379 379 3428 bello
397 3377 487 3426 ibidem
508 3379 612 3436 interiit,
635 3389 662 3425 ut
681 3379 753 3427 tradit
796 3375 868 3424 suerit
890 3377 931 3425 ille
953 3375 1039 3425 consul
1060 3389 1206 3439 cognoscere
1232 3371 1308 3422 nohis

246 3459 366 3508 Asconius
375 3469 399 3506 et
417 3457 499 3506 Florus
512 3457 538 3504 in
552 3459 650 3521 epitom.
664 3455 752 3518 Cunje·
796 3469 846 3502 nou
860 3455 937 3502 datur.

246 3549 338 3586 cturam
364 3537 431 3585 ducit
456 3535 597 3585 Plutarchus
624 3551 679 3582 eum
701 3551 751 3584 esse
834 3548 872 3579 ra.
885 3535 944 3578 Tam
954 3529 1020 3579 brevi
1025 3542 1139 3592 tempore.
1150 3527 1240 3575 Piratas
1253 3542 1306 3576 otu·
1323 3577 1333 3592 ‚

245 3615 371 3679 cujusfilis
381 3634 394 3664 a
405 3616 562 3682 praedonibus
571 3625 640 3678 capta
651 3629 752 3678 ‚magus
795 3627 836 3665 nes
850 3609 1113 3674 undequinquagesimo
1123 3605 1173 3666 die,
1184 3617 1210 3654 ut
1219 3623 1307 3673 supra,

243 3699 347 3762 pecunia
359 3707 442 3761 postes
451 3694 573 3758 redempta
584 3704 627 3741 est.
794 3689 892 3737 delevit.

281 3779 304 3827 8.
315 3777 417 3825 Liberos.
428 3779 478 3824 Hac
489 3789 548 3820 voce
557 3769 644 3835 plurali
652 3770 751 3819 utebsu-
832 3769 871 3816 13.
900 3765 992 3814 Oceani
1010 3765 1105 3814 ostium.
1130 3767 1195 3812 Intra
1216 3765 1305 3813 fretum

244 3866 284 3902 tur
307 3855 383 3903 Latini
405 3853 437 3902 sd
460 3847 643 3916 exprimendum
675 3866 750 3898 uuum
793 3846 948 3895 Herculeum.

243 3935 360 3981 duntaxat
372 3931 448 3982 fitium
461 3941 501 3979 ant
514 3927 597 3976 filiam.
832 3933 872 3982 tt.
895 3924 958 3974 Belli
970 3924 1078 3990 impetus.
1093 3925 1198 3972 Poetice.
1220 3923 1303 3984 Quum

280 4030 304 4076 9.
319 4012 424 4061 Ostiense
432 4006 617 4057 incommodum.
627 4007 712 4056 Piratae
721 4002 747 4055 iu
793 4021 876 4052 sensus
888 4005 1006 4053 tribuatur
1016 4004 1126 4051 inanimis
1135 4001 1220 4062 rebus,
1229 4001 1302 4048 estat·

242 4094 334 4140 Ostiam
358 4089 457 4156 ingressi
483 4103 555 4135 naves
581 4087 746 4134 Romanorum
791 4094 830 4150 get
848 4083 946 4146 quidam
961 4083 1077 4132 oratIonis
1093 4081 1175 4141 decor,
1189 4079 1300 4143 qondam
