2962 4682
299 332 502 416 ORATIO
528 330 631 400 PRO
655 331 796 400 LEGE
819 330 1059 402 MANILIA.
1166 339 1211 433 47

146 451 335 530 habituros
352 475 453 524 essen
472 449 621 522 dixistis.
638 452 782 524 Etenim
799 451 879 523 talia
899 465 954 522 est
971 453 1042 544 vir,
1063 457 1217 536 utnulla

145 589 198 636 res
220 577 324 638 tenta
345 563 450 636 sitae
470 576 545 634 tam
566 559 739 648 difficilis,
762 585 872 659 quam
889 560 951 633 ille
972 588 1049 635 non
1072 580 1109 637 ct
1130 591 1218 641 con·

145 675 224 748 silio
244 697 390 771 regere,
413 687 449 746 et
464 674 669 770 integritate
687 673 803 761 tueri,
829 686 865 744 et
885 675 1017 744 virtute
1036 675 1218 754 conficere

144 787 270 884 possit.
288 783 359 862 Sed
374 787 410 858 iu
429 785 500 858 boc
517 786 599 881 ipso
616 783 662 855 ab
685 809 729 856 eo
751 780 1064 858 vehementissime
1077 787 1217 864 dlesen-

145 895 1216 994 tio,qu0d,quominuscertaesthominnmacminusdiu·
1325 943 1331 962 ·

144 1009 361 1092 turbante,
380 1005 452 1078 hoc
468 1008 583 1100 magis
599 1004 823 1102 respublica,
850 1003 937 1076 dum
957 1030 1024 1104 per
1041 1007 1130 1082 deos
1150 1013 1217 1082 im·

145 1115 316 1191 mortales
335 1116 434 1204 licet,
456 1114 528 1187 frui
542 1114 653 1188 debet
670 1118 802 1187 summi
815 1114 998 1188 bominis³
1019 1121 1220 1220 vitantque

145 1227 292 1304 virtute.

194 1339 242 1406 At
260 1335 378 1423 euim,
399 1336 563 1432 inquitl,
587 1333 678 1406 nihil
703 1337 790 1406 novi
815 1333 880 1408 fiat
898 1351 1026 1408 contra
1054 1343 1220 1441 exempla

146 1459 257 1542 atque
268 1449 432 1520 instituta
441 1445 633 1542 majorum.
647 1449 731 1516 Non
743 1443 846 1517 dico⁵
859 1445 931 1518 hoc
945 1447 1045 1536 loeo,
1065 1451 1221 1546 majores

147 1571 291 1628 nostros
310 1580 453 1655 semper
463 1561 502 1627 in
516 1581 605 1654 pace
621 1556 895 1643 consuetudini,
915 1561 952 1627 in
966 1556 1064 1630 bello
1076 1562 1221 1640 utilitati

147 1671 330 1764 paruisse;
344 1689 488 1765 semper
498 1665 669 1738 adnovos
681 1689 782 1739 casus
795 1682 1020 1766 temporum,
1040 1695 1221 1746 uovorum

149 1776 386 1852 consiliorum
401 1779 561 1848 rationes
578 1775 883 1863 accommodarem
909 1801 984 1849 non
997 1777 1132 1870 dicam,
1146 1783 1222 1856 duo

148 1887 244 1960 bella
262 1888 436 1975 maxima,
454 1887 633 1960 Punicum
649 1901 685 1958 et
706 1883 984 1985 Hispanicnae⁶,
1003 1884 1049 1959 ab
1061 1911 1137 1962 uno
1152 1894 1222 1963 im·

148 2012 315 2096 peratore
345 2021 422 2072 esee
448 1995 628 2084 confecta3
653 1997 762 2068 duest
799 1996 909 2070 urbes
931 1999 1221 2096 potentissimas,

149 2134 229 2207 quae
246 2108 333 2186 huie
351 2109 504 2206 imperio
527 2112 680 2180 maxime
697 2106 946 2194 minabantur,
965 2108 1220 2207 Carthaginem
1275 2203 1278 2212 ,

149 2235 260 2318 atque
285 2221 537 2310 Numantiam,
566 2218 763 2292 abeodem
785 2220 953 2317 Scipione
972 2243 1047 2292 esee
1068 2220 1223 2311 deletam

149 2357 226 2404 non
242 2328 556 2420 commemorabo,
574 2356 694 2431 nuper
715 2332 765 2402 ita
782 2327 888 2402 robis
906 2329 1144 2429 patribusque
1162 2357 1224 2404 ve·

151 2445 231 2520 suis
255 2446 495 2529 ostaticum,
521 2457 564 2514 ut
591 2445 630 2514 in
655 2467 732 2513 nno
756 2445 796 2514 O.
814 2437 953 2513 Mario⁸
975 2465 1058 2541 epea
1078 2442 1222 2541 imperii

186 2652 211 2699 3.
231 2649 290 2699 Frui
304 2649 376 2698 deba
386 2648 475 2698 summi
486 2647 599 2698 bomrirr's.
617 2649 663 2698 Ca-
707 2649 802 2697 minore
813 2647 890 2696 rautti
900 2647 967 2710 lilio,
978 2651 1023 2713 qui
1033 2665 1108 2713 quum
1119 2649 1223 2699 editiu-

151 2730 217 2778 tulua
235 2745 267 2777 eo
282 2729 425 2794 syllogismo
438 2743 497 2775 utut
515 2737 585 2775 erut:
603 2749 614 2770 ι
633 2729 663 2774 Iu
707 2737 756 2774 tem
778 2737 887 2791 peteret,
906 2738 931 2774 et
950 2727 1014 2774 iutra
1037 2726 1122 2775 decem
1144 2743 1223 2776 aunon

151 2804 664 2873 quototnpuumrlubellumurlttitle-
708 2801 1223 2870 consulfierlnonporart,leglbuuolutur

150 2889 202 2936 bet.
222 2887 301 2950 Atqui
321 2889 349 2935 iu
368 2887 545 2950 Pompeio...
571 2900 663 2950 crgo».
707 2894 759 2942 ert,
783 2895 807 2932 et
829 2883 916 2932 conoul
936 2895 1047 2942 creatur,
1065 2895 1091 2932 et
1112 2885 1139 2931 iu
1157 2886 1225 2933 Aln-

151 2966 247 3015 Trlliur
264 2965 432 3030 syllogismum
452 2964 526 3012 ulium
539 2965 663 3030 opponit:
708 2965 857 3012 cammlmur
875 2963 1044 3028 Carthaginem
1062 2965 1221 3029 expugnarit.

151 3049 266 3096 aeunni
276 3047 382 3095 bominis
392 3045 526 3104 numum
536 3045 604 3106 licet,
615 3044 664 3091 frui
707 3046 794 3092 Postea
823 3059 899 3108 quum
926 3043 1018 3092 bellum
1045 3042 1222 3093 Numantinum

152 3127 276 3176 (labemur.
302 3127 432 3189 Pompeius
458 3139 566 3172 sammua
588 3123 664 3172 bomo
708 3123 805 3188 longina
825 3123 969 3182 duceretur,
989 3122 1082 3172 dolatur
1102 3134 1139 3172 αι
1155 3123 1223 3173 ultro

152 3205 264 3255 ntVim
273 3219 332 3268 crgo
343 3205 396 3275 ejua
405 3203 453 3252 fmt
465 3203 593 3262 debemur,
605 3199 665 3249 dum
708 3203 786 3252 eidem
797 3203 906 3267 Scipionl
916 3201 1034 3260 Africano
1047 3218 1061 3251 t
1075 3215 1161 3252 senatu
1176 3219 1222 3269 po-

153 3283 240 3332 llen».
707 3281 817 3347 puloque
839 3296 941 3330 romano
965 3283 1122 3346 consulatur,
1148 3297 1221 3348 quem

189 3373 215 3421 4.
230 3362 354 3412 Addimus
364 3361 665 3426 inquitpostGarrton.e
709 3377 785 3426 quum
804 3361 846 3409 ille
867 3377 953 3426 capere
971 3362 1071 3410 minime
1092 3361 1166 3412 vellet
1187 3361 1222 3412 ob

108 3507 110 3512 Ι
153 3445 198 3492 MS
211 3442 297 3490 nrud.
310 3443 376 3491 tt.
389 3445 416 3490 1.
709 3441 799 3507 legem,
809 3457 863 3506 quur
880 3441 979 3491 vettbrt
994 3457 1139 3508 quemquam
1156 3443 1221 3490 iutra

190 3523 216 3570 ⁵.
236 3523 293 3569 Non
309 3521 372 3594 dico.
391 3520 476 3584 Figura
495 3518 548 3567 luc
565 3528 617 3576 ert,
634 3517 666 3566 ad
711 3521 795 3569 decem
812 3538 889 3571 runos
904 3521 992 3570 iterum
1012 3522 1136 3570 consulem
1153 3518 1220 3580 lierl,

154 3601 343 3656 benivolentiam
352 3598 472 3647 auditoria
483 3597 667 3646 eiblconciliru·
709 3601 782 3648 sicuti
789 3603 866 3666 priori
876 3600 1116 3665 comminuente·
1127 3598 1223 3648 uolutat

155 3681 224 3740 daur,
234 3681 352 3746 promissa
362 3677 497 3738 brevitate,
514 3687 538 3726 et
550 3677 665 3726 attentio·
711 3690 761 3738 ert,
774 3691 797 3726 et
809 3679 966 3728 Numautlum
977 3680 1042 3743 cepit
1052 3691 1077 3727 et
1089 3676 1188 3726 delevit.

155 3777 226 3822 urm,
238 3761 294 3826 quia
304 3760 383 3820 majm
392 3759 500 3823 aliquid,
514 3773 587 3822 (μω
599 3755 667 3821 quod
748 3775 772 3818 7.
786 3758 868 3809 codd.
879 3760 968 3808 Erllrrt.
979 3756 1222 3820 uerendumque.

155 3841 253 3900 omittit,
264 3839 404 3906 pollicetur.
711 3839 774 3888 U.
784 3837 809 3886 1..

190 3921 215 3968 6.
228 3919 348 3967 Punicum
360 3929 383 3965 et
394 3916 562 3982 Hispaniense.
574 3917 604 3962 lu
614 3915 668 3980 qui·
748 3918 772 3965 8.
783 3919 813 3963 In
825 3931 873 3962 uno
888 3915 915 3964 C.
928 3915 1018 3974 Mario.
1032 3913 1127 3979 Septlce
1137 3915 1224 3962 centul

157 3995 421 4063 beonetsetena
432 3995 668 4044 ettetllnmantlaa
712 3995 767 4044 fuit.
789 4022 824 4032 —
847 3993 982 4059 Iugurtha,
1005 4005 1060 4058 rege
1083 3991 1223 4052 Remitte,

157 4079 183 4125 P.
196 4080 313 4146 Scipiorm
324 4075 473 4138 AEmiliauo,
488 4075 539 4121 rive
553 4073 668 4122 Africano
712 4089 785 4138 quem
796 4072 889 4121 blrrlur
898 4071 981 4120 fraude
991 4085 1091 4138 captum
1102 4071 1129 4118 iu
1138 4071 1225 4122 trium·
