3018 4664
253 369 324 467 296
577 374 625 440 Μ.
650 373 689 440 r.
716 371 995 444 cressonis

254 495 321 565 Hic
331 517 416 592 ager
427 493 557 581 omnis,
571 518 723 592 quoquo
736 497 854 593 pretio
864 491 896 537 ¹⁶
909 507 1099 592 coemptus
1111 498 1190 583 erit,
1203 509 1328 569 tamen

255 604 394 700 ingenti
420 605 575 702 pecunia
599 602 703 676 vobis
732 603 925 676 inducetur
943 615 984 674 ¹⁷.
1019 606 1182 697 Alterum
1209 630 1328 703 genus

255 737 442 811 agrorum,
466 727 615 813 propter
633 714 856 786 sterilitatem
874 715 1071 806 incultum,
1092 732 1243 817 propter
1260 742 1327 816 pe·

255 822 612 896 stilentiam‘vastum
640 839 750 921 atque
774 823 973 912 desertum,
993 839 1135 896 emetur
1157 824 1203 897 ab
1217 820 1247 869 ¹⁸
1271 828 1326 911 iis,

254 939 319 1031 qui
347 959 409 1006 eos
434 935 559 1006 vident
581 933 651 1006 sibi
676 959 772 1024 esse,
796 940 825 1006 si
852 960 929 1006 non
948 934 1197 1025 vendiderint,
1220 936 1328 1006 relin-

255 1045 434 1142 quendos.
451 1049 495 1116 Et
514 1049 687 1116 nimirum
701 1044 799 1116 istud
818 1059 888 1144 est,
906 1044 1007 1142 quod
1023 1044 1068 1117 ab
1087 1045 1160 1116 hoc
1176 1045 1328 1117 tribuno

255 1154 373 1254 plebis
393 1155 528 1227 dictum
553 1158 663 1228 estin
685 1169 812 1227 senatu
827 1165 858 1213 ¹9
879 1182 887 1224 :
910 1154 1088 1228 urbanam
1109 1154 1256 1260 plebem
1273 1156 1329 1225 ni·

255 1265 370 1335 mium
388 1267 425 1335 iu
444 1263 631 1364 republica
652 1289 779 1363 posse,
797 1263 1076 1337 exhauriendam
1093 1289 1170 1336 esse
1184 1275 1217 1309 ²⁰
1233 1294 1242 1336 ε
1258 1266 1331 1337 hoc

255 1378 355 1446 enim
373 1374 486 1449 verbo
501 1391 555 1446 est
573 1400 678 1464 usus,
697 1377 801 1473 quasi
819 1374 864 1446 de
881 1375 1001 1472 aliqua
1019 1378 1180 1466 sentina,
1199 1401 1240 1447 ac
1255 1401 1332 1446 non

257 1485 303 1556 de
321 1486 545 1583 optimorum
555 1475 695 1557 =civium
718 1509 850 1580 genere
868 1484 1091 1583 loqueretur.

305 1600 452 1666 XXVII.
480 1600 555 1668 Vos
581 1619 685 1679 vero,
715 1598 894 1686 Quirites,
921 1599 950 1666 si
978 1619 1036 1667 me
1057 1594 1183 1666 audire
1204 1593 1334 1682 vultis,

256 1706 410 1776 retinete
438 1709 542 1777 istam
565 1707 828 1804 possessionem
854 1705 975 1802 gratiss
988 1716 1014 1794 ¹,
1038 1703 1235 1791 libertatis,
1258 1701 1335 1774 suf·

257 1813 476 1912 fragiorum,
504 1815 686 1913 dignitatis
699 1825 725 1903 ²,
749 1813 868 1901 urbis,
889 1812 974 1904 fori,
1004 1812 1195 1903 ludorum,
1222 1811 1335 1884 festo·

257 1947 342 1994 rum
361 1921 523 2011 dierum,
537 1938 741 1996 ceterorum
757 1925 921 1994 omnium
940 1923 1218 1996 commodorum
1240 1950 1248 1992 :
1267 1925 1338 1995 nisi

261 2030 355 2103 forte
377 2033 563 2122 mavultis,
585 2033 718 2104 relictis
735 2032 792 2103 his
809 2031 937 2122 rebus,
956 2047 1065 2130 atque
1085 2032 1152 2105 hac
1171 2033 1252 2105 luce
1268 2036 1339 2105 rei·
1397 2064 1400 2072 ¹

260 2140 432 2239 publicae,
455 2143 493 2212 in
510 2139 722 2240 Sipontina³
745 2142 923 2228 siccitate,
943 2144 1060 2212 autin
1079 2139 1338 2242 Salapinorum

262 2250 474 2347 pestilentiae
493 2249 646 2340 finibus,
669 2249 777 2321 Rullo
799 2250 907 2336 duce,
928 2249 1106 2324 collocari.
1129 2256 1204 2324 At4
1229 2252 1339 2342 dicat,

261 2388 356 2461 quos
370 2389 474 2461 agros
493 2381 682 2463 empturus
698 2365 760 2452 sit;
776 2363 958 2454 ostendat,
972 2379 1008 2436 et
1024 2366 1133 2463 quid,
1149 2382 1185 2438 et
1199 2367 1339 2465 quibus

263 2473 414 2546 daturus
433 2478 489 2545 sit.
508 2480 558 2546 Ut
571 2499 678 2566 vero,
695 2499 812 2576 quum
833 2498 960 2550 omnes
979 2475 1107 2566 urbes,
1131 2502 1257 2576 agros,
1273 2503 1339 2550 ve·

223 2807 227 2814 .
303 2765 344 2814 16.
360 2767 464 2830 Quoquo
471 2763 560 2829 pretio.
579 2763 657 2812 Etiam
667 2761 778 2810 minimo.
822 2759 1342 2828 viri-Suffragiornm.Quorumiussri-

302 2859 342 2904 ¹7·
360 2843 459 2908 Ingenti
466 2841 574 2908 pecrrnr'a
586 2841 721 2890 inducetur.
734 2842 780 2888 Ta·
822 2855 880 2904 pers
902 2840 974 2889 robis
994 2843 1048 2890 vult
1067 2843 1166 2894 Rullus.
1181 2845 1248 2894 Vide
1257 2839 1343 2912 'supra

265 2941 321 2973 men
336 2925 422 2986 majori
433 2939 528 2987 semper
544 2922 625 2987 pretio
641 2920 668 2968 in
685 2919 779 2968 tabulas
823 2935 877 2983 cap.
890 2935 918 2966 11
932 2920 986 2970 init.

264 3004 394 3066 referetnr;
404 3004 481 3050 nimio
489 3001 567 3066 pluris
574 2998 781 3063 constabitqunn-
859 3013 884 3047 2.
897 2999 1039 3064 Dignitatis.
1057 3001 1116 3050 Non
1126 3003 1203 3052 modo
1219 3003 1343 3069 dignitas,

264 3080 372 3133 tiralet.
824 3093 907 3125 verum
917 3079 989 3127 etium
998 3081 1111 3143 mnium
1119 3083 1238 3132 tribuitur
1246 3083 1344 3149 populo
1375 3093 1383 3110 ⁶

305 3162 347 3209 18.
368 3159 408 3208 Ab
430 3159 467 3208 iis.
492 3161 529 3209 Ex
547 3159 577 3208 iis
598 3156 780 3224 possessoribus
823 3172 933 3206 romano.

270 3250 373 3290 emetur.
860 3238 883 3284 3.
892 3237 1028 3302 Sipontina.
1036 3239 1121 3305 Sipus,
1133 3241 1174 3289 vel
1190 3243 1345 3306 Sipontum,

304 3321 391 3382 19.1n
412 3327 506 3365 senatu.
526 3319 608 3380 Quum
628 3317 658 3366 tle
676 3313 780 3364 coloniis
823 3315 921 3381 Apuliae
940 3317 1060 3382 oppidum
1078 3329 1115 3367 est
1128 3320 1162 3368 nd
1175 3337 1260 3383 mars,
1271 3323 1346 3383 juxt!

265 3397 416 3448 deducendis
429 3407 519 3461 ageret.
741 3427 743 3430 -
825 3396 1190 3463 Garganummoutem.Snlapin
1200 3411 1347 3448 autemnon

301 3491 345 3525 no.
358 3475 563 3524 &hauriendam
576 3489 634 3522 esse.
648 3470 740 3520 Urbem
753 3486 781 3518 en
825 3472 898 3536 longe
911 3491 925 3521 ι
936 3476 1047 3539 siponto
1053 3475 1137 3536 abest,
1151 3477 1182 3524 de
1196 3494 1246 3542 qus
1255 3479 1292 3526 sio
1302 3479 1347 3526 Vi·

265 3556 339 3623 plebe
349 3555 528 3604 exonerantlnm
538 3569 597 3602 esse.
605 3553 664 3614 Quo
672 3549 748 3597 verbo
757 3559 782 3597 et
826 3555 941 3614 trur.1‚s
954 3553 1119 3603 :elnsidsntes
1131 3567 1191 3603 sunt
1202 3557 1308 3622 paludes
1322 3568 1349 3606 et

263 3641 364 3701 inopte,
378 3646 401 3684 et
411 3633 580 3698 imprudenter
593 3625 656 3678 nsus'
664 3628 782 3676 ennunt-
827 3645 878 3677 nou
891 3629 981 3680 babent
995 3634 1074 3680 exitus
1088 3635 1253 3697 profluentes,
1265 3653 1349 3702 nequo

264 3718 314 3766 lus.
324 3716 397 3766 Conf.
409 3713 482 3764 Cutil.
492 3715 530 3770 11,
544 3719 570 3767 s.
827 3725 871 3771 pst
890 3708 1008 3771 flumina,
1027 3727 1107 3775 neque
1130 3729 1176 3776 per
1193 3715 1273 3764 fossas
1290 3717 1350 3774 ,uti

300 3795 410 3841 xxvu.
436 3809 460 3840 r.
483 3788 658 3838 Possessionsm
682 3788 782 3852 gratia.
826 3790 980 3854 Pomptinus,
994 3792 1082 3839 stando
1096 3803 1245 3856 putrescunt
1263 3793 1350 3843 ethu-

266 3875 346 3936 Qnsm
362 3873 423 3920 inire
432 3869 527 3918 liestsb
541 3869 571 3916 iis
580 3905 587 3930 ‚
596 3867 626 3915 de
635 3867 724 3931 quibus
733 3883 783 3914 mu-
826 3883 905 3914 morss
918 3883 1002 3931 graves
1011 3879 1036 3916 st
1045 3871 1190 3934 pestilentes
1199 3870 1228 3918 in
1236 3870 1277 3919 bis
1284 3870 1352 3919 loeis

265 3953 394 4016 gistrrtum
407 3949 548 4014 petentibus
557 3948 583 3995 in
593 3962 680 4010 campo
690 3946 782 3994 Martio
826 3945 941 3996 emittunt
950 3969 971 3994 a.

266 4029 411 4092 suffragium
425 4029 503 4076 fertis.
520 4053 556 4064 -
569 4024 707 4073 Liber-tant.
719 4023 782 4071 Nam
863 4031 886 4080 4.
905 4026 940 4072 Ae
957 4023 1032 4074 dieat.
1046 4026 1109 4078 lel.
1121 4039 1182 4092 post
1190 4027 1353 4093 Turnsbum,

267 4107 421 4156 dominatum
430 4102 783 4171 onoupnrsconsntnrdooem·
827 4103 880 4150 Aut
888 4101 966 4151 dirae.
975 4105 999 4154 J.
1007 4107 1037 4152 V.
1048 4107 1075 4152 L.
