3018 4664
426 365 618 433 ORATIO
643 365 740 433 PRO
765 366 804 433 C.
829 365 1060 436 RABIRIO.
1201 365 1271 440 353

209 481 411 556 evertendis
423 479 466 571 ¹³,
475 487 582 554 unius
592 483 751 556 huminis
767 501 933 558 senectus
944 491 989 574 ¹4,
1000 485 1198 578 iufirmitas,
1217 515 1273 566 so·

210 591 398 690 litudoque
421 607 557 666 tentata
577 609 642 666 est.
667 594 931 684 Quamobrem,
954 598 983 667 si
1001 613 1055 668 est
1075 596 1165 670 boni
1182 583 1270 674 eon-

209 703 315 792 sulis,
340 728 454 800 quum
481 718 611 775 cuncta
639 705 770 776 auxilia
797 705 1004 803 reipublicae
1023 705 1273 780 labefactari¹⁵

209 814 437 910 convellique
465 813 607 902 videat,
639 811 732 886 ferie
758 839 867 912 opem
898 816 1038 913 patriae,
1065 839 1275 891 succurrere

209 925 314 994 saluti
331 922 563 1020 fortunisque
582 923 860 1012 communibus,
875 924 1068 1022 implorare
1088 927 1219 998 civium
1236 927 1276 1000 fi·

209 1032 310 1122 dem,
338 1021 443 1104 suam
467 1031 659 1104 salutem¹⁶
685 1037 921 1132 posteriorem
948 1033 1063 1106 salute
1088 1039 1274 1108 communi

208 1140 362 1229 ducere3
378 1159 432 1214 est
446 1144 552 1212 etiam
566 1142 747 1214 bonorum
766 1158 802 1214 et
815 1141 962 1214 fortium
979 1145 1131 1232 civium,
1149 1147 1274 1242 quales

174 1335 176 1340 η
207 1277 273 1323 vos
290 1252 461 1324 omuibus
484 1252 687 1350 reipublicae
705 1251 928 1350 temporibus
947 1254 1148 1343 exstitistis,
1162 1258 1273 1328 inter-

207 1361 354 1434 cludere
374 1385 501 1434 omues
520 1362 739 1434 seditionum
755 1365 844 1450 vias,
864 1366 1006 1436 munire
1025 1364 1187 1466 praesidia
1202 1368 1273 1438 rei-

208 1471 375 1568 publicae,
390 1495 572 1543 summum
585 1473 624 1543 in
638 1471 847 1544 consulibus
861 1475 1075 1572 imperium,
1090 1499 1273 1548 summum

208 1583 247 1666 in
264 1596 390 1652 senatu
411 1583 621 1666 consilium,
646 1597 774 1680 putare
787 1594 837 1671 ¹⁷3
862 1609 904 1654 ea
925 1589 989 1681 qui
1010 1601 1186 1682 sequutus
1205 1589 1273 1674 sit,

208 1691 314 1762 laude
331 1693 452 1789 potius
472 1706 507 1762 et
528 1691 689 1780 bonore,
707 1717 817 1788 quam
840 1717 948 1790 poena
969 1710 1004 1766 et
1023 1695 1201 1794 supplicio
1219 1695 1272 1768 di·

208 1825 320 1897 gnum
339 1797 512 1898 judicare.

258 1911 503 2000 Quamobrem
535 1909 638 1982 labor
664 1912 701 1981 in
732 1909 802 1984 hoc
829 1909 1075 2000 defendendo,
1092 1918 1270 2015 praeeipue

206 2045 309 2093 meus
328 2037 405 2110 est3
428 2021 589 2092 studium
612 2045 698 2092 vero
720 2023 955 2094 conservandi
974 2021 1150 2112 bominis,
1173 2049 1273 2099 com·

206 2157 316 2206 mune
335 2131 425 2203 mibi
441 2131 631 2203 vobiscum
650 2157 726 2204 esse
747 2131 905 2204 debebit.

156 2249 157 2252 ’
255 2245 298 2311 ll.
320 2243 377 2312 Sic
393 2241 490 2312 enim
508 2243 709 2313 existimare
724 2241 884 2329 debetis,
902 2241 1078 2334 Quirites,
1098 2251 1182 2341 post
1199 2243 1268 2316 bo·

205 2354 344 2422 minum
364 2352 594 2454 memoriam-¹
614 2375 692 2422 rem
713 2353 850 2421 nullam
867 2351 1062 2447 majorem,
1082 2356 1194 2448 magis
1209 2377 1270 2453 pe-

206 2461 415 2547 riculosam,
445 2453 571 2557 magis
587 2458 632 2530 ab
661 2459 830 2532 'omuibus
857 2460 960 2533 vobis
988 2459 1268 2557 providendam,

206 2593 326 2666 neque
344 2595 364 2640 a
384 2568 532 2640 tribuno
551 2568 667 2667 plebis
688 2585 911 2670 susceptam,
933 2575 1055 2665 ireque
1075 2595 1096 2640 a
1119 2571 1268 2642 consule

206 2677 405 2766 defensam,
419 2704 539 2777 neque
553 2677 599 2750 ad
612 2679 789 2776 populum
805 2703 994 2750 romanum
1010 2703 1086 2750 esse
1100 2677 1265 2752 delatam.

243 2887 464 2938 resisteretur
483 2885 622 2938 evertendis.
641 2883 713 2934 Glos-
757 2885 848 2950 queudi
863 2888 912 2932 rim
935 2899 1008 2949 penes
1023 2885 1149 2945 cobsules,
1172 2901 1268 2934 omnem

202 2979 254 3015 sem
260 2965 322 3015 bunc
332 2967 399 3014 verbi
408 2967 498 3014 ideireo
505 2967 611 3028 habuere
619 2969 712 3013 Ernest.
758 2963 905 3012 deliberandi
916 2979 986 3010 usum
998 2979 1071 3026 penes
1084 2973 1194 3010 senatum
1206 2977 1268 3013 esse.

205 3057 230 3094 et
246 3045 341 3094 Sebiits.
362 3049 453 3093 Verum
469 3043 559 3090 ideireo
579 3042 610 3090 ad
629 3058 713 3090 eorum
792 3043 824 3090 11.
847 3057 870 3088 r.
890 3044 949 3089 Post
969 3040 1095 3088 domiuum
1117 3041 1267 3092 mensorium.

204 3125 353 3172 voluntatem
362 3157 369 3182 ,
379 3125 502 3186 sequentis
511 3132 592 3170 sutem
600 3121 673 3168 verbs
681 3121 714 3168 sd
757 3121 838 3182 Quum
849 3133 894 3184 per
904 3135 963 3168 occe
976 3130 1000 3167 et
1010 3118 1115 3182 emplius
1126 3134 1203 3168 sunus
1212 3121 1270 3186 plu·

204 3204 310 3252 rationes
318 3201 407 3266 quibus
416 3203 455 3250 usi
465 3211 535 3259 suut,
549 3200 660 3248 selenus.
757 3199 829 3246 simas
843 3213 926 3246 osum
945 3197 1037 3246 tribuni
1051 3197 1086 3261 pl.
1103 3199 1271 3264 susceperint,

243 3291 281 3337 re.
292 3285 411 3330 Senectus.
426 3283 508 3342 Quum
517 3279 549 3326 sit
557 3289 628 3327 oetste
638 3293 712 3326 senex
757 3289 782 3324 et
789 3277 820 3324 ud
829 3277 948 3340 populum
958 3291 1017 3324 rom.
1028 3275 1170 3335 detulerint,
1181 3293 1268 3342 easque

203 3359 433 3425 Rabirius,0pibus
446 3357 571 3418 infirmes,
585 3357 711 3422 spropiu-
757 3355 867 3403 eonsules
894 3354 1061 3413 defenderint,
1088 3355 1131 3420 qui
1160 3373 1268 3422 persaepe

204 3441 258 3502 quis
273 3439 369 3497 nudus,
386 3437 443 3486 ideo
460 3454 514 3485 eum
527 3436 711 3501 aggrediuntur,
755 3433 877 3482 seditiosis
889 3435 1043 3484 tribunorum
1062 3434 1140 3498 plebis
1154 3435 1267 3485 clemeri-

203 3527 232 3564 ut
244 3517 285 3564 illo
295 3527 436 3582 oppugnata
445 3516 477 3564 sd
489 3516 579 3575 msjors
586 3517 636 3576 J'sm
646 3528 711 3578 gres-
755 3514 801 3562 bus
810 3513 967 3573 obstiterunt,
978 3515 1030 3564 bue
1042 3525 1120 3562 temen
1132 3517 1269 3580 preteriit·

204 3605 389 3658 sensuumque
401 3611 485 3643 omues
497 3594 692 3642 simulaverunt.
754 3609 808 3642 rum
836 3595 945 3640 omnium
967 3593 1106 3656 grsv'usims
1132 3603 1185 3651 est,
1209 3593 1267 3657 quie

243 3673 282 3721 15.
297 3671 456 3738 Labesaeeari.
470 3673 509 3722 sb
521 3672 662 3721 bominibus
671 3686 710 3720 se·
755 3671 855 3720 lisbirio
871 3671 998 3732 dumn‘ate,
1014 3687 1086 3720 usum
1099 3672 1126 3720 iu
1141 3682 1265 3737 posterum

203 3751 314 3809 ditioris,
325 3763 353 3800 ut
366 3762 424 3800 tune
436 3768 451 3799 ι
464 3753 603 3800 SeturuIno.
755 3750 895 3814 reperietur,
906 3750 950 3812 qui
958 3761 1067 3797 senatum
1076 3759 1160 3798 eontra
1169 3750 1269 3799 seditio-

243 3831 281 3878 16.
291 3831 364 3876 Suam
371 3831 482 3878 salutem.
493 3830 585 3878 Cullide
595 3829 712 3894 suspicio·
755 3843 795 3876 sos
803 3827 863 3876 uelit
872 3826 1009 3876 defendere.
1019 3826 1095 3889 Quod
1107 3838 1165 3876 tune
1176 3838 1267 3892 tempo-

204 3921 259 3958 nem
270 3908 494 3970 injicitiusidisrusu
504 3923 518 3954 ι
528 3907 711 3966 bobienoseou-
754 3909 797 3954 ris·
811 3922 841 3954 eo
861 3915 911 3952 eret
930 3905 1105 3970 periculosius,
1130 3906 1198 3972 quod
1215 3907 1266 3968 istu

202 4000 290 4036 satum.
754 3984 845 4034 uelsris
870 3983 969 4032 consilis
992 3983 1095 4032 Catilius
1117 3985 1143 4031 in
1164 3986 1267 4050 petrium

241 4081 281 4128 17.
299 4069 396 4113 Petere.
415 4063 518 4112 Credere
534 4080 629 4112 omnem
645 4080 711 4114 exse·
755 4061 909 4114 moliebatur.

275 4155 338 4223 Ill.
366 4165 591 4230 deponenda.
1102 4145 1148 4217 23
