2912 4654
239 333 303 404 132
559 329 606 396 Μ.
633 327 671 393 Τ.
699 323 975 394 CICERONIS

234 467 269 526 et
287 467 358 523 tam
379 449 507 520 atrocis
523 448 576 518 rei
591 445 747 542 suspicio
766 458 860 516 esset
877 443 1024 539 injecta,
1043 440 1165 538 paullo
1179 456 1304 538 poste-

233 564 309 632 rius
331 556 504 656 patefacta
522 580 584 642 re,
610 553 826 625 maluerunt.
855 557 906 624 Ac
927 573 1041 625 ueex
1067 549 1161 622 sacto
1184 551 1304 620 solum

234 672 413 766 sapientes
434 666 512 737 illos
533 663 718 760 judicetis,
745 663 807 733 sed
836 665 942 734 etiam
974 685 1016 732 ex
1048 658 1257 731 nominibus
1271 670 1302 703 ¹²

233 775 438 877 ipsis,quod
448 775 473 845 ii
482 773 846 858 fecerint,rectissime
854 797 895 843 ac
903 768 1300 869 sapientissimefactum

233 885 395 987 probetis
415 913 423 954 ε
445 885 526 980 quis
549 889 585 952 P.
606 886 755 953 Octavio
772 881 882 953 Balbo
901 882 1047 980 iugenio
1067 879 1302 979 prudentior,

230 999 312 1092 jure
330 996 495 1093 peritior,
513 990 605 1100 lide,
625 989 815 1087 religione,
839 991 961 1064 officio
987 991 1211 1089 diligentior,
1238 1005 1303 1062 aut

232 1109 388 1179 sanctior
408 1104 681 1174 commemorari
698 1104 839 1198 potest?
863 1128 938 1173 non
953 1101 1115 1173 absolvit.
1141 1103 1234 1193 Quis
1254 1103 1300 1191 Q.

206 1229 207 1232 ’
232 1213 403 1287 Considio
434 1213 679 1284 constantior?
700 1214 781 1308 quis
811 1211 1051 1308 judiciorum,
1082 1224 1191 1310 atquc
1222 1212 1303 1307 ejus

232 1325 432 1424 dignitatis,
451 1324 585 1420 quaein
601 1320 744 1418 judiciis
756 1321 911 1420 publicis
932 1325 1065 1395 versari
1082 1321 1213 1408 debet,
1236 1347 1301 1419 pe-

230 1435 356 1506 ritior?
378 1435 459 1532 quis
476 1433 608 1502 virtute
615 1485 627 1518 ,
648 1431 1303 1530 consilio,auctoritatepraestantior?

231 1569 278 1615 ue
296 1545 325 1612 is
346 1541 493 1640 quidem
516 1537 722 1611 absolvit¹³.
746 1544 912 1640 Longum
931 1557 984 1614 est
1009 1541 1054 1614 de
1073 1541 1301 1636 singulorum

228 1656 361 1742 ¹virtute
386 1653 436 1721 ita
456 1649 574 1722 dicere
598 1677 606 1719 :
627 1673 728 1749 quae,
746 1653 833 1750 quia
853 1638 997 1750 cognita
1015 1651 1162 1724 suntab
1181 1652 1300 1721 omni-

229 1761 317 1846 buS‚
340 1758 534 1830 verborum
555 1773 767 1830 ornamenta
799 1785 875 1832 nou
902 1777 1080 1858 quaerunt.
1103 1761 1227 1851 Qualis
1244 1761 1302 1830 vir

230 1875 278 1942 Μ.
308 1871 494 1940 iuventius
520 1866 616 1940 Pedo
643 1867 712 1939 fuit
734 1894 778 1940 ex
801 1885 920 1943 vetere
939 1870 997 1943 illa
1015 1871 1176 1968 judicum
1193 1871 1300 1943 disci-

168 2066 169 2069 *
232 1979 352 2078 plina?
369 1977 485 2073 qualis
502 1979 541 2047 L.
563 1977 710 2049 Caulius
720 1981 864 2076 Mergus
878 1981 892 2048 l
905 1985 954 2051 M.
969 1981 1132 2052 Basilus?
1150 1984 1189 2052 C.
1204 1983 1299 2051 Cau·

231 2087 359 2159 diuus?
371 2089 567 2185 quiomnes
581 2087 618 2156 in
634 2086 777 2182 judiciis
788 2088 954 2186 publicis,
967 2090 1039 2185 jam
1057 2105 1134 2162 turn
1144 2089 1301 2162 florente

232 2197 431 2296 republica,
451 2195 663 2267 floruerunt.
685 2199 737 2266 Ex
755 2196 882 2269 eodem
907 2223 1061 2270 numero
1079 2202 1118 2269 L.
1141 2202 1299 2282 Cassius,

230 2311 294 2377 Cn.
317 2307 447 2390 Heius,
476 2306 553 2401 pari
572 2319 608 2374 et
626 2305 829 2402 integritate
849 2321 884 2378 et
903 2307 1116 2404 prudentia:
1138 2332 1298 2404 quorum

229 2415 364 2486 nullius
398 2414 576 2484 sententia
602 2428 655 2485 est
690 2416 913 2512 Oppianicus
948 2416 1143 2490 absolutus.
1180 2421 1297 2516 Atque

230 2549 275 2596 ex
303 2524 359 2594 his
386 2520 585 2605 omuibus,·
599 2537 687 2594 natu
712 2526 883 2597 minimus
896 2526 945 2616 ¹4,
965 2529 1132 2626 iugeni0,
1160 2543 1196 2598 et
1215 2528 1296 2599 dili·
1312 2533 1326 2556 ⁸

231 2633 369 2729 gentia,
384 2645 421 2702 et
434 2631 607 2728 religione
618 2634 751 2730 pariis,
766 2659 860 2731 quos
873 2652 978 2710 autea
995 2641 1294 2724 commemoravi,

170 2778 173 2784 ·
229 2747 269 2813 P.
292 2742 472 2829 Saturius,
494 2743 531 2810 in
551 2741 676 2814 cadem
698 2747 874 2816 sententia
897 2746 974 2818 luit.
999 2753 1030 2820 Ο
1049 2749 1295 2820 innocentiam

230 2852 419 2951 Oppianici
438 2847 676 2947 singularem!
694 2877 770 2950 quo
790 2857 828 2925 iu
850 2881 934 2945 reo,
952 2860 1015 2954 qui
1029 2857 1198 2946 absolvit,
1217 2883 1294 2931 am·

268 3099 307 3132 ra.
317 3080 468 3130 Nominibus.
481 3081 528 3129 Vel
539 3081 637 3130 illorum
647 3098 738 3132 nornen
782 3087 896 3136 laudibus
908 3091 987 3153 possit
999 3090 1100 3152 efferre,
1117 3094 1186 3156 quod
1201 3093 1227 3141 in
1241 3104 1291 3142 nm

229 3161 286 3210 eatis
300 3161 346 3208 erit
361 3159 392 3207 ad
402 3159 576 3208 ostendendam
588 3161 738 3226 aapieutiana.
783 3166 866 3214 infami
880 3183 950 3216 causa
959 3185 1011 3218 non
1023 3171 1058 3218 ita
1068 3171 1138 3220 facile
1150 3183 1209 3221 erat.

229 3239 313 3285 -Sic
334 3239 398 3287 Vict.
421 3240 490 3286 Grut.
504 3238 554 3288 alii.
573 3240 639 3288 Olim
662 3241 739 3289 luerat
823 3247 1165 3312 rt.Natuminimua.Quum
1178 3251 1224 3299 soli
1233 3263 1293 3300 tuuc

227 3316 376 3372 bominibus,
391 3315 459 3380 quod
473 3317 517 3367 Gr.
524 3319 656 3368 omues
659 3321 699 3368 Ν.
707 3317 740 3368 L.
780 3323 1058 3386 judicarentsenatores,
1072 3329 1190 3378 incertum
1204 3347 1251 3394 qua
1261 3347 1295 3379 ae·

266 3397 306 3444 13.
320 3395 358 3442 Ne
371 3395 391 3441 is
404 3392 501 3458 quidem
520 3395 628 3445 absolvit.
647 3399 739 3446 Mirum
783 3413 831 3451 tate
849 3404 947 3466 idiotis
961 3405 1050 3454 babere
1063 3409 1198 3472 coeperint,
1215 3425 1293 3472 quum

228 3491 284 3526 arne
297 3491 345 3538 qua
358 3483 408 3542 artp
421 3472 446 3522 h.
460 3473 477 3521 l.
488 3475 614 3522 oratoriae
626 3477 738 3538 judicum
782 3481 814 3530 de
838 3483 890 3548 ipra
915 3487 1036 3534 senatoria
1061 3497 1132 3535 aetate
1167 3487 1294 3538 dubitetur

228 3555 271 3618 qui
283 3552 386 3617 amplius
398 3551 632 3616 pronuntiaverunt,
644 3565 738 3603 senten·
780 3557 856 3624 (vide
869 3577 915 3626 pro
930 3563 977 3627 leg.
996 3565 1083 3612 Manil.
1097 3581 1154 3630 cap.
1167 3581 1197 3613 ar
1209 3565 1228 3631 l
1242 3566 1295 3616 Sed

226 3634 271 3682 tiae
284 3633 385 3688 reserat,
394 3629 468 3678 atilli
479 3642 563 3680 cenna
572 3634 735 3696 Oppianicum
779 3641 857 3700 maior
869 3651 933 3690 certe
944 3652 995 3690 erat
1003 3645 1147 3706 quaestoria,
1158 3661 1234 3708 quum
1247 3648 1293 3708 qui

225 3713 326 3760 sensisse
345 3709 492 3768 videantur,
506 3722 529 3759 et
550 3727 594 3775 per
606 3713 735 3762 formulam
779 3719 850 3766 citius
865 3719 890 3766 iu
904 3732 1015 3770 senatum
1033 3723 1228 3782 admitterentur,
1248 3740 1294 3788 per

226 3806 277 3837 eam
291 3806 360 3838 unou
377 3789 500 3838 absolvit·
516 3791 613 3838 illorum
627 3793 734 3841 annoti·
779 3807 924 3860 quaesturam
943 3801 969 3849 id
989 3801 1145 3861 obtinerent,
1159 3819 1232 3866 quarn
1245 3803 1294 3850 aal-

224 3877 298 3914 tatem
311 3883 367 3914 curn
379 3867 409 3915 iis
422 3869 587 3918 communicet
599 3871 642 3933 qui
655 3873 735 3919 omui·
779 3887 828 3923 tem
839 3878 967 3940 gessissent
978 3881 1121 3944 oportebat,
1138 3883 1202 3930 utin
1217 3883 1293 3930 decu-

226 3959 258 3991 no
271 3944 423 3995 damnorum.
437 3951 489 3997 ttae
500 3947 571 3996 etiam
582 3949 676 3999 ratione
688 3951 736 3998 ubi
780 3953 827 4000 riae
845 3955 956 4016 judicum
974 3961 1137 4022 pervenirent.
1155 3961 1229 4009 Cous.
1240 3963 1292 4011 Do·

224 4022 320 4086 seponit
336 4033 419 4071 orator
431 4025 541 4087 quadarn
562 4029 662 4076 nomina
680 4045 735 4092 quae
781 4030 843 4080 dwet
857 4037 964 4098 praeleet.
979 4038 1094 4088 camden.
1109 4041 1149 4102 X,
1162 4041 1185 4087 8.
