2986 4670
272 322 344 407 284
590 325 641 394 Μ.
665 324 704 394 Τ.
731 319 1010 395 CICERONIS

270 469 356 516 mm
375 447 504 517 Smom
530 467 672 518 miesro
690 469 761 534 sis,
783 467 1035 528 anxrmmronr
1053 467 1236 531 annuens,
1256 467 1335 516 min
1361 487 1366 494 -

266 579 330 626 eos
345 579 479 644 aenos,
497 578 588 639 Quos
609 579 680 628 ruo
698 551 860 627 maonr⁵
880 578 1039 641 camsri,
1062 577 1133 625 eoo
1151 577 1228 624 nm
1246 578 1336 625 naor

267 689 431 738 vennam.
452 674 508 738 An
528 667 833 764 Pompeiumnon
851 659 1084 736 adhibebitfit
1102 663 1141 734 in
1159 663 1239 759 ejus
1255 687 1337 762 pro-

266 779 384 850 vincia
416 776 552 849 vendet
590 775 778 849 manubias
810 772 1062 875 imperatoris?
1093 775 1222 844 Ponite
1253 787 1337 844 ante

197 911 211 934 ¹
268 884 394 957 oculos
416 885 522 957 vobis
541 885 711 976 Rullum,
735 889 773 958 in
797 890 953 972 Ponto⁷‚
978 885 1073 955 inter
1091 896 1208 954 vestra
1226 897 1336 980 atque

267 993 428 1066 hostium
452 1008 567 1068 castra
585 997 687 1068 hasta
706 1000 842 1094 posita,
862 1019 948 1067 cum
971 995 1044 1065 suis
1068 990 1235 1064 formosis
1254 992 1335 1066 fini·

266 1099 435 1176 toribus⁸
462 1107 741 1178 auctionantem.
768 1109 896 1204 Neque
929 1107 967 1174 in
1000 1103 1074 1174 hoc
1101 1101 1222 1173 solum
1245 1107 1338 1174 inest

267 1215 502 1301 contumelia,
524 1240 605 1313 quae
622 1214 856 1288 vehementer
869 1228 906 1286 et
922 1213 1072 1310 insignis
1086 1227 1158 1301 est,
1173 1227 1211 1284 et
1224 1237 1336 1312 noval,

266 1340 310 1396 ut
327 1324 476 1398 uliares
495 1340 595 1424 parta
612 1326 731 1415 bello,
747 1326 915 1398 'nondum
938 1322 1079 1423 legibus
1096 1322 1205 1412 datis,
1229 1325 1335 1394 etiam

268 1449 347 1507 tum
376 1437 593 1536 imperatore
624 1436 764 1508 bellum
794 1435 1086 1524 administrante,
1117 1459 1193 1505 non
1226 1433 1337 1504 modo

266 1548 420 1617 venierit
431 1555 459 1635 9,
491 1571 618 1618 verum
647 1549 754 1619 etiam
784 1545 900 1618 locata
931 1545 988 1616 sit.
1016 1544 1100 1617 Plus
1114 1555 1145 1598 ²⁰
1172 1559 1339 1642 spectant

268 1657 435 1728 homines
449 1671 566 1746 certe,
588 1681 697 1755 quam
718 1655 1000 1729 contumeliam:
1020 1669 1184 1753 sperant,
1205 1658 1235 1726 si
1250 1681 1337 1727 eon·

266 1760 409 1838 oessum
427 1767 472 1838 sit
491 1767 645 1838 inimicis
662 1770 728 1838 Cn.
751 1769 935 1866 Pompeii,
957 1790 1039 1838 cum
1059 1769 1231 1862 imperio,
1252 1791 1337 1838 cum

263 1874 401 1972 judicio
422 1879 586 1948 omnium
606 1903 747 1966 rerum,
765 1901 849 1949 cum
867 1875 1011 1951 infinita
1029 1891 1228 1975 potestate,
1252 1901 1338 1948 com

267 1984 519 2056 innumerabili
535 1989 710 2084 pecunia,
730 2011 805 2058 non
821 1987 939 2059 solum
952 1985 1028 2058 aliis
1043 1987 1081 2057 in
1096 1985 1184 2058 locis
1196 1987 1337 2083 vagari,

265 2119 394 2169 verum
418 2097 526 2168 etiam
547 2098 593 2168 ad
614 2098 726 2197 ipsius
750 2097 950 2170 exercitum
969 2099 1176 2194 pervenire3
1199 2094 1338 2192 aliquid

267 2208 319 2278 iili
343 2207 553 2278 insidiarum
572 2206 671 2298 fieri,
690 2207 827 2306 aliquid
844 2207 889 2280 de
908 2197 987 2302 ejns
1006 2207 1184 2294 exercitu,
1204 2209 1337 2304 copiis,

267 2317 403 2418 gloria,
430 2316 570 2390 detrahi
594 2331 741 2418 posse¹¹
764 2345 773 2388 ε
796 2331 947 2418 putant,
971 2319 1000 2390 si
1031 2342 1142 2416 quam
1168 2341 1271 2416 spem
1297 2319 1337 2388 in

267 2433 333 2500 Cn.
353 2429 527 2528 Pompeio
542 2432 719 2502 exercitus
733 2429 882 2518 habeat,
897 2444 960 2500 aut
973 2452 1160 2525 agrorum,
1173 2443 1237 2500 aut
1253 2429 1339 2502 alio-

268 2563 352 2610 rum
370 2540 663 2629 commodorum,
687 2541 782 2612 hanc
805 2565 880 2612 non
898 2538 1129 2628 habiturum,
1148 2563 1265 2637 quum
1283 2541 1339 2609 vi-

270 2649 384 2740 derit,
405 2674 529 2722 earum
552 2675 676 2723 rerum
700 2651 865 2724 omnium
890 2663 1103 2748 potestatem
1122 2646 1167 2720 ad
1192 2649 1338 2720 decem·

269 2762 366 2833 viros
397 2785 475 2833 esse
508 2763 725 2834 translatam.
760 2762 879 2834 Patior
909 2784 985 2831 non
1018 2758 1169 2834 moleste
1183 2769 1227 2848 ¹²,
1263 2774 1338 2831 tam

308 2974 781 3036 thummmlmfluwomntl..
825 2979 1340 3044 nonvmditarit,redetiamacemoribua

307 3055 334 3104 6.
353 3056 410 3102 Non
425 3055 556 3104 adhibebit.
570 3055 665 3120 Nempe
680 3057 782 3106 ararum
824 3062 858 3109 ait
867 3059 1004 3126 publicanis
1012 3060 1100 3110 toan.

271 3134 320 3183 hoe
334 3134 365 3183 de
382 3133 479 3184 duobus
493 3136 565 3184 saciet
581 3137 623 3184 ille
638 3151 645 3184 :
661 3136 781 3186 ieribetne
865 3156 904 3192 ro.
918 3141 973 3190 Plus
986 3153 1105 3206 spectant.
1120 3143 1259 3191 Decemviri
1270 3144 1339 3194 aliud

271 3213 307 3260 aie
314 3213 418 3262 Rullus?
427 3218 467 3263 An
474 3216 575 3263 omnino
581 3231 632 3264 non
639 3218 783 3282 Pompeium
826 3231 891 3270 eerte
904 3219 1060 3280 meditamur,
1074 3237 1147 3285 quam
1156 3222 1269 3287 Pompeii
1279 3229 1342 3272 conl

272 3291 304 3338 ad
312 3293 451 3341 auctionem
459 3293 676 3344 hanoadvooabit?
826 3299 957 3350 tumeliam.

309 3386 334 3431 7.
354 3373 384 3418 In
402 3374 492 3421 Ponto.
510 3375 583 3422 Hune
601 3375 682 3424 locum
700 3375 783 3424 laudat
865 3395 906 3428 rx.
917 3376 1020 3426 Detraiu'
1023 3394 1104 3443 posse.
1114 3380 1207 3444 Nempe
1216 3380 1340 3430 abducent

271 3449 361 3513 Aquila
374 3465 488 3500 romaum
501 3452 532 3501 do
542 3452 601 3518 flgg.
614 3471 667 3519 cap.
682 3457 726 3516 13,
739 3455 783 3504 abi
826 3459 1001 3524 Pompeianum
1017 3459 1167 3520 exereitum,
1183 3459 1277 3508 sublata
1296 3477 1339 3524 ape

271 3529 321 3592 agit
335 3527 365 3577 de
377 3525 454 3593 figura
467 3523 651 3594 tramitem„
664 3546 689 3583 et
697 3534 783 3584 Cicero
826 3555 952 3604 agrorum,
966 3539 1009 3604 qui
1019 3542 1138 3588 veteranio
1151 3539 1203 3588 dari
1212 3540 1338 3599 solebant.

271 3605 298 3654 in
310 3607 606 3671 haoremmtubjectione
617 3613 730 3674 excellit,
741 3631 783 3664 oo·
826 3629 868 3670 aut
887 3619 990 3668 aliorum
1011 3619 1215 3680 commodorum,
1234 3635 1338 3684 quornm

269 3685 310 3746 im
318 3685 344 3734 in
352 3687 424 3736 mbm
430 3687 537 3754 indigni·
544 3700 568 3739 et
576 3692 701 3742 anonim
709 3695 784 3744 maxi·
806 3739 813 3752 ,
826 3709 934 3764 potestas
948 3699 1026 3747 omnir
1041 3699 1073 3748 ab
1090 3699 1236 3765 imperatore
1249 3699 1282 3748 ad
1297 3699 1339 3746 de·

166 3773 177 3800 ι·
272 3779 328 3812 mus
338 3776 448 3818 atnam.
827 3777 945 3828 eemviroa
955 3780 986 3828 ait
997 3779 1120 3828 translata.

308 3839 335 3893 8.
351 3847 472 3895 Fomosis
478 3845 633 3915 finitoribus.
651 3851 691 3900 Sic
709 3869 782 3918 mpra
865 3872 906 3906 ia.
923 3858 1011 3906 Potior
1023 3875 1073 3912 non
1087 3859 1193 3908 moleste.
1212 3859 1267 3908 Sint
1282 3873 1340 3906 une

274 3940 286 3964 ι
297 3923 755 3994 mmdeleoniiaitommjuventute».
826 3937 951 3986 tammulti
960 3937 1135 4002 bomina‚qui
1144 3936 1338 4002 haeeflmpoue

307 4015 332 4062 9.
348 4003 405 4052 Non
411 4005 485 4054 modo
493 4006 605 4058 venierit.
619 4009 677 4060 Non
687 4022 781 4062 tantum
826 4027 938 4081 sperem,
950 4028 973 4066 et
982 4029 1032 4091 tani
1041 4017 1207 4084 impudenter,
1216 4016 1259 4082 qni
1271 4021 1338 4066 exti-
