2976 4670
426 355 621 424 ORATIO
647 355 747 424 PRO
772 355 811 422 L.
842 351 1072 422 MURENA.
1210 347 1277 422 565

209 479 319 549 ronis.
352 479 480 572 ltaque
511 473 624 554 homo
656 473 933 570 integerrimus,
972 474 1058 543 civis
1093 475 1279 570 optimus,

210 609 324 682 quum
343 600 436 658 esset
453 588 493 654 L.
512 583 628 654 Paulli
646 609 782 682 nepos,
805 587 842 653 P.
862 581 1037 672 Africani,
1057 597 1097 652 nt
1115 581 1206 670 dixi,
1225 609 1280 654 so-

210 698 301 766 roris
326 692 442 780 filius,
469 692 527 765 his
552 692 704 764 haedinis
734 692 911 792 pelliculis
939 707 1095 790 praetura
1117 692 1281 788 dejectus

210 820 272 876 ost.
291 803 377 876 Odit
396 803 554 903 populus
570 813 767 876 ιοῐιιιιιιιιε9
793 805 968 920 privatam
992 802 1191 893 luxuriam,
1211 829 1279 902 pu-

209 914 340 986 blicam
374 912 678 1011 magnificentiam
713 899 859 1010 diligit.
892 938 968 984 non
995 928 1090 999 amat
1119 915 1282 1012 profusas

210 1026 356 1126 epulas,
376 1023 501 1096 sordes
523 1040 559 1096 et
583 1023 885 1096 inhumanitatem
911 1024 1027 1094 multo
1054 1027 1201 1096 minus:
1217 1025 1280 1095 ‹li-

210 1140 360 1233 stinguit
386 1137 564 1208 rationem
590 1133 796 1220 officiorum
824 1157 865 1204 ac
891 1146 1118 1230 temporum
1146 1135 1282 1208 vicissi-

210 1245 376 1316 tudinem
398 1244 553 1328 laboris,
571 1269 613 1328 ac
631 1244 838 1343 voluptatis.
888 1325 892 1331 ¹

257 1361 370 1446 Nam,
394 1355 544 1453 qnod
514 1381 565 1428 ars
577 1367 609 1399 ¹⁰
610 1354 738 1442 ,nulla
758 1379 797 1426 re
816 1353 910 1426 allici
934 1353 1125 1424 hominurn
1142 1323 1282 1428 mentes

210 1479 381 1562 oportere
395 1466 440 1538 ad
455 1470 701 1562 magistratum
716 1464 984 1552 mandandum,
999 1464 1067 1534 nisi
1059 1463 1281 1562 dignitate·

210 1574 281 1646 hoc
301 1591 343 1646 tu
363 1581 463 1674 ipse,
483 1581 613 1674 inquo
633 1601 771 1649 summa
790 1590 845 1648 est
861 1576 1036 1673 dignitas,
1057 1598 1130 1644 non
1150 1598 1281 1652 servas.

211 1687 284 1756 Cur
302 1690 398 1756 enim
419 1711 665 1784 quemquam,
686 1701 728 1757 ut
747 1685 890 1757 studeat
908 1684 991 1774 tibi,
1011 1698 1102 1774 utte
1118 1685 1283 1779 adjuvet,

210 1797 339 1892 rogas?
357 1803 475 1895 Rogas
493 1812 534 1868 tu
552 1821 630 1884 me,
647 1812 689 1867 ut
705 1795 795 1866 mihi
810 1796 950 1893 praesis¹
957 1806 983 1880 ¹,
1002 1809 1045 1884 ut
1058 1797 1281 1888 committam

210 1930 277 2002 ego
299 1931 357 1978 me
376 1907 468 1992 tibi?
492 1906 588 1997 Quid
612 1903 897 1996 tandemlistuc
919 1929 977 1976 me
998 1905 1124 2001 rogari,
1136 1919 1282 2001 oportet

210 2014 273 2088 abs
290 2031 343 2105 te,
367 2042 413 2088 an
430 2032 466 2088 te
483 2019 645 2115 potius¹²
665 2042 685 2087 a
703 2041 779 2106 me,
802 2029 841 2086 ut
859 2040 926 2112 pro
945 2039 1024 2106 mea
1045 2015 1160 2086 salute
1179 2013 1281 2108 labo·

209 2152 286 2198 rem
305 2128 583 2225 periculumque
603 2128 799 2226 suscipias?
822 2126 944 2215 Quid?
964 2125 1063 2222 qnod
1085 2125 1197 2197 habes
1215 2150 1282 2198 no·

209 2238 466 2308 menclatorem
479 2235 532 2326 ¹³„
544 2243 580 2310 in
601 2263 645 2310 eo
667 2238 816 2334 quidem
840 2235 935 2318 fallis
949 2251 985 2308 et
1002 2235 1158 2334 decipis:
1178 2261 1282 2324 nam,

209 2348 239 2416 si
258 2349 406 2418 nomine
429 2348 601 2446 appellari
619 2347 688 2433 ¹abs
705 2362 741 2419 te
760 2351 853 2420 cives
872 2363 973 2436 tuos,
995 2346 1192 2419 honestum
1209 2362 1281 2436 est3

211 2469 316 2551 turpe
335 2471 390 2528 est
407 2482 469 2528 eos
488 2460 648 2530 notiores
666 2481 743 2530 esse
761 2483 865 2528 servo
883 2472 968 2542 tuo,
989 2481 1098 2554 quam
1117 2456 1182 2527 tihi
1199 2484 1206 2526 :
1226 2459 1283 2530 sin

209 2569 315 2638 etiam
336 2568 436 2638 noris
449 2570 492 2655 ¹⁴,
511 2582 631 2639 tamen
648 2591 714 2665 per
729 2569 945 2658 monitorem
962 2565 1168 2664 appellandi
1182 2581 1280 2655 sunt,

244 2769 269 2816 9.
278 2753 336 2802 Odit
344 2757 450 2820 populus
462 2773 523 2804 rom.
531 2753 722 2806 Conlirmathoc
766 2753 848 2810 Plato,
858 2752 980 2815 rogandos
994 2755 1146 2815 magistratus
1159 2747 1282 2804 autetiam

209 2831 280 2880 etiam
293 2833 436 2893 Sallustios,
449 2835 493 2883 uhi
506 2835 536 2882 de
549 2835 656 2898 antiquis
669 2839 723 2883 tto·
767 2832 890 2895 cogendos
902 2843 931 2880 ut
944 2831 997 2878 allis
1011 2831 1119 2896 praesint.

208 2925 334 2958 manorum
345 2912 455 2960 moribus
466 2912 595 2960 disseritin
603 2913 724 2976 prooemio
806 2913 848 2960 13.
867 2913 1091 2958 Nomenclutorem.
1112 2913 1201 2958 Servus
1216 2923 1281 2972 eret,

209 2989 356 3038 Catilinarioe
369 2992 545 3052 conjurationis
564 2995 614 3038 «lu
629 2992 723 3054 suppli-
768 2992 825 3056 qui,
842 3007 918 3054 quum
937 2992 1029 3038 civium
1050 2992 1158 3058 omnium
1182 2995 1280 3042 aornim

210 3067 254 3114 ciis
271 3067 373 3117 deorum
393 3069 607 3134 magnifici,domi
624 3070 722 3133 parcis.
767 3073 879 3134 calleret,
893 3087 920 3118 ea
933 3071 1090 3122 dominusne
1099 3069 1282 3130 candidato,ut

210 3147 282 3196 (tons.
294 3148 366 3196 etiam
386 3149 417 3200 ds
437 3151 535 3215 publica
554 3153 722 3198 Romanorum
766 3151 788 3201 is
808 3167 853 3198 suo
872 3166 992 3214 quemque
1014 3149 1114 3198 nomine
1136 3136 1280 3214 appellaret,

208 3225 387 3289 magnificentia
404 3245 434 3276 ao
455 3229 552 3278 luxuria
570 3232 593 3278 J.
608 3231 637 3276 B.
652 3231 722 3276 Pium
767 3228 943 3278 insusurrabnt.
953 3229 1032 3294 Negat
1046 3240 1126 3278 tamen
1139 3229 1282 3282 Plutarchus

209 3305 326 3357 Adnotat.
344 3319 434 3371 poster.
447 3311 473 3368 1,
486 3311 517 3370 ὅς
536 3309 673 3370 amathus.
691 3308 723 3358 sd
766 3308 992 3374 quemquamtslem
1004 3310 1185 3360 Catonifnisar.
1258 3359 1261 3379 Ι

209 3384 392 3446 Tibull.11,6,
406 3404 446 3436 ιι.
804 3399 845 3446 14.
858 3389 899 3441 Sin
914 3387 987 3436 edam
1005 3388 1081 3440 noris.
1094 3390 1120 3438 si
1139 3392 1203 3440 cirea
1225 3401 1283 3440 tuos

248 3465 722 3531 ro.Quodair.0biectaCatouisipaiur
766 3468 1280 3526 nomiueuoueris,ettamenmonitoretuo

209 3543 309 3592 Catonia
322 3546 434 3610 exemplo
445 3547 530 3596 {esdvs
541 3559 566 3596 et
579 3547 666 3596 callide
680 3563 722 3594 re-
766 3548 853 3608 uteria,
863 3565 907 3596 οιιι
917 3547 947 3596 ad
959 3548 1071 3595 homines
1084 3545 1191 3605 accedis,
1201 3558 1225 3596 et
1234 3557 1283 3598 stu-

209 3621 282 3680 lellit,
297 3624 484 3688 docetquesiin
496 3625 654 3690 obsequendo
664 3625 722 3675 mul·
766 3627 847 3688 diunt,
861 3627 982 3686 favorem,
997 3627 1098 3689 gratiam
1116 3627 1194 3690 petis,
1213 3637 1282 3676 unte·

208 3700 306 3763 titudini
325 3703 417 3750 crimen
436 3704 482 3762 sit,
502 3721 532 3754 so
545 3706 627 3770 ipsum
644 3705 721 3753 teneri
766 3722 837 3770 quam
855 3701 939 3754 servus
952 3705 1060 3754 monitor
1073 3721 1157 3754 sorum
1177 3705 1222 3756 tibi
1236 3722 1283 3756 ιιο-

208 3791 383 3828 accusatorem.
766 3787 830 3834 mina
843 3786 1045 3834 insusurraverit?
1059 3785 1100 3834 Sic
1113 3783 1224 3836 Olivetua
1239 3801 1282 3834 va·

248 3859 514 3923 11.Utmiltipmris.
538 3863 571 3908 Ut
591 3862 722 3927 teimperii
764 3881 818 3912 rum
831 3863 946 3912 extulisse
967 3879 1065 3912 sensum
1084 3862 1156 3914 uobis
1175 3862 1279 3912 videtur.

207 3946 326 3984 rectorem
339 3938 440 4002 eligam,
450 3950 478 3988 ut
486 3955 524 3986 mc
534 3951 581 3988 tuas
591 3941 721 4006 vigilantur
765 3944 845 3992 Aliter
856 3943 1098 4006 gallrcusrntrrpres
1108 3943 1282 3991 Sieorumno·

208 4015 596 4068 committam..
765 4023 829 4071 mina
839 4021 918 4076 nosti,
927 4031 952 4068 et
962 4031 1055 4071 tantum
1063 4030 1089 4066 nt
1098 4035 1190 4068 morem
1197 4035 1282 4083 aequa-

246 4111 286 4144 12
301 4099 340 4144 An
357 4109 381 4146 te
392 4099 482 4162 potiris.
504 4098 579 4160 Quod
593 4100 720 4148 contendit
766 4103 812 4160 ris,
827 4101 974 4153 monitorem
993 4100 1084 4164 habes,
1102 4116 1145 4148 our
1159 4099 1280 4152 tamenab
