2934 4680
267 373 313 448 70
588 353 637 422 M.
663 353 702 422 T.
728 354 1001 424 CICERONIS

267 470 380 568 gioria
400 469 616 560 adductum,
634 472 696 545 sed
708 471 852 546 nefariis
864 473 1023 568 injuriis,
1034 472 1255 570 quotidianis
1272 476 1326 545 in-

267 582 391 668 sidiis,
421 585 607 680 proposito
633 597 717 656 ante
734 584 860 656 oculos
888 585 970 656 vitae
991 585 1169 682 periculo,
1191 610 1327 657 nornen
1414 676 1416 685 Ι

266 694 455 792 Oppianici
471 691 658 784 detulisse,
676 694 799 793 paullo
817 694 959 793 longius
982 694 1172 767 ex'ordium
1192 697 1246 766 rei
1264 693 1327 766 de·

265 801 508 880 monstranda
527 818 714 900 repetam:
735 804 834 902 quod
853 827 992 903 quaeso,
1011 804 1171 900 judices,
1188 829 1236 877 ne
1253 829 1327 876 mo·

265 913 354 986 leste
367 913 562 1010 patiamini.
575 915 761 1013 Principiis
773 917 870 988 enim
880 917 1052 1011 cognitis,
1064 917 1180 988 multo
1190 915 1327 987 faciiius

263 1037 420 1096 extrema
437 1023 651 1122 inteiiigetis.
1265 1021 1267 1024 ’

311 1137 355 1205 V.
373 1137 411 1206 A.
433 1135 593 1206 Cientius
611 1135 736 1208 Avitus
749 1132 838 1222 fuit,
863 1148 965 1232 pater
983 1133 1150 1229 hujusce,
1168 1131 1329 1229 judices,

265 1244 376 1318 homo
397 1271 473 1318 non
495 1245 611 1318 solum
635 1247 821 1344 municipii
845 1247 1037 1335 Larinatis,
1064 1271 1109 1318 ex
1134 1269 1209 1344 quo
1236 1259 1330 1331 erat,
1434 1271 1439 1282 ’

262 1355 327 1426 sed
345 1358 452 1426 etiam
467 1356 625 1450 regionis
635 1355 729 1426 illins
743 1371 780 1428 et
792 1357 999 1444 vicinitatis,
1016 1359 1148 1428 virtute
1159 1367 1188 1444 ¹,
1208 1358 1328 1426 existi·

262 1465 440 1552 motione,
467 1463 655 1540 nobilitate
685 1464 788 1536 facile
820 1467 998 1562 princeps.
1029 1471 1064 1536 Is
1093 1487 1207 1562 quum
1236 1477 1331 1536 esset

263 1587 448 1660 mortuus,
459 1573 556 1644 Sulla
570 1588 606 1644 et
619 1576 791 1671 Pompeio
807 1573 1054 1662 consulibus²,
1071 1575 1217 1672 reliquit
1230 1574 1330 1645 hunc

264 1707 380 1755 annos
400 1708 449 1754 xv
466 1697 610 1770 natum,
628 1682 799 1781 grandem
818 1698 939 1756 autern
958 1699 994 1756 et
1012 1683 1174 1756 nubilem
1192 1683 1328 1758 filiam:

262 1818 345 1890 qnae
362 1791 463 1864 brevi
479 1807 645 1890 ternpore
662 1808 745 1890 post
760 1796 870 1890 patris
884 1809 1038 1866 mortem
1065 1798 1188 1893 nupsit
1204 1798 1246 1864 Δ.
1261 1799 1331 1865 Au·

263 1907 320 1974 rio
346 1902 501 1992 Melin0,
527 1901 747 1974 consobrino
776 1928 863 1990 suo,
884 1903 1102 1976 adolescenti
1126 1903 1330 2000 inprimis,

263 2029 305 2084 ut
324 2027 401 2084 tum
423 2012 642 2101 habebatur,
661 2015 756 2084 inter
773 2039 857 2085 suos
876 2029 912 2084 et
929 2010 1125 2102 honesto³‚
1147 2026 1185 2084 et
1202 2011 1331 2084 nobili.

264 2127 387 2214 Quum
399 2138 518 2196 essent
533 2125 588 2194 hie
603 2124 738 2222 nuptiae
759 2124 874 2220 plenae
890 2121 1086 2220 dignitatis,
1107 2121 1223 2220 plenae
1242 2147 1331 2192 con·

264 2235 413 2322 cordite,
426 2248 575 2331 repente
591 2249 645 2306 est
658 2249 782 2306 exorta
796 2234 956 2306 mulieris
968 2235 1184 2332 importunus
1195 2231 1332 2306 nefaria

264 2342 394 2429 libido,
422 2367 499 2414 non
526 2342 643 2414 solum
672 2343 870 2432 dedecore,
895 2368 1020 2415 verum
1063 2344 1172 2415 etiam
1196 2345 1332 2416 sceiere

264 2453 489 2547 conjunctae
513 2456 603 2524 Nam
629 2457 760 2542 Sassia,
786 2468 900 2524 mater
930 2453 1040 2548 hujus
1069 2455 1162 2525 Aviti
1186 2453 1332 2549 (mater

263 2565 361 2635 enim
380 2587 400 2632 a
420 2587 479 2632 me
499 2559 676 2659 [nominis
686 2562 830 2662 causa],
854 2566 995 2635 tametsi
1019 2566 1057 2634 in
1086 2563 1185 2635 bunc
1208 2563 1331 2635 hostili

263 2671 347 2743 odio
369 2685 404 2742 et
421 2671 631 2743 crudelitate
648 2688 717 2761 est,
735 2688 867 2762 mator,
888 2678 1051 2772 inquam,
1069 2673 1332 2772 appellabitur;

262 2805 383 2878 neque
401 2805 574 2878 umquam
598 2781 657 2854 itta
678 2781 727 2854 ita
752 2782 797 2854 de
817 2807 884 2855 suo
903 2784 1035 2856 scelere
1056 2797 1092 2854 et
1108 2787 1332 2856 immanitate

261 2891 402 2981 audiet,
427 2906 469 2963 ut
491 2907 627 2962 naturas
656 2891 810 2963 nomen⁵
835 2897 976 2965 amittat
1009 2921 1017 2962 :
1047 2918 1122 2990 quo
1147 2895 1245 2964 enim
1278 2909 1334 2964 est

297 3062 332 3108 V.
353 3075 375 3108 a.
398 3057 499 3108 Virtute.
514 3057 637 3106 Probitate
654 3069 679 3107 et
696 3059 771 3108 animi
815 3059 925 3122 exempla
934 3071 1018 3108 contra
1028 3061 1057 3108 B.
1064 3058 1157 3108 Weisk.
1167 3059 1275 3118 saciant,
1283 3076 1331 3108 nee

264 3138 409 3190 constantia.
815 3137 867 3202 ipse
879 3138 955 3194 favet.
964 3151 993 3186 ut
1004 3140 1088 3197 aistttt,
1103 3148 1243 3188 contextus.

298 3231 324 3266 a.
335 3217 405 3264 Sulla
414 3226 439 3262 et
451 3214 567 3278 Pompeio
580 3231 640 3264 coss.
650 3216 700 3278 Qui
713 3231 772 3267 ann.
852 3220 879 3276 ά.
892 3217 1037 3284 conjuncta.
1049 3221 1103 3268 Hoc
1115 3227 1181 3266 nacte
1194 3219 1285 3283 optimi
1296 3219 1334 3268 itt·

262 3298 294 3348 U.
308 3297 337 3345 C.
351 3295 402 3342 665
421 3293 573 3342 comulatam
592 3309 685 3357 gessere
695 3311 702 3353 ς
721 3309 772 3358 quo
818 3306 941 3360 terpretee,
952 3305 1056 3360 excepto
1066 3295 1164 3344 Gravis
1172 3296 1233 3360 ,legi
1244 3298 1333 3346 volunt

261 3389 327 3426 anno
346 3372 499 3423 Mithn‘dates
522 3375 645 3421 Romanos
666 3374 692 3420 in
714 3372 771 3422 Asia
817 3385 842 3422 et
853 3375 910 3423 edd.
922 3375 1012 3422 habent
1023 3389 1070 3438 pto
1081 3375 1178 3438 vulgato
1192 3377 1334 3426 convinctas.

263 3453 421 3506 nncidandos
434 3454 536 3502 curavit.
816 3453 881 3500 Bene
895 3453 1045 3502 Garatonius
1056 3454 1129 3502 affert
1139 3453 1222 3502 locum
1234 3471 1249 3502 e
1269 3455 1334 3504 Phil.

298 3537 324 3584 3.
340 3537 457 3584 Homto.
479 3535 554 3582 Bone
566 3533 770 3592 existimationis,
817 3531 897 3592 lib.V,
911 3547 966 3594 cap.
979 3547 992 3591 7
1005 3547 1011 3580 t
1022 3532 1114 3592 «hujus
1124 3533 1269 3582 mendicitas
1280 3535 1335 3582 ari·

260 3627 289 3666 nt
300 3625 353 3663 tum
365 3612 489 3672 ferebam
508 3612 591 3675 paneis
604 3612 668 3660 enim
683 3609 773 3658 abhinc
818 3609 892 3658 ditate
904 3611 1063 3670 conjuncti..

261 3693 368 3744 annisab
379 3689 772 3750 uxorediscesait‚utt'oedascnm
855 3689 878 3735 5.
897 3689 1002 3734 Natura
1022 3704 1117 3738 nomen.
1140 3691 1178 3738 Ex
1198 3690 1249 3740 boe
1269 3691 1335 3742 t‘orte

262 3789 333 3824 socru
351 3771 448 3835 nuptias
461 3770 542 3817 iniret.
563 3770 669 3828 Benjam.
680 3765 772 3816 Weiak.
818 3766 894 3814 verbo
906 3767 997 3830 pendet
1013 3767 1117 3816 atomis
1129 3785 1223 3828 caasa,
1243 3771 1335 3833 quod,

262 3863 333 3918 putat
344 3852 369 3901 h.
380 3851 397 3898 l.
411 3849 442 3898 de
461 3848 538 3896 divite
557 3847 675 3909 intelligit
687 3856 712 3892 et
727 3845 772 3892 lto·
818 3857 846 3894 nt
860 3846 999 3904 insititiam,
1014 3848 1126 3896 Ernestio
1136 3859 1251 3908 auctore,
1262 3851 1335 3898 nnei-

263 3941 356 3981 nutum
368 3945 439 3977 sensu
452 3928 536 3976 morali
549 3937 573 3974 et
588 3926 773 3990 philosophico,
818 3926 855 3972 nis
868 3925 1018 3973 inclusimus.
1030 3929 1079 3974 Pro
1092 3943 1122 3974 eo
1135 3929 1268 3976 Lambinus
1279 3929 1333 3976 edi·

262 4008 338 4071 magis
355 4007 386 4056 de
406 4007 543 4054 actionibus
561 4005 687 4052 bominum
707 4004 772 4064 dici,
819 4003 1058 4060 ditittonmt'eausa,
1073 4007 1173 4067 eMSS,
1190 4019 1218 4056 ut
1232 4007 1335 4066 ait,sed

264 4103 338 4153 quam
345 4085 375 4136 de
382 4085 521 4134 hominibus
527 4084 592 4148 ipsis.
601 4087 690 4130 Verum
699 4083 773 4130 inulta
818 4083 895 4130 multo
904 4085 982 4147 peius.
993 4085 1018 4132 J.
1027 4087 1056 4130 V.
1066 4086 1092 4134 t.
