<?xml version="1.0" encoding="UTF-8"?>
<!DOCTYPE html PUBLIC "-//W3C//DTD XHTML 1.0 Transitional//EN"
    "http://www.w3.org/TR/xhtml1/DTD/xhtml1-transitional.dtd">
<html xmlns="http://www.w3.org/1999/xhtml" xml:lang="en" lang="en">
 <head>
  <title>
</title>
<meta http-equiv="Content-Type" content="text/html;charset=utf-8" />
  <meta name='ocr-system' content='tesseract 3.04.00' />
  <meta name='ocr-capabilities' content='ocr_page ocr_carea ocr_par ocr_line ocrx_word'/>
</head>
<body>
  <div class='ocr_page' id='page_1' title='image "./mtciceronisquae00lemagoog_0471.png"; bbox 0 0 3026 4680; ppageno 0'>
   <div class='ocr_carea' id='block_1_1' title="bbox 266 329 1007 471">
    <p class='ocr_par' dir='ltr' id='par_1_1' title="bbox 266 329 1007 471">
     <span class='ocr_line' id='line_1_1' title="bbox 266 329 1007 471; baseline -0.005 -19"><span class='ocrx_word' id='word_1_1' title='bbox 266 329 335 471; x_wconf 66' lang='lat' dir='ltr'>lca</span> <span class='ocrx_word' id='word_1_2' title='bbox 590 379 638 446; x_wconf 89' lang='lat' dir='ltr'>u.</span> <span class='ocrx_word' id='word_1_3' title='bbox 659 381 699 447; x_wconf 82' lang='lat' dir='ltr'>u</span> <span class='ocrx_word' id='word_1_4' title='bbox 725 381 1007 452; x_wconf 82' lang='lat' dir='ltr'>crcaaoms</span> 
     </span>
    </p>
   </div>
   <div class='ocr_carea' id='block_1_2' title="bbox 164 499 1422 3137">
    <p class='ocr_par' dir='ltr' id='par_1_2' title="bbox 164 499 1422 3137">
     <span class='ocr_line' id='line_1_2' title="bbox 262 499 1332 600; baseline -0.001 -22"><span class='ocrx_word' id='word_1_5' title='bbox 262 506 347 578; x_wconf 83' lang='lat' dir='ltr'>facti</span> <span class='ocrx_word' id='word_1_6' title='bbox 372 516 474 590; x_wconf 88' lang='lat' dir='ltr'>sunt,</span> <span class='ocrx_word' id='word_1_7' title='bbox 500 523 620 598; x_wconf 86' lang='lat' dir='ltr'>neque</span> <span class='ocrx_word' id='word_1_8' title='bbox 639 523 698 573; x_wconf 85' lang='lat' dir='ltr'>res</span> <span class='ocrx_word' id='word_1_9' title='bbox 723 499 816 588; x_wconf 84' lang='lat' dir='ltr'>ulla,</span> <span class='ocrx_word' id='word_1_10' title='bbox 842 523 923 598; x_wconf 84' lang='lat' dir='ltr'>quae</span> <span class='ocrx_word' id='word_1_11' title='bbox 940 499 985 572; x_wconf 88' lang='lat' dir='ltr'>ad</span> <span class='ocrx_word' id='word_1_12' title='bbox 1004 500 1222 600; x_wconf 87' lang='lat' dir='ltr'>placandum</span> <span class='ocrx_word' id='word_1_13' title='bbox 1241 503 1332 577; x_wconf 86' lang='lat' dir='ltr'>deos</span> 
     </span>
     <span class='ocr_line' id='line_1_3' title="bbox 164 611 1330 718; baseline -0.004 -30"><span class='ocrx_word' id='word_1_14' title='bbox 164 657 167 664; x_wconf 95' lang='lat'>·</span> <span class='ocrx_word' id='word_1_15' title='bbox 263 619 480 718; x_wconf 79' lang='lat' dir='ltr'>pertineret,</span> <span class='ocrx_word' id='word_1_16' title='bbox 505 613 742 710; x_wconf 69' lang='lat' dir='ltr'>pretermissa</span> <span class='ocrx_word' id='word_1_17' title='bbox 762 625 826 683; x_wconf 87' lang='lat' dir='ltr'>est.</span> <span class='ocrx_word' id='word_1_18' title='bbox 856 611 1045 708; x_wconf 79' lang='lat' dir='ltr'>lidemq&#39;ue</span> <span class='ocrx_word' id='word_1_19' title='bbox 1062 611 1263 708; x_wconf 83' lang='lat' dir='ltr'>jusserunt,</span> <span class='ocrx_word' id='word_1_20' title='bbox 1281 619 1330 684; x_wconf 86' lang='lat' dir='ltr'>si·</span> 
     </span>
     <span class='ocr_line' id='line_1_4' title="bbox 261 720 1328 817; baseline -0.004 -17"><span class='ocrx_word' id='word_1_21' title='bbox 261 727 462 800; x_wconf 84' lang='lat' dir='ltr'>mulacrum</span> <span class='ocrx_word' id='word_1_22' title='bbox 472 727 569 795; x_wconf 83' lang='lat' dir='ltr'>lovis</span> <span class='ocrx_word' id='word_1_23' title='bbox 583 720 700 794; x_wconf 83' lang='lat' dir='ltr'>facere</span> <span class='ocrx_word' id='word_1_24' title='bbox 716 723 853 817; x_wconf 86' lang='lat' dir='ltr'>majus,</span> <span class='ocrx_word' id='word_1_25' title='bbox 872 725 959 793; x_wconf 89' lang='lat' dir='ltr'>etin</span> <span class='ocrx_word' id='word_1_26' title='bbox 974 721 1114 794; x_wconf 82' lang='lat' dir='ltr'>excelso</span> <span class='ocrx_word' id='word_1_27' title='bbox 1133 723 1328 814; x_wconf 84' lang='lat' dir='ltr'>collocare,</span> 
     </span>
     <span class='ocr_line' id='line_1_5' title="bbox 260 831 1329 932; baseline -0.007 -20"><span class='ocrx_word' id='word_1_28' title='bbox 260 855 298 912; x_wconf 92' lang='lat' dir='ltr'>et</span> <span class='ocrx_word' id='word_1_29' title='bbox 314 852 456 925; x_wconf 86' lang='lat' dir='ltr'>contra,</span> <span class='ocrx_word' id='word_1_30' title='bbox 471 850 581 932; x_wconf 84' lang='lat' dir='ltr'>etque</span> <span class='ocrx_word' id='word_1_31' title='bbox 593 843 676 906; x_wconf 91' lang='lat' dir='ltr'>ante</span> <span class='ocrx_word' id='word_1_32' title='bbox 688 831 824 919; x_wconf 78' lang='lat' dir='ltr'>luerat,</span> <span class='ocrx_word' id='word_1_33' title='bbox 843 831 889 904; x_wconf 86' lang='lat' dir='ltr'>ad</span> <span class='ocrx_word' id='word_1_34' title='bbox 904 835 1083 903; x_wconf 84' lang='lat' dir='ltr'>orientem</span> <span class='ocrx_word' id='word_1_35' title='bbox 1097 849 1329 922; x_wconf 77' lang='lat' dir='ltr'>converterc3</span> 
     </span>
     <span class='ocr_line' id='line_1_6' title="bbox 260 941 1329 1045; baseline -0.006 -23"><span class='ocrx_word' id='word_1_36' title='bbox 260 975 301 1022; x_wconf 87' lang='lat' dir='ltr'>ac</span> <span class='ocrx_word' id='word_1_37' title='bbox 322 973 360 1021; x_wconf 90' lang='lat' dir='ltr'>se</span> <span class='ocrx_word' id='word_1_38' title='bbox 377 969 521 1045; x_wconf 86' lang='lat' dir='ltr'>sperare</span> <span class='ocrx_word' id='word_1_39' title='bbox 535 945 719 1032; x_wconf 87' lang='lat' dir='ltr'>dixerunt,</span> <span class='ocrx_word' id='word_1_40' title='bbox 740 946 769 1014; x_wconf 90' lang='lat' dir='ltr'>si</span> <span class='ocrx_word' id='word_1_41' title='bbox 784 941 874 1014; x_wconf 88' lang='lat' dir='ltr'>illud</span> <span class='ocrx_word' id='word_1_42' title='bbox 886 944 1049 1040; x_wconf 79' lang='lat' dir='ltr'>signum,</span> <span class='ocrx_word' id='word_1_43' title='bbox 1068 941 1169 1040; x_wconf 92' lang='lat' dir='ltr'>quod</span> <span class='ocrx_word' id='word_1_44' title='bbox 1181 943 1329 1032; x_wconf 87' lang='lat' dir='ltr'>videtis,</span> 
     </span>
     <span class='ocr_line' id='line_1_7' title="bbox 261 1053 1328 1153; baseline -0.007 -19"><span class='ocrx_word' id='word_1_45' title='bbox 261 1061 346 1134; x_wconf 85' lang='lat' dir='ltr'>solis</span> <span class='ocrx_word' id='word_1_46' title='bbox 368 1072 511 1144; x_wconf 90' lang='lat' dir='ltr'>ortum,</span> <span class='ocrx_word' id='word_1_47' title='bbox 533 1071 570 1126; x_wconf 92' lang='lat' dir='ltr'>et</span> <span class='ocrx_word' id='word_1_48' title='bbox 586 1053 724 1142; x_wconf 79' lang='lat' dir='ltr'>lorum,</span> <span class='ocrx_word' id='word_1_49' title='bbox 742 1055 953 1151; x_wconf 85' lang='lat' dir='ltr'>curiamque</span> <span class='ocrx_word' id='word_1_50' title='bbox 972 1055 1210 1153; x_wconf 85' lang='lat' dir='ltr'>conspiceret,</span> <span class='ocrx_word' id='word_1_51' title='bbox 1230 1054 1328 1143; x_wconf 84' lang='lat' dir='ltr'>fore,</span> 
     </span>
     <span class='ocr_line' id='line_1_8' title="bbox 260 1163 1327 1263; baseline -0.009 -19"><span class='ocrx_word' id='word_1_52' title='bbox 260 1187 302 1244; x_wconf 86' lang='lat' dir='ltr'>ut</span> <span class='ocrx_word' id='word_1_53' title='bbox 326 1193 368 1242; x_wconf 85' lang='lat' dir='ltr'>ea</span> <span class='ocrx_word' id='word_1_54' title='bbox 392 1168 557 1255; x_wconf 87' lang='lat' dir='ltr'>consilia,</span> <span class='ocrx_word' id='word_1_55' title='bbox 576 1189 657 1263; x_wconf 83' lang='lat' dir='ltr'>quae</span> <span class='ocrx_word' id='word_1_56' title='bbox 681 1164 772 1236; x_wconf 86' lang='lat' dir='ltr'>clam</span> <span class='ocrx_word' id='word_1_57' title='bbox 789 1179 908 1236; x_wconf 88' lang='lat' dir='ltr'>essent</span> <span class='ocrx_word' id='word_1_58' title='bbox 925 1164 1013 1234; x_wconf 88' lang='lat' dir='ltr'>inita</span> <span class='ocrx_word' id='word_1_59' title='bbox 1030 1179 1158 1234; x_wconf 88' lang='lat' dir='ltr'>contra</span> <span class='ocrx_word' id='word_1_60' title='bbox 1176 1163 1327 1235; x_wconf 79' lang='lat' dir='ltr'>sulutem</span> 
     </span>
     <span class='ocr_line' id='line_1_9' title="bbox 261 1275 1422 1378; baseline -0.007 -25"><span class='ocrx_word' id='word_1_61' title='bbox 261 1279 362 1353; x_wconf 84' lang='lat' dir='ltr'>urbis</span> <span class='ocrx_word' id='word_1_62' title='bbox 383 1294 491 1378; x_wconf 89' lang='lat' dir='ltr'>atque</span> <span class='ocrx_word' id='word_1_63' title='bbox 512 1277 679 1375; x_wconf 91' lang='lat' dir='ltr'>imperii,</span> <span class='ocrx_word' id='word_1_64' title='bbox 703 1275 987 1360; x_wconf 81' lang='lat' dir='ltr'>illustrarentur,</span> <span class='ocrx_word' id='word_1_65' title='bbox 1013 1288 1054 1346; x_wconf 92' lang='lat' dir='ltr'>ut</span> <span class='ocrx_word' id='word_1_66' title='bbox 1070 1299 1091 1345; x_wconf 84' lang='lat' dir='ltr'><strong>a</strong></span> <span class='ocrx_word' id='word_1_67' title='bbox 1109 1289 1236 1346; x_wconf 86' lang='lat' dir='ltr'>senatu</span> <span class='ocrx_word' id='word_1_68' title='bbox 1258 1299 1327 1373; x_wconf 92' lang='lat' dir='ltr'>po·</span> <span class='ocrx_word' id='word_1_69' title='bbox 1417 1352 1422 1370; x_wconf 55' lang='lat'>‚</span> 
     </span>
     <span class='ocr_line' id='line_1_10' title="bbox 260 1383 1328 1491; baseline -0.008 -28"><span class='ocrx_word' id='word_1_70' title='bbox 260 1391 424 1491; x_wconf 89' lang='lat' dir='ltr'>puloque</span> <span class='ocrx_word' id='word_1_71' title='bbox 465 1410 618 1458; x_wconf 90' lang='lat' dir='ltr'>romano</span> <span class='ocrx_word' id='word_1_72' title='bbox 642 1385 804 1484; x_wconf 84' lang='lat' dir='ltr'>perspici</span> <span class='ocrx_word' id='word_1_73' title='bbox 826 1398 989 1482; x_wconf 67' lang='lat' dir='ltr'>possent:</span> <span class='ocrx_word' id='word_1_74' title='bbox 1012 1386 1133 1481; x_wconf 83' lang='lat' dir='ltr'>Atque</span> <span class='ocrx_word' id='word_1_75' title='bbox 1163 1383 1252 1456; x_wconf 91' lang='lat' dir='ltr'>illud</span> <span class='ocrx_word' id='word_1_76' title='bbox 1277 1387 1328 1455; x_wconf 88' lang='lat' dir='ltr'>ita</span> 
     </span>
     <span class='ocr_line' id='line_1_11' title="bbox 259 1492 1329 1574; baseline -0.007 0"><span class='ocrx_word' id='word_1_77' title='bbox 259 1499 511 1574; x_wconf 89' lang='lat' dir='ltr'>collocandum</span> <span class='ocrx_word' id='word_1_78' title='bbox 532 1495 698 1568; x_wconf 88' lang='lat' dir='ltr'>consules</span> <span class='ocrx_word' id='word_1_79' title='bbox 712 1495 761 1566; x_wconf 94' lang='lat' dir='ltr'>illi</span> <span class='ocrx_word' id='word_1_80' title='bbox 772 1494 983 1566; x_wconf 85' lang='lat' dir='ltr'>locaverunt</span> <span class='ocrx_word' id='word_1_81' title='bbox 995 1504 1026 1536; x_wconf 76' lang='lat'>¹²</span> <span class='ocrx_word' id='word_1_82' title='bbox 1043 1495 1128 1566; x_wconf 85' lang='lat' dir='ltr'>:sed</span> <span class='ocrx_word' id='word_1_83' title='bbox 1145 1509 1245 1566; x_wconf 82' lang='lat' dir='ltr'>tanta</span> <span class='ocrx_word' id='word_1_84' title='bbox 1259 1492 1329 1566; x_wconf 81' lang='lat' dir='ltr'>fuit</span> 
     </span>
     <span class='ocr_line' id='line_1_12' title="bbox 259 1603 1328 1710; baseline -0.007 -26"><span class='ocrx_word' id='word_1_85' title='bbox 259 1613 379 1710; x_wconf 83' lang='lat' dir='ltr'>operis</span> <span class='ocrx_word' id='word_1_86' title='bbox 398 1607 566 1694; x_wconf 77' lang='lat' dir='ltr'>tarditas,</span> <span class='ocrx_word' id='word_1_87' title='bbox 581 1619 624 1676; x_wconf 92' lang='lat' dir='ltr'>ut</span> <span class='ocrx_word' id='word_1_88' title='bbox 642 1629 761 1702; x_wconf 89' lang='lat' dir='ltr'>neque</span> <span class='ocrx_word' id='word_1_89' title='bbox 779 1630 799 1676; x_wconf 85' lang='lat' dir='ltr'>a</span> <span class='ocrx_word' id='word_1_90' title='bbox 821 1603 1069 1703; x_wconf 90' lang='lat' dir='ltr'>superioribus</span> <span class='ocrx_word' id='word_1_91' title='bbox 1093 1603 1328 1693; x_wconf 83' lang='lat' dir='ltr'>consulibus,</span> 
     </span>
     <span class='ocr_line' id='line_1_13' title="bbox 258 1713 1360 1818; baseline -0.005 -26"><span class='ocrx_word' id='word_1_92' title='bbox 258 1745 380 1818; x_wconf 76' lang='lat' dir='ltr'>neque</span> <span class='ocrx_word' id='word_1_93' title='bbox 398 1742 418 1788; x_wconf 91' lang='lat' dir='ltr'>a</span> <span class='ocrx_word' id='word_1_94' title='bbox 434 1715 541 1787; x_wconf 91' lang='lat' dir='ltr'>nobis</span> <span class='ocrx_word' id='word_1_95' title='bbox 555 1730 638 1786; x_wconf 91' lang='lat' dir='ltr'>ante</span> <span class='ocrx_word' id='word_1_96' title='bbox 658 1715 877 1786; x_wconf 88' lang='lat' dir='ltr'>hodiernum</span> <span class='ocrx_word' id='word_1_97' title='bbox 891 1713 989 1786; x_wconf 86' lang='lat' dir='ltr'>diem</span> <span class='ocrx_word' id='word_1_98' title='bbox 1005 1714 1251 1786; x_wconf 86' lang='lat' dir='ltr'>collocaretur.</span> <span class='ocrx_word' id='word_1_99' title='bbox 1356 1791 1360 1798; x_wconf 69' lang='grc'><strong>,</strong></span> 
     </span>
     <span class='ocr_line' id='line_1_14' title="bbox 267 1827 1327 1934; baseline -0.002 -34"><span class='ocrx_word' id='word_1_100' title='bbox 267 1905 280 1934; x_wconf 72' lang='lat'>,</span> <span class='ocrx_word' id='word_1_101' title='bbox 306 1836 367 1928; x_wconf 87' lang='grc'>111.</span> <span class='ocrx_word' id='word_1_102' title='bbox 389 1830 454 1898; x_wconf 91' lang='lat' dir='ltr'>Hic</span> <span class='ocrx_word' id='word_1_103' title='bbox 475 1827 558 1923; x_wconf 87' lang='lat' dir='ltr'>quis</span> <span class='ocrx_word' id='word_1_104' title='bbox 573 1838 693 1923; x_wconf 88' lang='lat' dir='ltr'>potest</span> <span class='ocrx_word' id='word_1_105' title='bbox 711 1849 788 1896; x_wconf 87' lang='lat' dir='ltr'>esse</span> <span class='ocrx_word' id='word_1_106' title='bbox 801 1835 828 1910; x_wconf 87' lang='lat'>¹,</span> <span class='ocrx_word' id='word_1_107' title='bbox 850 1827 1029 1916; x_wconf 89' lang='lat' dir='ltr'>Quirites,</span> <span class='ocrx_word' id='word_1_108' title='bbox 1050 1841 1122 1897; x_wconf 82' lang='lat' dir='ltr'>tem</span> <span class='ocrx_word' id='word_1_109' title='bbox 1140 1850 1285 1898; x_wconf 87' lang='lat' dir='ltr'>aversus</span> <span class='ocrx_word' id='word_1_110' title='bbox 1305 1851 1327 1898; x_wconf 79' lang='lat' dir='ltr'>a</span> 
     </span>
     <span class='ocr_line' id='line_1_15' title="bbox 257 1931 1327 2036; baseline 0.001 -28"><span class='ocrx_word' id='word_1_111' title='bbox 257 1949 387 2024; x_wconf 79' lang='lat' dir='ltr'>vero²,</span> <span class='ocrx_word' id='word_1_112' title='bbox 404 1952 476 2007; x_wconf 91' lang='lat' dir='ltr'>tam</span> <span class='ocrx_word' id='word_1_113' title='bbox 500 1931 682 2033; x_wconf 73' lang='lat' dir='ltr'>praeceps,</span> <span class='ocrx_word' id='word_1_114' title='bbox 703 1949 775 2006; x_wconf 88' lang='lat' dir='ltr'>tam</span> <span class='ocrx_word' id='word_1_115' title='bbox 799 1951 921 2006; x_wconf 89' lang='lat' dir='ltr'>mente</span> <span class='ocrx_word' id='word_1_116' title='bbox 946 1951 1091 2034; x_wconf 85' lang='lat' dir='ltr'>captus,</span> <span class='ocrx_word' id='word_1_117' title='bbox 1116 1939 1181 2034; x_wconf 91' lang='lat' dir='ltr'>qui</span> <span class='ocrx_word' id='word_1_118' title='bbox 1199 1952 1327 2036; x_wconf 76' lang='lat' dir='ltr'>neget,</span> 
     </span>
     <span class='ocr_line' id='line_1_16' title="bbox 256 2044 1327 2144; baseline -0.005 -21"><span class='ocrx_word' id='word_1_119' title='bbox 256 2049 484 2133; x_wconf 83' lang='lat' dir='ltr'>haecomnia,</span> <span class='ocrx_word' id='word_1_120' title='bbox 507 2044 1044 2144; x_wconf 76' lang='lat' dir='ltr'>quaevidemns,praecipueque</span> <span class='ocrx_word' id='word_1_121' title='bbox 1064 2047 1159 2119; x_wconf 91' lang='lat' dir='ltr'>hauc</span> <span class='ocrx_word' id='word_1_122' title='bbox 1180 2047 1327 2134; x_wconf 87' lang='lat' dir='ltr'>urbem&#39;,</span> 
     </span>
     <span class='ocr_line' id='line_1_17' title="bbox 257 2153 1327 2254; baseline -0.007 -20"><span class='ocrx_word' id='word_1_123' title='bbox 257 2161 410 2234; x_wconf 92' lang='lat' dir='ltr'>deorum</span> <span class='ocrx_word' id='word_1_124' title='bbox 436 2153 694 2227; x_wconf 78' lang='lat' dir='ltr'>immortalium</span> <span class='ocrx_word' id='word_1_125' title='bbox 717 2171 811 2228; x_wconf 93' lang='lat' dir='ltr'>nutu</span> <span class='ocrx_word' id='word_1_126' title='bbox 836 2171 945 2254; x_wconf 81' lang='lat' dir='ltr'>atque</span> <span class='ocrx_word' id='word_1_127' title='bbox 969 2165 1145 2254; x_wconf 75' lang='lat' dir='ltr'>potestate</span> <span class='ocrx_word' id='word_1_128' title='bbox 1174 2157 1327 2228; x_wconf 83' lang='lat' dir='ltr'>admini-</span> 
     </span>
     <span class='ocr_line' id='line_1_18' title="bbox 257 2263 1326 2365; baseline -0.006 -22"><span class='ocrx_word' id='word_1_129' title='bbox 257 2269 384 2344; x_wconf 80' lang='lat' dir='ltr'>strari?</span> <span class='ocrx_word' id='word_1_130' title='bbox 406 2268 547 2338; x_wconf 85' lang='lat' dir='ltr'>Etenim</span> <span class='ocrx_word' id='word_1_131' title='bbox 565 2288 681 2361; x_wconf 90' lang='lat' dir='ltr'>quum</span> <span class='ocrx_word' id='word_1_132' title='bbox 711 2282 805 2338; x_wconf 88' lang='lat' dir='ltr'>esset</span> <span class='ocrx_word' id='word_1_133' title='bbox 828 2267 877 2338; x_wconf 84' lang='lat' dir='ltr'>ita</span> <span class='ocrx_word' id='word_1_134' title='bbox 901 2263 1165 2365; x_wconf 84' lang='lat' dir='ltr'>responsum³,</span> <span class='ocrx_word' id='word_1_135' title='bbox 1193 2267 1326 2356; x_wconf 74' lang='lat' dir='ltr'>casdes&#39;,</span> 
     </span>
     <span class='ocr_line' id='line_1_19' title="bbox 255 2375 1325 2475; baseline -0.005 -22"><span class='ocrx_word' id='word_1_136' title='bbox 255 2378 441 2465; x_wconf 91' lang='lat' dir='ltr'>incendia,</span> <span class='ocrx_word' id='word_1_137' title='bbox 468 2377 728 2473; x_wconf 89' lang='lat' dir='ltr'>interitumque</span> <span class='ocrx_word' id='word_1_138' title='bbox 748 2375 955 2474; x_wconf 80' lang='lat' dir='ltr'>reipublicae</span> <span class='ocrx_word' id='word_1_139' title='bbox 984 2381 1205 2475; x_wconf 87' lang='lat' dir='ltr'>comparari,</span> <span class='ocrx_word' id='word_1_140' title='bbox 1224 2391 1261 2448; x_wconf 90' lang='lat' dir='ltr'>et</span> <span class='ocrx_word' id='word_1_141' title='bbox 1283 2393 1325 2448; x_wconf 77' lang='lat' dir='ltr'>ea</span> 
     </span>
     <span class='ocr_line' id='line_1_20' title="bbox 255 2483 1330 2587; baseline -0.004 -25"><span class='ocrx_word' id='word_1_142' title='bbox 255 2515 277 2562; x_wconf 83' lang='lat' dir='ltr'>a</span> <span class='ocrx_word' id='word_1_143' title='bbox 295 2483 643 2587; x_wconf 70' lang='lat' dir='ltr'>perdundumst,</span> <span class='ocrx_word' id='word_1_144' title='bbox 673 2509 753 2582; x_wconf 76' lang='lat' dir='ltr'>quae</span> <span class='ocrx_word' id='word_1_145' title='bbox 768 2501 846 2557; x_wconf 89' lang='lat' dir='ltr'>mm</span> <span class='ocrx_word' id='word_1_146' title='bbox 865 2501 1016 2584; x_wconf 88' lang='lat' dir='ltr'>propter</span> <span class='ocrx_word' id='word_1_147' title='bbox 1039 2487 1330 2583; x_wconf 82' lang='lat' dir='ltr'>magnitudinem</span> 
     </span>
     <span class='ocr_line' id='line_1_21' title="bbox 255 2595 1326 2682; baseline -0.005 -10"><span class='ocrx_word' id='word_1_148' title='bbox 255 2599 431 2672; x_wconf 90' lang='lat' dir='ltr'>scelernm</span> <span class='ocrx_word' id='word_1_149' title='bbox 465 2595 649 2668; x_wconf 72' lang='lat' dir='ltr'>nonnullis</span> <span class='ocrx_word' id='word_1_150' title='bbox 678 2595 902 2668; x_wconf 84' lang='lat' dir='ltr'>incredibilia</span> <span class='ocrx_word' id='word_1_151' title='bbox 923 2595 1160 2682; x_wconf 85' lang='lat' dir='ltr'>videbantur;</span> <span class='ocrx_word' id='word_1_152' title='bbox 1184 2621 1225 2668; x_wconf 87' lang='lat' dir='ltr'>ea</span> <span class='ocrx_word' id='word_1_153' title='bbox 1246 2621 1326 2668; x_wconf 88' lang='lat' dir='ltr'>non</span> 
     </span>
     <span class='ocr_line' id='line_1_22' title="bbox 255 2704 1325 2806; baseline 0 -26"><span class='ocrx_word' id='word_1_154' title='bbox 255 2709 365 2781; x_wconf 92' lang='lat' dir='ltr'>modo</span> <span class='ocrx_word' id='word_1_155' title='bbox 373 2704 709 2806; x_wconf 81' lang='lat' dir='ltr'>cogitataancfariis</span> <span class='ocrx_word' id='word_1_156' title='bbox 726 2707 881 2790; x_wconf 88' lang='lat' dir='ltr'>civibus,</span> <span class='ocrx_word' id='word_1_157' title='bbox 899 2713 1143 2781; x_wconf 89' lang='lat' dir='ltr'>verumetiam</span> <span class='ocrx_word' id='word_1_158' title='bbox 1159 2723 1325 2806; x_wconf 81' lang='lat' dir='ltr'>susceptat</span> 
     </span>
     <span class='ocr_line' id='line_1_23' title="bbox 255 2815 1323 2917; baseline 0 -25"><span class='ocrx_word' id='word_1_159' title='bbox 255 2845 331 2892; x_wconf 84' lang='lat' dir='ltr'>esse</span> <span class='ocrx_word' id='word_1_160' title='bbox 341 2819 511 2891; x_wconf 86' lang='lat' dir='ltr'>sensistis.</span> <span class='ocrx_word' id='word_1_161' title='bbox 523 2815 618 2888; x_wconf 88' lang='lat' dir='ltr'>Illud</span> <span class='ocrx_word' id='word_1_162' title='bbox 633 2842 720 2888; x_wconf 90' lang='lat' dir='ltr'>vero</span> <span class='ocrx_word' id='word_1_163' title='bbox 734 2843 859 2888; x_wconf 91' lang='lat' dir='ltr'>nonne</span> <span class='ocrx_word' id='word_1_164' title='bbox 867 2819 916 2888; x_wconf 88' lang='lat' dir='ltr'>im</span> <span class='ocrx_word' id='word_1_165' title='bbox 931 2843 1088 2917; x_wconf 81' lang='lat' dir='ltr'>praesens</span> <span class='ocrx_word' id='word_1_166' title='bbox 1102 2835 1171 2904; x_wconf 79' lang='lat' dir='ltr'>est,</span> <span class='ocrx_word' id='word_1_167' title='bbox 1180 2835 1220 2889; x_wconf 91' lang='lat' dir='ltr'>ut</span> <span class='ocrx_word' id='word_1_168' title='bbox 1230 2834 1323 2892; x_wconf 89' lang='lat' dir='ltr'>nutu</span> 
     </span>
     <span class='ocr_line' id='line_1_24' title="bbox 254 2924 1323 3026; baseline -0.004 -25"><span class='ocrx_word' id='word_1_169' title='bbox 254 2931 352 3002; x_wconf 90' lang='lat' dir='ltr'>Jovis</span> <span class='ocrx_word' id='word_1_170' title='bbox 366 2929 504 3026; x_wconf 90' lang='lat' dir='ltr'>Optimi</span> <span class='ocrx_word' id='word_1_171' title='bbox 518 2929 666 2999; x_wconf 85' lang='lat' dir='ltr'>Maximi</span> <span class='ocrx_word' id='word_1_172' title='bbox 689 2924 823 2998; x_wconf 86' lang='lat' dir='ltr'>factum</span> <span class='ocrx_word' id='word_1_173' title='bbox 838 2949 915 2999; x_wconf 87' lang='lat' dir='ltr'>esse</span> <span class='ocrx_word' id='word_1_174' title='bbox 932 2926 1113 3012; x_wconf 84' lang='lat' dir='ltr'>videatur,</span> <span class='ocrx_word' id='word_1_175' title='bbox 1129 2943 1190 3014; x_wconf 90' lang='lat' dir='ltr'>ut,</span> <span class='ocrx_word' id='word_1_176' title='bbox 1207 2953 1323 3025; x_wconf 86' lang='lat' dir='ltr'>quum</span> 
     </span>
     <span class='ocr_line' id='line_1_25' title="bbox 253 3035 1322 3137; baseline -0.006 -23"><span class='ocrx_word' id='word_1_177' title='bbox 253 3039 432 3114; x_wconf 90' lang='lat' dir='ltr'>hodierno</span> <span class='ocrx_word' id='word_1_178' title='bbox 446 3039 505 3111; x_wconf 90' lang='lat' dir='ltr'>die</span> <span class='ocrx_word' id='word_1_179' title='bbox 519 3062 625 3109; x_wconf 84' lang='lat' dir='ltr'>manc</span> <span class='ocrx_word' id='word_1_180' title='bbox 644 3063 709 3137; x_wconf 92' lang='lat' dir='ltr'>per</span> <span class='ocrx_word' id='word_1_181' title='bbox 725 3035 845 3110; x_wconf 82' lang='lat' dir='ltr'>forum</span> <span class='ocrx_word' id='word_1_182' title='bbox 858 3062 942 3110; x_wconf 90' lang='lat' dir='ltr'>meo</span> <span class='ocrx_word' id='word_1_183' title='bbox 957 3039 1060 3135; x_wconf 90' lang='lat' dir='ltr'>jussu</span> <span class='ocrx_word' id='word_1_184' title='bbox 1078 3052 1114 3110; x_wconf 90' lang='lat' dir='ltr'>et</span> <span class='ocrx_word' id='word_1_185' title='bbox 1127 3039 1322 3135; x_wconf 69' lang='lat' dir='ltr'>conjurati,</span> 
     </span>
    </p>
   </div>
   <div class='ocr_carea' id='block_1_3' title="bbox 251 3251 1323 3712">
    <p class='ocr_par' dir='ltr' id='par_1_3' title="bbox 253 3251 1321 3320">
     <span class='ocr_line' id='line_1_26' title="bbox 253 3251 1321 3320; baseline -0.002 -16"><span class='ocrx_word' id='word_1_186' title='bbox 253 3258 317 3305; x_wconf 80' lang='lat' dir='ltr'>fecto</span> <span class='ocrx_word' id='word_1_187' title='bbox 329 3255 427 3303; x_wconf 87' lang='lat' dir='ltr'>illorum</span> <span class='ocrx_word' id='word_1_188' title='bbox 441 3266 578 3320; x_wconf 84' lang='lat' dir='ltr'>temporum</span> <span class='ocrx_word' id='word_1_189' title='bbox 597 3251 764 3316; x_wconf 67' lang='lat' dir='ltr'>eaeetnsfiatn</span> <span class='ocrx_word' id='word_1_190' title='bbox 845 3257 892 3303; x_wconf 72' lang='lat' dir='ltr'>lx.</span> <span class='ocrx_word' id='word_1_191' title='bbox 916 3269 937 3302; x_wconf 84' lang='lat' dir='ltr'>r.</span> <span class='ocrx_word' id='word_1_192' title='bbox 951 3253 998 3303; x_wconf 72' lang='lat' dir='ltr'>nu</span> <span class='ocrx_word' id='word_1_193' title='bbox 1010 3253 1064 3318; x_wconf 80' lang='lat' dir='ltr'>quis</span> <span class='ocrx_word' id='word_1_194' title='bbox 1072 3265 1155 3318; x_wconf 78' lang='lat' dir='ltr'>potest</span> <span class='ocrx_word' id='word_1_195' title='bbox 1168 3269 1225 3303; x_wconf 75' lang='lat' dir='ltr'>csse.</span> <span class='ocrx_word' id='word_1_196' title='bbox 1240 3255 1321 3318; x_wconf 69' lang='lat' dir='ltr'>Argu-</span> 
     </span>
    </p>

    <p class='ocr_par' dir='ltr' id='par_1_4' title="bbox 252 3333 1322 3399">
     <span class='ocr_line' id='line_1_27' title="bbox 252 3333 1322 3399; baseline -0.002 -17"><span class='ocrx_word' id='word_1_197' title='bbox 252 3335 385 3399; x_wconf 74' lang='lat' dir='ltr'>quasivero</span> <span class='ocrx_word' id='word_1_198' title='bbox 393 3334 438 3394; x_wconf 89' lang='lat' dir='ltr'>dii,</span> <span class='ocrx_word' id='word_1_199' title='bbox 448 3343 476 3381; x_wconf 83' lang='lat' dir='ltr'>nt</span> <span class='ocrx_word' id='word_1_200' title='bbox 484 3333 597 3398; x_wconf 67' lang='lat' dir='ltr'>putridi,</span> <span class='ocrx_word' id='word_1_201' title='bbox 610 3333 683 3382; x_wconf 79' lang='lat' dir='ltr'>serius</span> <span class='ocrx_word' id='word_1_202' title='bbox 692 3333 766 3382; x_wconf 84' lang='lat' dir='ltr'>actio-</span> <span class='ocrx_word' id='word_1_203' title='bbox 809 3346 893 3382; x_wconf 79' lang='lat' dir='ltr'>mento</span> <span class='ocrx_word' id='word_1_204' title='bbox 902 3349 917 3381; x_wconf 86' lang='lat' dir='ltr'>n</span> <span class='ocrx_word' id='word_1_205' title='bbox 925 3333 998 3381; x_wconf 75' lang='lat' dir='ltr'>rebus</span> <span class='ocrx_word' id='word_1_206' title='bbox 1006 3333 1101 3382; x_wconf 75' lang='lat' dir='ltr'>eflecti·</span> <span class='ocrx_word' id='word_1_207' title='bbox 1108 3333 1235 3380; x_wconf 80' lang='lat' dir='ltr'>concludit</span> <span class='ocrx_word' id='word_1_208' title='bbox 1245 3343 1322 3380; x_wconf 76' lang='lat' dir='ltr'>totum</span> 
     </span>
    </p>

    <p class='ocr_par' dir='ltr' id='par_1_5' title="bbox 253 3407 1323 3476">
     <span class='ocr_line' id='line_1_28' title="bbox 253 3407 1323 3476; baseline -0.004 -14"><span class='ocrx_word' id='word_1_209' title='bbox 253 3431 295 3462; x_wconf 83' lang='lat' dir='ltr'>nes</span> <span class='ocrx_word' id='word_1_210' title='bbox 308 3407 419 3472; x_wconf 83' lang='lat' dir='ltr'>oderint,</span> <span class='ocrx_word' id='word_1_211' title='bbox 435 3423 461 3462; x_wconf 81' lang='lat' dir='ltr'>ct</span> <span class='ocrx_word' id='word_1_212' title='bbox 473 3421 628 3471; x_wconf 74' lang='lat' dir='ltr'>aversemur,</span> <span class='ocrx_word' id='word_1_213' title='bbox 646 3411 766 3476; x_wconf 77' lang='lat' dir='ltr'>ludosque</span> <span class='ocrx_word' id='word_1_214' title='bbox 810 3411 874 3462; x_wconf 77' lang='lat' dir='ltr'>hanc</span> <span class='ocrx_word' id='word_1_215' title='bbox 883 3412 1075 3469; x_wconf 72' lang='lat' dir='ltr'>universitatem,</span> <span class='ocrx_word' id='word_1_216' title='bbox 1085 3411 1185 3460; x_wconf 75' lang='lat' dir='ltr'>dcem</span> <span class='ocrx_word' id='word_1_217' title='bbox 1194 3410 1323 3475; x_wconf 76' lang='lat' dir='ltr'>providen-</span> 
     </span>
    </p>

    <p class='ocr_par' dir='ltr' id='par_1_6' title="bbox 252 3490 1321 3637">
     <span class='ocr_line' id='line_1_29' title="bbox 252 3490 1321 3558; baseline -0.006 -16"><span class='ocrx_word' id='word_1_218' title='bbox 252 3503 277 3542; x_wconf 86' lang='lat' dir='ltr'>et</span> <span class='ocrx_word' id='word_1_219' title='bbox 291 3493 426 3558; x_wconf 78' lang='lat' dir='ltr'>spectacula</span> <span class='ocrx_word' id='word_1_220' title='bbox 439 3492 555 3556; x_wconf 72' lang='lat' dir='ltr'>diligunt!</span> <span class='ocrx_word' id='word_1_221' title='bbox 810 3492 843 3540; x_wconf 81' lang='lat' dir='ltr'>tiu</span> <span class='ocrx_word' id='word_1_222' title='bbox 858 3491 1002 3555; x_wconf 72' lang='lat' dir='ltr'>gubernari,</span> <span class='ocrx_word' id='word_1_223' title='bbox 1018 3507 1107 3554; x_wconf 79' lang='lat' dir='ltr'>cosque</span> <span class='ocrx_word' id='word_1_224' title='bbox 1119 3491 1212 3538; x_wconf 76' lang='lat' dir='ltr'>mmnni</span> <span class='ocrx_word' id='word_1_225' title='bbox 1225 3490 1321 3554; x_wconf 83' lang='lat' dir='ltr'>imperii</span> 
     </span>
     <span class='ocr_line' id='line_1_30' title="bbox 292 3567 1159 3637; baseline 0.002 -17"><span class='ocrx_word' id='word_1_226' title='bbox 292 3587 332 3620; x_wconf 77' lang='lat' dir='ltr'>rs.</span> <span class='ocrx_word' id='word_1_227' title='bbox 343 3572 448 3634; x_wconf 80' lang='lat' dir='ltr'>sicregii</span> <span class='ocrx_word' id='word_1_228' title='bbox 458 3567 614 3631; x_wconf 64' lang='lat' dir='ltr'>MSSang.</span> <span class='ocrx_word' id='word_1_229' title='bbox 625 3577 766 3619; x_wconf 74' lang='lat' dir='ltr'>renotentur.</span> <span class='ocrx_word' id='word_1_230' title='bbox 810 3572 959 3637; x_wconf 62' lang='lat' dir='ltr'>praecipuum</span> <span class='ocrx_word' id='word_1_231' title='bbox 979 3583 1062 3618; x_wconf 76' lang='lat' dir='ltr'>curum</span> <span class='ocrx_word' id='word_1_232' title='bbox 1079 3585 1159 3633; x_wconf 63' lang='lat' dir='ltr'>agere.</span> 
     </span>
    </p>

    <p class='ocr_par' dir='ltr' id='par_1_7' title="bbox 251 3645 1320 3712">
     <span class='ocr_line' id='line_1_31' title="bbox 251 3645 1320 3712; baseline -0.004 -11"><span class='ocrx_word' id='word_1_233' title='bbox 251 3655 275 3704; x_wconf 82' lang='grc'>1.</span> <span class='ocrx_word' id='word_1_234' title='bbox 285 3655 318 3700; x_wconf 81' lang='lat' dir='ltr'>V.</span> <span class='ocrx_word' id='word_1_235' title='bbox 330 3653 357 3698; x_wconf 76' lang='lat' dir='ltr'>t.</span> <span class='ocrx_word' id='word_1_236' title='bbox 375 3675 409 3687; x_wconf 90' lang='lat'><em>-</em></span> <span class='ocrx_word' id='word_1_237' title='bbox 421 3648 563 3698; x_wconf 81' lang='lat' dir='ltr'>Erat&#39;lovis</span> <span class='ocrx_word' id='word_1_238' title='bbox 577 3648 709 3711; x_wconf 74' lang='lat' dir='ltr'>eignnmiu</span> <span class='ocrx_word' id='word_1_239' title='bbox 721 3663 764 3697; x_wconf 89' lang='lat' dir='ltr'>co·</span> <span class='ocrx_word' id='word_1_240' title='bbox 844 3653 981 3698; x_wconf 55' lang='lat' dir='ltr'>adversm</span> <span class='ocrx_word' id='word_1_241' title='bbox 999 3667 1016 3697; x_wconf 78' lang='lat' dir='ltr'><em>a</em></span> <span class='ocrx_word' id='word_1_242' title='bbox 1034 3645 1108 3698; x_wconf 62' lang='lat' dir='ltr'>uero.</span> <span class='ocrx_word' id='word_1_243' title='bbox 1127 3647 1177 3712; x_wconf 83' lang='lat' dir='ltr'>Qui</span> <span class='ocrx_word' id='word_1_244' title='bbox 1195 3649 1320 3697; x_wconf 69' lang='lat' dir='ltr'>veritatum</span> 
     </span>
    </p>
   </div>
   <div class='ocr_carea' id='block_1_4' title="bbox 136 3727 1321 3796">
    <p class='ocr_par' dir='ltr' id='par_1_8' title="bbox 136 3727 1321 3796">
     <span class='ocr_line' id='line_1_32' title="bbox 136 3727 1321 3796; baseline -0.005 -15"><span class='ocrx_word' id='word_1_245' title='bbox 136 3785 140 3796; x_wconf 59' lang='grc'>,</span> <span class='ocrx_word' id='word_1_246' title='bbox 250 3732 332 3780; x_wconf 83' lang='lat' dir='ltr'>lnmna</span> <span class='ocrx_word' id='word_1_247' title='bbox 351 3739 418 3778; x_wconf 79' lang='lat' dir='ltr'>extra</span> <span class='ocrx_word' id='word_1_248' title='bbox 434 3728 511 3776; x_wconf 79' lang='lat' dir='ltr'>aedem</span> <span class='ocrx_word' id='word_1_249' title='bbox 524 3727 594 3775; x_wconf 79' lang='lat' dir='ltr'>Jovis</span> <span class='ocrx_word' id='word_1_250' title='bbox 616 3728 700 3791; x_wconf 79' lang='lat' dir='ltr'>ipsine.</span> <span class='ocrx_word' id='word_1_251' title='bbox 723 3729 764 3776; x_wconf 79' lang='lat' dir='ltr'>ste</span> <span class='ocrx_word' id='word_1_252' title='bbox 808 3729 910 3790; x_wconf 84' lang='lat' dir='ltr'>odit,et</span> <span class='ocrx_word' id='word_1_253' title='bbox 922 3739 1062 3793; x_wconf 73' lang='lat' dir='ltr'>srgnmentn</span> <span class='ocrx_word' id='word_1_254' title='bbox 1074 3727 1115 3776; x_wconf 78' lang='lat' dir='ltr'>illu</span> <span class='ocrx_word' id='word_1_255' title='bbox 1129 3729 1218 3794; x_wconf 76' lang='lat' dir='ltr'>quibus</span> <span class='ocrx_word' id='word_1_256' title='bbox 1232 3729 1321 3777; x_wconf 69' lang='lat' dir='ltr'>mitur</span> 
     </span>
    </p>
   </div>
   <div class='ocr_carea' id='block_1_5' title="bbox 249 3801 1320 4173">
    <p class='ocr_par' dir='ltr' id='par_1_9' title="bbox 250 3801 1320 4030">
     <span class='ocr_line' id='line_1_33' title="bbox 250 3801 1239 3873; baseline -0.002 -15"><span class='ocrx_word' id='word_1_257' title='bbox 250 3801 430 3873; x_wconf 75' lang='lat' dir='ltr'>Quintilianus,</span> <span class='ocrx_word' id='word_1_258' title='bbox 442 3810 477 3865; x_wconf 77' lang='lat' dir='ltr'>V,</span> <span class='ocrx_word' id='word_1_259' title='bbox 494 3819 535 3864; x_wconf 83' lang='grc' dir='ltr'>ιι,</span> <span class='ocrx_word' id='word_1_260' title='bbox 552 3805 596 3854; x_wconf 88' lang='lat' dir='ltr'>nbi</span> <span class='ocrx_word' id='word_1_261' title='bbox 608 3806 709 3855; x_wconf 88' lang='lat' dir='ltr'>deornm</span> <span class='ocrx_word' id='word_1_262' title='bbox 720 3823 762 3855; x_wconf 80' lang='lat' dir='ltr'>sn·</span> <span class='ocrx_word' id='word_1_263' title='bbox 806 3807 832 3856; x_wconf 91' lang='lat' dir='ltr'>in</span> <span class='ocrx_word' id='word_1_264' title='bbox 843 3809 921 3856; x_wconf 81' lang='lat' dir='ltr'>lucem</span> <span class='ocrx_word' id='word_1_265' title='bbox 934 3809 1081 3872; x_wconf 83' lang='lat' dir='ltr'>producitur</span> <span class='ocrx_word' id='word_1_266' title='bbox 1091 3810 1160 3872; x_wconf 77' lang='lat' dir='ltr'>parvi</span> <span class='ocrx_word' id='word_1_267' title='bbox 1171 3808 1239 3856; x_wconf 76' lang='lat' dir='ltr'>lucit.</span> 
     </span>
     <span class='ocr_line' id='line_1_34' title="bbox 250 3886 1320 3952; baseline -0.002 -16"><span class='ocrx_word' id='word_1_268' title='bbox 250 3890 363 3938; x_wconf 72' lang='lat' dir='ltr'>ctoritate</span> <span class='ocrx_word' id='word_1_269' title='bbox 375 3886 484 3936; x_wconf 83' lang='lat' dir='ltr'>Tullium</span> <span class='ocrx_word' id='word_1_270' title='bbox 497 3887 523 3933; x_wconf 87' lang='lat' dir='ltr'>in</span> <span class='ocrx_word' id='word_1_271' title='bbox 541 3887 662 3934; x_wconf 77' lang='lat' dir='ltr'>concione</span> <span class='ocrx_word' id='word_1_272' title='bbox 676 3895 761 3934; x_wconf 75' lang='lat' dir='ltr'>contre</span> <span class='ocrx_word' id='word_1_273' title='bbox 843 3889 867 3937; x_wconf 80' lang='grc'>3.</span> <span class='ocrx_word' id='word_1_274' title='bbox 887 3889 966 3950; x_wconf 61' lang='lat' dir='ltr'>Qum</span> <span class='ocrx_word' id='word_1_275' title='bbox 985 3900 1046 3936; x_wconf 77' lang='lat' dir='ltr'>essee</span> <span class='ocrx_word' id='word_1_276' title='bbox 1066 3887 1100 3935; x_wconf 86' lang='lat' dir='ltr'>itu</span> <span class='ocrx_word' id='word_1_277' title='bbox 1116 3903 1265 3952; x_wconf 60' lang='lat' dir='ltr'>ramnum.</span> <span class='ocrx_word' id='word_1_278' title='bbox 1281 3886 1320 3934; x_wconf 81' lang='lat' dir='ltr'>Ab</span> 
     </span>
     <span class='ocr_line' id='line_1_35' title="bbox 250 3955 1017 4030; baseline -0.003 -15"><span class='ocrx_word' id='word_1_279' title='bbox 250 3955 379 4015; x_wconf 77' lang='lat' dir='ltr'>Catilinam</span> <span class='ocrx_word' id='word_1_280' title='bbox 402 3981 472 4014; x_wconf 82' lang='lat' dir='ltr'>nuum</span> <span class='ocrx_word' id='word_1_281' title='bbox 497 3965 605 4014; x_wconf 84' lang='lat' dir='ltr'>scribit:</span> <span class='ocrx_word' id='word_1_282' title='bbox 638 3965 762 4029; x_wconf 57' lang='lat' dir='ltr'>dignum</span> <span class='ocrx_word' id='word_1_283' title='bbox 806 3965 970 4030; x_wconf 82' lang='lat' dir='ltr'>amepicibm.</span> <span class='ocrx_word' id='word_1_284' title='bbox 1012 3963 1017 3982; x_wconf 96' lang='lat'><em>&#39;</em></span> 
     </span>
    </p>

    <p class='ocr_par' dir='ltr' id='par_1_10' title="bbox 249 4042 1320 4173">
     <span class='ocr_line' id='line_1_36' title="bbox 250 4042 1320 4110; baseline -0.004 -17"><span class='ocrx_word' id='word_1_285' title='bbox 250 4046 322 4093; x_wconf 81' lang='lat' dir='ltr'>Jovis</span> <span class='ocrx_word' id='word_1_286' title='bbox 350 4046 470 4094; x_wconf 79' lang='lat' dir='ltr'>columne</span> <span class='ocrx_word' id='word_1_287' title='bbox 498 4045 640 4109; x_wconf 80' lang='lat' dir='ltr'>impositum</span> <span class='ocrx_word' id='word_1_288' title='bbox 669 4045 762 4110; x_wconf 86' lang='lat' dir='ltr'>populo</span> <span class='ocrx_word' id='word_1_289' title='bbox 843 4053 866 4102; x_wconf 73' lang='grc'>1.</span> <span class='ocrx_word' id='word_1_290' title='bbox 886 4045 969 4095; x_wconf 69' lang='lat' dir='ltr'>Grec.</span> <span class='ocrx_word' id='word_1_291' title='bbox 990 4043 1055 4094; x_wconf 77' lang='lat' dir='ltr'>otu.</span> <span class='ocrx_word' id='word_1_292' title='bbox 1072 4043 1169 4094; x_wconf 69' lang='lat' dir='ltr'>Iullum.</span> <span class='ocrx_word' id='word_1_293' title='bbox 1183 4057 1231 4109; x_wconf 66' lang='lat' dir='ltr'>pa</span> <span class='ocrx_word' id='word_1_294' title='bbox 1249 4042 1320 4090; x_wconf 79' lang='lat' dir='ltr'>cives.</span> 
     </span>
     <span class='ocr_line' id='line_1_37' title="bbox 249 4123 911 4173; baseline 0.003 -2"><span class='ocrx_word' id='word_1_295' title='bbox 249 4123 354 4172; x_wconf 81' lang='lat' dir='ltr'>ostendit</span> <span class='ocrx_word' id='word_1_296' title='bbox 366 4145 386 4171; x_wconf 68' lang='grc' dir='ltr'>ι.</span> <span class='ocrx_word' id='word_1_297' title='bbox 807 4125 832 4173; x_wconf 85' lang='lat' dir='ltr'>J.</span> <span class='ocrx_word' id='word_1_298' title='bbox 840 4126 873 4173; x_wconf 77' lang='lat' dir='ltr'>V.</span> <span class='ocrx_word' id='word_1_299' title='bbox 885 4125 911 4173; x_wconf 77' lang='lat' dir='ltr'>L.</span> 
     </span>
    </p>
   </div>
   <div class='ocr_carea' id='block_1_6' title="bbox 0 0 1518 4680">
    <p class='ocr_par' dir='ltr' id='par_1_11' title="bbox 0 0 1518 4680">
     <span class='ocr_line' id='line_1_38' title="bbox 0 0 1518 4680; baseline 0 3"><span class='ocrx_word' id='word_1_300' title='bbox 0 0 1518 4680; x_wconf 95' lang='lat' dir='ltr'> </span> 
     </span>
    </p>
   </div>
  </div>
 </body>
</html>
