<?xml version="1.0" encoding="UTF-8"?>
<!DOCTYPE html PUBLIC "-//W3C//DTD XHTML 1.0 Transitional//EN"
    "http://www.w3.org/TR/xhtml1/DTD/xhtml1-transitional.dtd">
<html xmlns="http://www.w3.org/1999/xhtml" xml:lang="en" lang="en">
 <head>
  <title>
</title>
<meta http-equiv="Content-Type" content="text/html;charset=utf-8" />
  <meta name='ocr-system' content='tesseract 3.04.00' />
  <meta name='ocr-capabilities' content='ocr_page ocr_carea ocr_par ocr_line ocrx_word'/>
</head>
<body>
  <div class='ocr_page' id='page_1' title='image "./mtciceronisquae00lemagoog_0012.png"; bbox 0 0 2962 4682; ppageno 0'>
   <div class='ocr_carea' id='block_1_1' title="bbox 168 377 1222 423">
    <p class='ocr_par' dir='ltr' id='par_1_1' title="bbox 168 377 1222 423">
     <span class='ocr_line' id='line_1_1' title="bbox 168 377 1222 423; baseline 0.005 -5"><span class='ocrx_word' id='word_1_1' title='bbox 168 377 1130 422; x_wconf 53' lang='lat' dir='ltr'><strong>mmmfflmmmffw</strong></span> <span class='ocrx_word' id='word_1_2' title='bbox 1133 401 1222 423; x_wconf 59' lang='lat' dir='ltr'><strong>mm</strong></span> 
     </span>
    </p>
   </div>
   <div class='ocr_carea' id='block_1_2' title="bbox 416 622 978 730">
    <p class='ocr_par' dir='ltr' id='par_1_2' title="bbox 416 622 978 730">
     <span class='ocr_line' id='line_1_2' title="bbox 416 622 978 730; baseline 0.002 -3"><span class='ocrx_word' id='word_1_3' title='bbox 416 622 978 730; x_wconf 86' lang='lat' dir='ltr'><strong>ARGUMENTUM.</strong></span> 
     </span>
    </p>
   </div>
   <div class='ocr_carea' id='block_1_3' title="bbox 154 883 1249 4164">
    <p class='ocr_par' dir='ltr' id='par_1_3' title="bbox 168 883 1241 2611">
     <span class='ocr_line' id='line_1_3' title="bbox 168 883 1231 966; baseline 0.002 -20"><span class='ocrx_word' id='word_1_4' title='bbox 168 884 488 964; x_wconf 81' lang='lat' dir='ltr'><strong>Cn.Pom&#39;peiuan.F.</strong></span> <span class='ocrx_word' id='word_1_5' title='bbox 499 887 564 943; x_wconf 85' lang='lat' dir='ltr'><strong>Sex.</strong></span> <span class='ocrx_word' id='word_1_6' title='bbox 572 883 786 962; x_wconf 88' lang='lat' dir='ltr'><strong>N.cognomine</strong></span> <span class='ocrx_word' id='word_1_7' title='bbox 794 887 918 963; x_wconf 84' lang='lat' dir='ltr'><strong>Magnus</strong></span> <span class='ocrx_word' id='word_1_8' title='bbox 926 899 1012 947; x_wconf 91' lang='lat' dir='ltr'><strong>natus</strong></span> <span class='ocrx_word' id='word_1_9' title='bbox 1021 908 1066 946; x_wconf 92' lang='lat' dir='ltr'><strong>an.</strong></span> <span class='ocrx_word' id='word_1_10' title='bbox 1076 893 1114 949; x_wconf 89' lang='lat' dir='ltr'><strong>U.</strong></span> <span class='ocrx_word' id='word_1_11' title='bbox 1124 891 1231 966; x_wconf 75' lang='lat' dir='ltr'><strong>c.6a7,</strong></span> 
     </span>
     <span class='ocr_line' id='line_1_4' title="bbox 208 981 1234 1062; baseline 0.006 -20"><span class='ocrx_word' id='word_1_12' title='bbox 208 987 239 1042; x_wconf 91' lang='lat' dir='ltr'><strong>C.</strong></span> <span class='ocrx_word' id='word_1_13' title='bbox 248 981 336 1040; x_wconf 79' lang='lat' dir='ltr'><strong>aritio</strong></span> <span class='ocrx_word' id='word_1_14' title='bbox 349 985 481 1054; x_wconf 75' lang='lat' dir='ltr'><strong>Semano,</strong></span> <span class='ocrx_word' id='word_1_15' title='bbox 491 985 526 1054; x_wconf 92' lang='lat' dir='ltr'><strong>Q.</strong></span> <span class='ocrx_word' id='word_1_16' title='bbox 539 981 662 1042; x_wconf 89' lang='lat' dir='ltr'><strong>Servilio</strong></span> <span class='ocrx_word' id='word_1_17' title='bbox 674 981 810 1060; x_wconf 88' lang='lat' dir='ltr'><strong>Caepione</strong></span> <span class='ocrx_word' id='word_1_18' title='bbox 819 997 891 1040; x_wconf 89' lang='lat' dir='ltr'><strong>coss.</strong></span> <span class='ocrx_word' id='word_1_19' title='bbox 898 997 1052 1062; x_wconf 89' lang='lat' dir='ltr'><strong>postquam</strong></span> <span class='ocrx_word' id='word_1_20' title='bbox 1062 986 1091 1044; x_wconf 93' lang='lat' dir='ltr'><strong>in</strong></span> <span class='ocrx_word' id='word_1_21' title='bbox 1103 989 1234 1048; x_wconf 85' lang='lat' dir='ltr'><strong>exercitu</strong></span> 
     </span>
     <span class='ocr_line' id='line_1_5' title="bbox 207 1077 1235 1158; baseline 0.007 -21"><span class='ocrx_word' id='word_1_22' title='bbox 207 1081 358 1158; x_wconf 88' lang='lat' dir='ltr'><strong>patrisCu.</strong></span> <span class='ocrx_word' id='word_1_23' title='bbox 371 1078 502 1156; x_wconf 90' lang='lat' dir='ltr'><strong>Pompeii</strong></span> <span class='ocrx_word' id='word_1_24' title='bbox 513 1077 664 1138; x_wconf 80' lang='lat' dir='ltr'><strong>Strabonis</strong></span> <span class='ocrx_word' id='word_1_25' title='bbox 680 1078 813 1136; x_wconf 91' lang='lat' dir='ltr'><strong>tirocinia</strong></span> <span class='ocrx_word' id='word_1_26' title='bbox 829 1079 945 1151; x_wconf 77' lang='lat' dir='ltr'><strong>fecerat,</strong></span> <span class='ocrx_word' id='word_1_27' title='bbox 957 1086 1076 1142; x_wconf 90' lang='lat' dir='ltr'><strong>annoU.</strong></span> <span class='ocrx_word' id='word_1_28' title='bbox 1087 1083 1155 1156; x_wconf 87' lang='lat'><strong>670,</strong></span> <span class='ocrx_word' id='word_1_29' title='bbox 1167 1105 1235 1144; x_wconf 89' lang='lat' dir='ltr'><strong>cum</strong></span> 
     </span>
     <span class='ocr_line' id='line_1_6' title="bbox 209 1173 1237 1258; baseline 0.007 -24"><span class='ocrx_word' id='word_1_30' title='bbox 209 1175 302 1234; x_wconf 89' lang='lat' dir='ltr'><strong>tribus</strong></span> <span class='ocrx_word' id='word_1_31' title='bbox 317 1173 479 1254; x_wconf 78' lang='lat' dir='ltr'>legionibus</span> <span class='ocrx_word' id='word_1_32' title='bbox 492 1195 546 1233; x_wconf 90' lang='lat' dir='ltr'><strong>suo</strong></span> <span class='ocrx_word' id='word_1_33' title='bbox 559 1195 616 1233; x_wconf 84' lang='lat' dir='ltr'><strong>aere</strong></span> <span class='ocrx_word' id='word_1_34' title='bbox 630 1173 779 1234; x_wconf 90' lang='lat' dir='ltr'><strong>conductis</strong></span> <span class='ocrx_word' id='word_1_35' title='bbox 791 1181 824 1234; x_wconf 90' lang='lat' dir='ltr'><strong>L.</strong></span> <span class='ocrx_word' id='word_1_36' title='bbox 839 1177 966 1235; x_wconf 91' lang='lat' dir='ltr'><strong>Cornelii</strong></span> <span class='ocrx_word' id='word_1_37' title='bbox 977 1178 1064 1237; x_wconf 80' lang='lat' dir='ltr'><strong>Sullae</strong></span> <span class='ocrx_word' id='word_1_38' title='bbox 1078 1193 1176 1258; x_wconf 89' lang='lat' dir='ltr'><strong>partes</strong></span> <span class='ocrx_word' id='word_1_39' title='bbox 1189 1203 1237 1240; x_wconf 89' lang='lat' dir='ltr'><strong>se-</strong></span> 
     </span>
     <span class='ocr_line' id='line_1_7' title="bbox 208 1271 1238 1354; baseline 0.006 -24"><span class='ocrx_word' id='word_1_40' title='bbox 208 1285 316 1350; x_wconf 90' lang='lat' dir='ltr'><strong>quutus</strong></span> <span class='ocrx_word' id='word_1_41' title='bbox 326 1284 377 1344; x_wconf 91' lang='lat' dir='ltr'><strong>est,</strong></span> <span class='ocrx_word' id='word_1_42' title='bbox 393 1291 513 1350; x_wconf 89' lang='lat' dir='ltr'><strong>remque</strong></span> <span class='ocrx_word' id='word_1_43' title='bbox 526 1272 664 1330; x_wconf 90' lang='lat' dir='ltr'><strong>adversus</strong></span> <span class='ocrx_word' id='word_1_44' title='bbox 677 1271 738 1350; x_wconf 87' lang='lat' dir='ltr'><strong>ejus</strong></span> <span class='ocrx_word' id='word_1_45' title='bbox 752 1272 850 1330; x_wconf 87' lang='lat' dir='ltr'><strong>hostes</strong></span> <span class='ocrx_word' id='word_1_46' title='bbox 863 1272 893 1330; x_wconf 89' lang='lat' dir='ltr'><strong>in</strong></span> <span class='ocrx_word' id='word_1_47' title='bbox 907 1273 990 1332; x_wconf 89' lang='lat' dir='ltr'><strong>Italia</strong></span> <span class='ocrx_word' id='word_1_48' title='bbox 1007 1274 1127 1333; x_wconf 73' lang='lat' dir='ltr'>feliciter</span> <span class='ocrx_word' id='word_1_49' title='bbox 1138 1279 1238 1354; x_wconf 79' lang='lat' dir='ltr'><strong>gessit,</strong></span> 
     </span>
     <span class='ocr_line' id='line_1_8' title="bbox 209 1369 1239 1452; baseline 0.004 -24"><span class='ocrx_word' id='word_1_50' title='bbox 209 1369 480 1429; x_wconf 83' lang='lat' dir='ltr'><strong>aSullahonorilice</strong></span> <span class='ocrx_word' id='word_1_51' title='bbox 488 1381 662 1446; x_wconf 86' lang='lat' dir='ltr'><strong>exceptuset</strong></span> <span class='ocrx_word' id='word_1_52' title='bbox 673 1371 837 1446; x_wconf 81' lang='lat' dir='ltr'><strong>Imperator</strong></span> <span class='ocrx_word' id='word_1_53' title='bbox 850 1369 998 1428; x_wconf 90' lang='lat' dir='ltr'><strong>salutatus.</strong></span> <span class='ocrx_word' id='word_1_54' title='bbox 1010 1377 1097 1431; x_wconf 78' lang='lat' dir='ltr'><strong>Auno</strong></span> <span class='ocrx_word' id='word_1_55' title='bbox 1106 1375 1239 1452; x_wconf 86' lang='lat' dir='ltr'><strong>sequenti</strong></span> 
     </span>
     <span class='ocr_line' id='line_1_9' title="bbox 207 1464 1239 1542; baseline 0.006 -19"><span class='ocrx_word' id='word_1_56' title='bbox 207 1465 237 1523; x_wconf 90' lang='lat' dir='ltr'><strong>in</strong></span> <span class='ocrx_word' id='word_1_57' title='bbox 250 1465 376 1523; x_wconf 88' lang='lat' dir='ltr'><strong>Siciliam</strong></span> <span class='ocrx_word' id='word_1_58' title='bbox 393 1484 458 1522; x_wconf 89' lang='lat' dir='ltr'><strong>cum</strong></span> <span class='ocrx_word' id='word_1_59' title='bbox 471 1464 596 1542; x_wconf 90' lang='lat' dir='ltr'><strong>imperio</strong></span> <span class='ocrx_word' id='word_1_60' title='bbox 611 1465 714 1523; x_wconf 89' lang='lat' dir='ltr'><strong>missus</strong></span> <span class='ocrx_word' id='word_1_61' title='bbox 728 1466 813 1525; x_wconf 87' lang='lat' dir='ltr'><strong>Sullae</strong></span> <span class='ocrx_word' id='word_1_62' title='bbox 828 1465 1010 1526; x_wconf 89' lang='lat' dir='ltr'><strong>adversarios</strong></span> <span class='ocrx_word' id='word_1_63' title='bbox 1024 1467 1142 1542; x_wconf 90' lang='lat' dir='ltr'><strong>devicit,</strong></span> <span class='ocrx_word' id='word_1_64' title='bbox 1157 1471 1239 1529; x_wconf 89' lang='lat' dir='ltr'><strong>iasu-</strong></span> 
     </span>
     <span class='ocr_line' id='line_1_10' title="bbox 209 1558 1237 1638; baseline 0.008 -20"><span class='ocrx_word' id='word_1_65' title='bbox 209 1561 266 1620; x_wconf 89' lang='lat' dir='ltr'><strong>lam</strong></span> <span class='ocrx_word' id='word_1_66' title='bbox 282 1560 411 1637; x_wconf 91' lang='lat' dir='ltr'><strong>recepit,</strong></span> <span class='ocrx_word' id='word_1_67' title='bbox 434 1563 486 1618; x_wconf 83' lang='lat' dir='ltr'><strong>Cn.</strong></span> <span class='ocrx_word' id='word_1_68' title='bbox 501 1558 665 1618; x_wconf 82' lang='lat' dir='ltr'><strong>Carbonem</strong></span> <span class='ocrx_word' id='word_1_69' title='bbox 682 1561 846 1630; x_wconf 89' lang='lat' dir='ltr'><strong>consulem,</strong></span> <span class='ocrx_word' id='word_1_70' title='bbox 862 1562 963 1638; x_wconf 86' lang='lat' dir='ltr'><strong>quiex</strong></span> <span class='ocrx_word' id='word_1_71' title='bbox 979 1563 1079 1624; x_wconf 82' lang='lat' dir='ltr'><strong>Africa</strong></span> <span class='ocrx_word' id='word_1_72' title='bbox 1095 1565 1237 1637; x_wconf 85' lang='lat' dir='ltr'><strong>redierat,</strong></span> 
     </span>
     <span class='ocr_line' id='line_1_11' title="bbox 208 1655 1239 1740; baseline 0.007 -24"><span class='ocrx_word' id='word_1_73' title='bbox 208 1672 324 1736; x_wconf 90' lang='lat' dir='ltr'><strong>captum</strong></span> <span class='ocrx_word' id='word_1_74' title='bbox 335 1657 488 1714; x_wconf 89' lang='lat' dir='ltr'><strong>interfecit.</strong></span> <span class='ocrx_word' id='word_1_75' title='bbox 500 1663 557 1715; x_wconf 81' lang='lat' dir='ltr'><strong>Aa.</strong></span> <span class='ocrx_word' id='word_1_76' title='bbox 568 1658 640 1730; x_wconf 79' lang='lat'><strong>672,</strong></span> <span class='ocrx_word' id='word_1_77' title='bbox 649 1655 732 1733; x_wconf 90' lang='lat' dir='ltr'><strong>jussu</strong></span> <span class='ocrx_word' id='word_1_78' title='bbox 746 1658 832 1716; x_wconf 84' lang='lat' dir='ltr'><strong>Sullae</strong></span> <span class='ocrx_word' id='word_1_79' title='bbox 844 1677 860 1715; x_wconf 90' lang='lat' dir='ltr'><strong>e</strong></span> <span class='ocrx_word' id='word_1_80' title='bbox 877 1659 974 1719; x_wconf 89' lang='lat' dir='ltr'><strong>Sicilia</strong></span> <span class='ocrx_word' id='word_1_81' title='bbox 984 1681 1050 1718; x_wconf 90' lang='lat' dir='ltr'><strong>curn</strong></span> <span class='ocrx_word' id='word_1_82' title='bbox 1062 1663 1191 1740; x_wconf 90' lang='lat' dir='ltr'><strong>quinque</strong></span> <span class='ocrx_word' id='word_1_83' title='bbox 1201 1665 1239 1723; x_wconf 91' lang='lat' dir='ltr'><strong>le·</strong></span> 
     </span>
     <span class='ocr_line' id='line_1_12' title="bbox 208 1752 1240 1834; baseline 0.007 -21"><span class='ocrx_word' id='word_1_84' title='bbox 208 1753 345 1834; x_wconf 88' lang='lat' dir='ltr'><strong>gionibus</strong></span> <span class='ocrx_word' id='word_1_85' title='bbox 356 1755 386 1812; x_wconf 92' lang='lat' dir='ltr'><strong>in</strong></span> <span class='ocrx_word' id='word_1_86' title='bbox 397 1754 523 1812; x_wconf 77' lang='lat' dir='ltr'><strong>Africam</strong></span> <span class='ocrx_word' id='word_1_87' title='bbox 535 1752 766 1831; x_wconf 89' lang='lat' dir='ltr'><strong>trajecit,ibique</strong></span> <span class='ocrx_word' id='word_1_88' title='bbox 775 1757 826 1812; x_wconf 92' lang='lat' dir='ltr'><strong>Cn.</strong></span> <span class='ocrx_word' id='word_1_89' title='bbox 841 1757 999 1815; x_wconf 89' lang='lat' dir='ltr'><strong>Domitium</strong></span> <span class='ocrx_word' id='word_1_90' title='bbox 1010 1759 1240 1820; x_wconf 79' lang='lat' dir='ltr'><strong>Ahenobarbum</strong></span> 
     </span>
     <span class='ocr_line' id='line_1_13' title="bbox 208 1850 1241 1933; baseline 0.007 -23"><span class='ocrx_word' id='word_1_91' title='bbox 208 1852 295 1910; x_wconf 87' lang='lat' dir='ltr'><strong>Marii</strong></span> <span class='ocrx_word' id='word_1_92' title='bbox 308 1853 523 1930; x_wconf 90' lang='lat' dir='ltr'><strong>propinquum,</strong></span> <span class='ocrx_word' id='word_1_93' title='bbox 545 1850 644 1909; x_wconf 86' lang='lat' dir='ltr'><strong>Cinnae</strong></span> <span class='ocrx_word' id='word_1_94' title='bbox 658 1870 813 1928; x_wconf 78' lang='lat' dir='ltr'><strong>generum,</strong></span> <span class='ocrx_word' id='word_1_95' title='bbox 833 1853 935 1928; x_wconf 88' lang='lat' dir='ltr'><strong>praelio</strong></span> <span class='ocrx_word' id='word_1_96' title='bbox 957 1854 1063 1914; x_wconf 86' lang='lat' dir='ltr'><strong>victum</strong></span> <span class='ocrx_word' id='word_1_97' title='bbox 1081 1855 1241 1933; x_wconf 89' lang='lat' dir='ltr'><strong>interfecit,</strong></span> 
     </span>
     <span class='ocr_line' id='line_1_14' title="bbox 208 1947 1241 2028; baseline 0.01 -21"><span class='ocrx_word' id='word_1_98' title='bbox 208 1949 408 2027; x_wconf 82' lang='lat' dir='ltr'><strong>victoremque</strong></span> <span class='ocrx_word' id='word_1_99' title='bbox 418 1948 576 2006; x_wconf 86' lang='lat' dir='ltr'><strong>exercitum</strong></span> <span class='ocrx_word' id='word_1_100' title='bbox 588 1947 618 2004; x_wconf 90' lang='lat' dir='ltr'><strong>in</strong></span> <span class='ocrx_word' id='word_1_101' title='bbox 629 1948 743 2006; x_wconf 90' lang='lat' dir='ltr'><strong>ltaliam</strong></span> <span class='ocrx_word' id='word_1_102' title='bbox 755 1950 933 2025; x_wconf 83' lang='lat' dir='ltr'><strong>reportavit3</strong></span> <span class='ocrx_word' id='word_1_103' title='bbox 948 1963 1075 2028; x_wconf 90' lang='lat' dir='ltr'><strong>etquum</strong></span> <span class='ocrx_word' id='word_1_104' title='bbox 1084 1955 1120 2011; x_wconf 96' lang='lat' dir='ltr'><strong>ad</strong></span> <span class='ocrx_word' id='word_1_105' title='bbox 1129 1956 1241 2017; x_wconf 84' lang='lat' dir='ltr'><strong>Urbem</strong></span> 
     </span>
     <span class='ocr_line' id='line_1_15' title="bbox 210 2045 1240 2132; baseline 0.009 -27"><span class='ocrx_word' id='word_1_106' title='bbox 210 2047 392 2119; x_wconf 83' lang='lat' dir='ltr'><strong>accessisset,</strong></span> <span class='ocrx_word' id='word_1_107' title='bbox 408 2067 425 2104; x_wconf 84' lang='lat' dir='ltr'><strong>a</strong></span> <span class='ocrx_word' id='word_1_108' title='bbox 445 2045 524 2105; x_wconf 91' lang='lat' dir='ltr'><strong>Sulla</strong></span> <span class='ocrx_word' id='word_1_109' title='bbox 541 2045 713 2123; x_wconf 80' lang='lat' dir='ltr'><strong>cognomine</strong></span> <span class='ocrx_word' id='word_1_110' title='bbox 733 2045 832 2121; x_wconf 82' lang='lat' dir='ltr'><strong>Magni</strong></span> <span class='ocrx_word' id='word_1_111' title='bbox 852 2059 970 2105; x_wconf 90' lang='lat' dir='ltr'><strong>ornatus</strong></span> <span class='ocrx_word' id='word_1_112' title='bbox 984 2062 1041 2118; x_wconf 87' lang='lat' dir='ltr'><strong>est,</strong></span> <span class='ocrx_word' id='word_1_113' title='bbox 1060 2050 1240 2132; x_wconf 87' lang='lat' dir='ltr'><strong>triumphum</strong></span> 
     </span>
     <span class='ocr_line' id='line_1_16' title="bbox 209 2141 1240 2228; baseline 0.009 -27"><span class='ocrx_word' id='word_1_114' title='bbox 209 2163 342 2222; x_wconf 90' lang='lat' dir='ltr'><strong>quoque,</strong></span> <span class='ocrx_word' id='word_1_115' title='bbox 366 2144 500 2220; x_wconf 88' lang='lat' dir='ltr'><strong>quamvis</strong></span> <span class='ocrx_word' id='word_1_116' title='bbox 516 2143 659 2202; x_wconf 80' lang='lat' dir='ltr'><strong>renitente</strong></span> <span class='ocrx_word' id='word_1_117' title='bbox 679 2141 888 2219; x_wconf 89' lang='lat' dir='ltr'><strong>aliquantulum</strong></span> <span class='ocrx_word' id='word_1_118' title='bbox 905 2144 1066 2217; x_wconf 87' lang='lat' dir='ltr'><strong>dictatore,</strong></span> <span class='ocrx_word' id='word_1_119' title='bbox 1086 2161 1240 2228; x_wconf 87' lang='lat' dir='ltr'><strong>antequam</strong></span> 
     </span>
     <span class='ocr_line' id='line_1_17' title="bbox 209 2239 1240 2324; baseline 0.008 -26"><span class='ocrx_word' id='word_1_120' title='bbox 209 2241 240 2298; x_wconf 92' lang='lat' dir='ltr'><strong>iu</strong></span> <span class='ocrx_word' id='word_1_121' title='bbox 255 2253 386 2298; x_wconf 88' lang='lat' dir='ltr'><strong>senatum</strong></span> <span class='ocrx_word' id='word_1_122' title='bbox 399 2239 535 2313; x_wconf 82' lang='lat' dir='ltr'><strong>venisset,</strong></span> <span class='ocrx_word' id='word_1_123' title='bbox 545 2259 633 2316; x_wconf 89' lang='lat' dir='ltr'><strong>eques</strong></span> <span class='ocrx_word' id='word_1_124' title='bbox 642 2239 816 2316; x_wconf 86' lang='lat' dir='ltr'><strong>impetravit.</strong></span> <span class='ocrx_word' id='word_1_125' title='bbox 825 2243 882 2297; x_wconf 81' lang='lat' dir='ltr'><strong>An.</strong></span> <span class='ocrx_word' id='word_1_126' title='bbox 893 2244 932 2300; x_wconf 89' lang='lat' dir='ltr'><strong>U.</strong></span> <span class='ocrx_word' id='word_1_127' title='bbox 943 2245 976 2300; x_wconf 92' lang='lat' dir='ltr'><strong>C.</strong></span> <span class='ocrx_word' id='word_1_128' title='bbox 989 2242 1057 2315; x_wconf 84' lang='lat'><strong>675,</strong></span> <span class='ocrx_word' id='word_1_129' title='bbox 1071 2260 1139 2324; x_wconf 89' lang='lat' dir='ltr'><strong>post</strong></span> <span class='ocrx_word' id='word_1_130' title='bbox 1152 2249 1240 2307; x_wconf 78' lang='lat' dir='ltr'><strong>Sullae</strong></span> 
     </span>
     <span class='ocr_line' id='line_1_18' title="bbox 210 2335 1240 2414; baseline 0.009 -17"><span class='ocrx_word' id='word_1_131' title='bbox 210 2351 349 2410; x_wconf 87' lang='lat' dir='ltr'><strong>mortem,</strong></span> <span class='ocrx_word' id='word_1_132' title='bbox 371 2338 471 2395; x_wconf 90' lang='lat' dir='ltr'><strong>consul</strong></span> <span class='ocrx_word' id='word_1_133' title='bbox 490 2341 531 2394; x_wconf 89' lang='grc' dir='ltr'><strong>Μ.</strong></span> <span class='ocrx_word' id='word_1_134' title='bbox 549 2336 681 2395; x_wconf 85' lang='lat' dir='ltr'><strong>AErnilius</strong></span> <span class='ocrx_word' id='word_1_135' title='bbox 700 2335 845 2414; x_wconf 86' lang='lat' dir='ltr'><strong>Lepidus,</strong></span> <span class='ocrx_word' id='word_1_136' title='bbox 867 2337 914 2396; x_wconf 90' lang='lat' dir='ltr'><strong>cui</strong></span> <span class='ocrx_word' id='word_1_137' title='bbox 935 2341 1100 2402; x_wconf 87' lang='lat' dir='ltr'><strong>consolatus</strong></span> <span class='ocrx_word' id='word_1_138' title='bbox 1116 2346 1240 2406; x_wconf 86' lang='lat' dir='ltr'><strong>maxime</strong></span> 
     </span>
     <span class='ocr_line' id='line_1_19' title="bbox 210 2433 1240 2518; baseline 0.007 -23"><span class='ocrx_word' id='word_1_139' title='bbox 210 2436 341 2514; x_wconf 88' lang='lat' dir='ltr'><strong>Pompeii</strong></span> <span class='ocrx_word' id='word_1_140' title='bbox 350 2436 518 2494; x_wconf 90' lang='lat' dir='ltr'><strong>auctoritate</strong></span> <span class='ocrx_word' id='word_1_141' title='bbox 531 2433 687 2511; x_wconf 79' lang='lat' dir='ltr'><strong>obtigerat,</strong></span> <span class='ocrx_word' id='word_1_142' title='bbox 698 2453 788 2510; x_wconf 90' lang='lat' dir='ltr'><strong>quum</strong></span> <span class='ocrx_word' id='word_1_143' title='bbox 797 2448 859 2493; x_wconf 85' lang='lat' dir='ltr'><strong>acta</strong></span> <span class='ocrx_word' id='word_1_144' title='bbox 869 2437 956 2496; x_wconf 86' lang='lat' dir='ltr'><strong>Sullae</strong></span> <span class='ocrx_word' id='word_1_145' title='bbox 967 2439 1133 2500; x_wconf 87' lang='lat' dir='ltr'><strong>rescindere</strong></span> <span class='ocrx_word' id='word_1_146' title='bbox 1144 2443 1240 2518; x_wconf 84' lang='lat' dir='ltr'><strong>vellet,</strong></span> 
     </span>
     <span class='ocr_line' id='line_1_20' title="bbox 209 2530 1241 2611; baseline 0.008 -19"><span class='ocrx_word' id='word_1_147' title='bbox 209 2533 314 2611; x_wconf 90' lang='lat' dir='ltr'><strong>inquo</strong></span> <span class='ocrx_word' id='word_1_148' title='bbox 332 2532 465 2591; x_wconf 87' lang='lat' dir='ltr'><strong>Catulum</strong></span> <span class='ocrx_word' id='word_1_149' title='bbox 482 2530 622 2610; x_wconf 83' lang='lat' dir='ltr'><strong>collegam</strong></span> <span class='ocrx_word' id='word_1_150' title='bbox 635 2543 736 2588; x_wconf 86' lang='lat' dir='ltr'><strong>nactus</strong></span> <span class='ocrx_word' id='word_1_151' title='bbox 754 2545 797 2590; x_wconf 90' lang='lat' dir='ltr'><strong>est</strong></span> <span class='ocrx_word' id='word_1_152' title='bbox 817 2532 871 2590; x_wconf 91' lang='lat' dir='ltr'><strong>sibi</strong></span> <span class='ocrx_word' id='word_1_153' title='bbox 894 2533 1108 2610; x_wconf 84' lang='lat' dir='ltr'><strong>adversantem,</strong></span> <span class='ocrx_word' id='word_1_154' title='bbox 1123 2554 1241 2602; x_wconf 90' lang='lat' dir='ltr'><strong>coactus</strong></span> 
     </span>
    </p>

    <p class='ocr_par' dir='ltr' id='par_1_4' title="bbox 154 2627 1249 4164">
     <span class='ocr_line' id='line_1_21' title="bbox 154 2627 1241 2716; baseline 0.009 -27"><span class='ocrx_word' id='word_1_155' title='bbox 154 2650 158 2661; x_wconf 91' lang='lat'><strong>·</strong></span> <span class='ocrx_word' id='word_1_156' title='bbox 209 2630 296 2690; x_wconf 85' lang='lat' dir='ltr'><strong>estin</strong></span> <span class='ocrx_word' id='word_1_157' title='bbox 312 2628 494 2708; x_wconf 84' lang='lat' dir='ltr'><strong>provinciam</strong></span> <span class='ocrx_word' id='word_1_158' title='bbox 508 2628 631 2687; x_wconf 87' lang='lat' dir='ltr'><strong>Galliam</strong></span> <span class='ocrx_word' id='word_1_159' title='bbox 647 2627 808 2702; x_wconf 81' lang='lat' dir='ltr'><strong>discedere3</strong></span> <span class='ocrx_word' id='word_1_160' title='bbox 822 2631 853 2688; x_wconf 92' lang='lat' dir='ltr'><strong>in</strong></span> <span class='ocrx_word' id='word_1_161' title='bbox 865 2651 952 2709; x_wconf 89' lang='lat' dir='ltr'><strong>quam</strong></span> <span class='ocrx_word' id='word_1_162' title='bbox 963 2646 1057 2692; x_wconf 88' lang='lat' dir='ltr'><strong>tamen</strong></span> <span class='ocrx_word' id='word_1_163' title='bbox 1069 2656 1127 2696; x_wconf 87' lang='lat' dir='ltr'><strong>non</strong></span> <span class='ocrx_word' id='word_1_164' title='bbox 1140 2659 1241 2716; x_wconf 86' lang='lat' dir='ltr'><strong>perve-</strong></span> 
     </span>
     <span class='ocr_line' id='line_1_22' title="bbox 210 2723 1240 2808; baseline 0.011 -23"><span class='ocrx_word' id='word_1_165' title='bbox 210 2727 270 2796; x_wconf 91' lang='lat' dir='ltr'><strong>nit,</strong></span> <span class='ocrx_word' id='word_1_166' title='bbox 289 2725 340 2785; x_wconf 91' lang='lat' dir='ltr'><strong>sed</strong></span> <span class='ocrx_word' id='word_1_167' title='bbox 354 2726 384 2782; x_wconf 90' lang='lat' dir='ltr'><strong>iu</strong></span> <span class='ocrx_word' id='word_1_168' title='bbox 398 2724 514 2784; x_wconf 85' lang='lat' dir='ltr'><strong>Etruria</strong></span> <span class='ocrx_word' id='word_1_169' title='bbox 528 2723 648 2796; x_wconf 90' lang='lat' dir='ltr'><strong>mansit,</strong></span> <span class='ocrx_word' id='word_1_170' title='bbox 664 2738 771 2782; x_wconf 90' lang='lat' dir='ltr'><strong>etcum</strong></span> <span class='ocrx_word' id='word_1_171' title='bbox 786 2727 916 2784; x_wconf 84' lang='lat' dir='ltr'><strong>exercitu</strong></span> <span class='ocrx_word' id='word_1_172' title='bbox 929 2728 965 2785; x_wconf 92' lang='lat' dir='ltr'><strong>ad</strong></span> <span class='ocrx_word' id='word_1_173' title='bbox 979 2729 1089 2790; x_wconf 88' lang='lat' dir='ltr'><strong>Urbem</strong></span> <span class='ocrx_word' id='word_1_174' title='bbox 1105 2734 1210 2808; x_wconf 90' lang='lat' dir='ltr'><strong>rediit,</strong></span> <span class='ocrx_word' id='word_1_175' title='bbox 1223 2757 1240 2796; x_wconf 89' lang='lat' dir='ltr'><strong>a</strong></span> 
     </span>
     <span class='ocr_line' id='line_1_23' title="bbox 211 2822 1242 2902; baseline 0.01 -20"><span class='ocrx_word' id='word_1_176' title='bbox 211 2823 316 2883; x_wconf 87' lang='lat' dir='ltr'><strong>Catulo</strong></span> <span class='ocrx_word' id='word_1_177' title='bbox 325 2833 421 2880; x_wconf 89' lang='lat' dir='ltr'><strong>autem</strong></span> <span class='ocrx_word' id='word_1_178' title='bbox 433 2834 462 2878; x_wconf 90' lang='lat' dir='ltr'><strong>et</strong></span> <span class='ocrx_word' id='word_1_179' title='bbox 469 2822 608 2899; x_wconf 87' lang='lat' dir='ltr'><strong>Pompeio</strong></span> <span class='ocrx_word' id='word_1_180' title='bbox 621 2823 753 2898; x_wconf 92' lang='lat' dir='ltr'><strong>repulsus</strong></span> <span class='ocrx_word' id='word_1_181' title='bbox 763 2837 813 2880; x_wconf 86' lang='lat' dir='ltr'><strong>est.</strong></span> <span class='ocrx_word' id='word_1_182' title='bbox 822 2829 897 2881; x_wconf 89' lang='lat' dir='ltr'><strong>Tum</strong></span> <span class='ocrx_word' id='word_1_183' title='bbox 904 2827 1059 2902; x_wconf 89' lang='lat' dir='ltr'><strong>Pompeius</strong></span> <span class='ocrx_word' id='word_1_184' title='bbox 1071 2835 1113 2888; x_wconf 91' lang='lat' dir='ltr'><strong>M.</strong></span> <span class='ocrx_word' id='word_1_185' title='bbox 1122 2836 1139 2889; x_wconf 94' lang='lat' dir='ltr'>J</span> <span class='ocrx_word' id='word_1_186' title='bbox 1142 2833 1242 2892; x_wconf 90' lang='lat' dir='ltr'><strong>unium</strong></span> 
     </span>
     <span class='ocr_line' id='line_1_24' title="bbox 210 2917 1243 3000; baseline 0.01 -21"><span class='ocrx_word' id='word_1_187' title='bbox 210 2925 334 2979; x_wconf 88' lang='lat' dir='ltr'><strong>Brutum</strong></span> <span class='ocrx_word' id='word_1_188' title='bbox 345 2921 396 2997; x_wconf 90' lang='lat' dir='ltr'><strong>qui</strong></span> <span class='ocrx_word' id='word_1_189' title='bbox 406 2918 510 2998; x_wconf 88' lang='lat' dir='ltr'><strong>Lepidi</strong></span> <span class='ocrx_word' id='word_1_190' title='bbox 520 2917 652 2998; x_wconf 86' lang='lat' dir='ltr'><strong>partibus</strong></span> <span class='ocrx_word' id='word_1_191' title='bbox 662 2939 692 2978; x_wconf 88' lang='lat' dir='ltr'><strong>se</strong></span> <span class='ocrx_word' id='word_1_192' title='bbox 701 2919 880 2997; x_wconf 85' lang='lat' dir='ltr'><strong>adjunxerat,</strong></span> <span class='ocrx_word' id='word_1_193' title='bbox 893 2923 1012 2980; x_wconf 90' lang='lat' dir='ltr'><strong>Mutinae</strong></span> <span class='ocrx_word' id='word_1_194' title='bbox 1025 2924 1149 3000; x_wconf 87' lang='lat' dir='ltr'><strong>obsedit,</strong></span> <span class='ocrx_word' id='word_1_195' title='bbox 1158 2950 1243 2989; x_wconf 90' lang='lat' dir='ltr'><strong>eum-</strong></span> 
     </span>
     <span class='ocr_line' id='line_1_25' title="bbox 212 3015 1244 3097; baseline 0.008 -21"><span class='ocrx_word' id='word_1_196' title='bbox 212 3039 271 3097; x_wconf 91' lang='lat' dir='ltr'><strong>que</strong></span> <span class='ocrx_word' id='word_1_197' title='bbox 292 3038 359 3076; x_wconf 91' lang='lat' dir='ltr'><strong>cum</strong></span> <span class='ocrx_word' id='word_1_198' title='bbox 380 3017 556 3076; x_wconf 88' lang='lat' dir='ltr'><strong>exercituin</strong></span> <span class='ocrx_word' id='word_1_199' title='bbox 576 3015 755 3074; x_wconf 91' lang='lat' dir='ltr'><strong>deditionem</strong></span> <span class='ocrx_word' id='word_1_200' title='bbox 776 3029 925 3096; x_wconf 86' lang='lat' dir='ltr'><strong>receptum</strong></span> <span class='ocrx_word' id='word_1_201' title='bbox 946 3020 1178 3082; x_wconf 88' lang='lat' dir='ltr'><strong>interficiendum</strong></span> <span class='ocrx_word' id='word_1_202' title='bbox 1195 3047 1244 3084; x_wconf 88' lang='lat' dir='ltr'><strong>cu-</strong></span> 
     </span>
     <span class='ocr_line' id='line_1_26' title="bbox 211 3113 1244 3205; baseline 0.011 -31"><span class='ocrx_word' id='word_1_203' title='bbox 211 3116 296 3174; x_wconf 84' lang='lat' dir='ltr'><strong>ravit.</strong></span> <span class='ocrx_word' id='word_1_204' title='bbox 312 3119 368 3174; x_wconf 83' lang='lat' dir='ltr'><strong>An.</strong></span> <span class='ocrx_word' id='word_1_205' title='bbox 382 3116 450 3189; x_wconf 84' lang='lat'><strong>676,</strong></span> <span class='ocrx_word' id='word_1_206' title='bbox 465 3113 619 3193; x_wconf 90' lang='lat' dir='ltr'><strong>Pompeius</strong></span> <span class='ocrx_word' id='word_1_207' title='bbox 631 3114 684 3171; x_wconf 88' lang='lat' dir='ltr'><strong>etsi</strong></span> <span class='ocrx_word' id='word_1_208' title='bbox 701 3114 845 3188; x_wconf 84' lang='lat' dir='ltr'><strong>privatus,</strong></span> <span class='ocrx_word' id='word_1_209' title='bbox 867 3127 963 3173; x_wconf 89' lang='lat' dir='ltr'><strong>tamen</strong></span> <span class='ocrx_word' id='word_1_210' title='bbox 976 3137 1061 3176; x_wconf 86' lang='lat' dir='ltr'><strong>suasu</strong></span> <span class='ocrx_word' id='word_1_211' title='bbox 1073 3125 1107 3180; x_wconf 94' lang='lat' dir='ltr'><strong>L.</strong></span> <span class='ocrx_word' id='word_1_212' title='bbox 1117 3123 1244 3205; x_wconf 87' lang='lat' dir='ltr'><strong>Philippi</strong></span> 
     </span>
     <span class='ocr_line' id='line_1_27' title="bbox 212 3209 1245 3290; baseline 0.011 -20"><span class='ocrx_word' id='word_1_213' title='bbox 212 3231 269 3290; x_wconf 90' lang='lat' dir='ltr'><strong>pro</strong></span> <span class='ocrx_word' id='word_1_214' title='bbox 286 3211 520 3270; x_wconf 86' lang='lat' dir='ltr'><strong>consulemissus</strong></span> <span class='ocrx_word' id='word_1_215' title='bbox 536 3211 625 3269; x_wconf 91' lang='lat' dir='ltr'><strong>estin</strong></span> <span class='ocrx_word' id='word_1_216' title='bbox 640 3209 808 3288; x_wconf 83' lang='lat' dir='ltr'><strong>Hispaniam</strong></span> <span class='ocrx_word' id='word_1_217' title='bbox 827 3209 862 3266; x_wconf 88' lang='lat' dir='ltr'><strong>ad</strong></span> <span class='ocrx_word' id='word_1_218' title='bbox 886 3209 995 3270; x_wconf 89' lang='lat' dir='ltr'><strong>bellum</strong></span> <span class='ocrx_word' id='word_1_219' title='bbox 1024 3216 1161 3278; x_wconf 88' lang='lat' dir='ltr'><strong>adversus</strong></span> <span class='ocrx_word' id='word_1_220' title='bbox 1180 3225 1245 3281; x_wconf 89' lang='lat' dir='ltr'><strong>Ser-</strong></span> 
     </span>
     <span class='ocr_line' id='line_1_28' title="bbox 214 3306 1246 3393; baseline 0.012 -26"><span class='ocrx_word' id='word_1_221' title='bbox 214 3309 337 3381; x_wconf 88' lang='lat' dir='ltr'><strong>torium,</strong></span> <span class='ocrx_word' id='word_1_222' title='bbox 348 3309 465 3386; x_wconf 89' lang='lat' dir='ltr'><strong>quicum</strong></span> <span class='ocrx_word' id='word_1_223' title='bbox 475 3329 505 3366; x_wconf 87' lang='lat' dir='ltr'><strong>se</strong></span> <span class='ocrx_word' id='word_1_224' title='bbox 516 3312 662 3385; x_wconf 84' lang='lat' dir='ltr'><strong>Perperna</strong></span> <span class='ocrx_word' id='word_1_225' title='bbox 676 3306 873 3383; x_wconf 83' lang='lat' dir='ltr'><strong>conjunxerat,</strong></span> <span class='ocrx_word' id='word_1_226' title='bbox 885 3309 1054 3388; x_wconf 88' lang='lat' dir='ltr'><strong>gerendum.</strong></span> <span class='ocrx_word' id='word_1_227' title='bbox 1068 3318 1170 3393; x_wconf 90' lang='lat' dir='ltr'><strong>ltaque</strong></span> <span class='ocrx_word' id='word_1_228' title='bbox 1179 3339 1246 3379; x_wconf 88' lang='lat' dir='ltr'><strong>cum</strong></span> 
     </span>
     <span class='ocr_line' id='line_1_29' title="bbox 214 3403 1245 3490; baseline 0.009 -25"><span class='ocrx_word' id='word_1_229' title='bbox 214 3405 342 3465; x_wconf 84' lang='lat' dir='ltr'><strong>exercitu</strong></span> <span class='ocrx_word' id='word_1_230' title='bbox 358 3425 411 3484; x_wconf 88' lang='lat' dir='ltr'><strong>per</strong></span> <span class='ocrx_word' id='word_1_231' title='bbox 425 3406 516 3482; x_wconf 74' lang='lat' dir='ltr'><strong>Alpes</strong></span> <span class='ocrx_word' id='word_1_232' title='bbox 527 3403 557 3461; x_wconf 92' lang='lat' dir='ltr'><strong>in</strong></span> <span class='ocrx_word' id='word_1_233' title='bbox 579 3403 719 3476; x_wconf 88' lang='lat' dir='ltr'><strong>Galliam,</strong></span> <span class='ocrx_word' id='word_1_234' title='bbox 742 3403 848 3462; x_wconf 89' lang='lat' dir='ltr'><strong>deiude</strong></span> <span class='ocrx_word' id='word_1_235' title='bbox 864 3405 893 3462; x_wconf 92' lang='lat' dir='ltr'><strong>in</strong></span> <span class='ocrx_word' id='word_1_236' title='bbox 908 3406 1078 3485; x_wconf 86' lang='lat' dir='ltr'><strong>Hispaniam</strong></span> <span class='ocrx_word' id='word_1_237' title='bbox 1093 3417 1245 3490; x_wconf 87' lang='lat' dir='ltr'><strong>pervenit,</strong></span> 
     </span>
     <span class='ocr_line' id='line_1_30' title="bbox 214 3493 1248 3583; baseline 0.01 -21"><span class='ocrx_word' id='word_1_238' title='bbox 214 3501 267 3562; x_wconf 88' lang='lat' dir='ltr'><strong>ubi</strong></span> <span class='ocrx_word' id='word_1_239' title='bbox 281 3503 433 3580; x_wconf 87' lang='lat' dir='ltr'><strong>aliquoties</strong></span> <span class='ocrx_word' id='word_1_240' title='bbox 447 3521 463 3560; x_wconf 93' lang='lat' dir='ltr'><strong>a</strong></span> <span class='ocrx_word' id='word_1_241' title='bbox 477 3499 607 3560; x_wconf 86' lang='lat' dir='ltr'><strong>Sertorio</strong></span> <span class='ocrx_word' id='word_1_242' title='bbox 619 3493 728 3573; x_wconf 58' lang='lat' dir='ltr'><strong>vidus,</strong></span> <span class='ocrx_word' id='word_1_243' title='bbox 743 3499 857 3560; x_wconf 89' lang='lat' dir='ltr'><strong>tandem</strong></span> <span class='ocrx_word' id='word_1_244' title='bbox 874 3501 930 3560; x_wconf 92' lang='lat' dir='ltr'><strong>hoc</strong></span> <span class='ocrx_word' id='word_1_245' title='bbox 941 3503 1117 3583; x_wconf 86' lang='lat' dir='ltr'><strong>imperatore</strong></span> <span class='ocrx_word' id='word_1_246' title='bbox 1128 3512 1248 3572; x_wconf 86' lang='lat' dir='ltr'><strong>scelesta</strong></span> 
     </span>
     <span class='ocr_line' id='line_1_31' title="bbox 214 3597 1247 3684; baseline 0.009 -26"><span class='ocrx_word' id='word_1_247' title='bbox 214 3605 368 3680; x_wconf 82' lang='lat' dir='ltr'><strong>Perpernae</strong></span> <span class='ocrx_word' id='word_1_248' title='bbox 378 3597 544 3677; x_wconf 89' lang='lat' dir='ltr'><strong>proditione</strong></span> <span class='ocrx_word' id='word_1_249' title='bbox 558 3597 634 3655; x_wconf 89' lang='lat' dir='ltr'><strong>inter</strong></span> <span class='ocrx_word' id='word_1_250' title='bbox 648 3597 773 3675; x_wconf 86' lang='lat' dir='ltr'><strong>scyphos</strong></span> <span class='ocrx_word' id='word_1_251' title='bbox 783 3597 947 3671; x_wconf 89' lang='lat' dir='ltr'><strong>interfecto,</strong></span> <span class='ocrx_word' id='word_1_252' title='bbox 962 3599 1071 3660; x_wconf 91' lang='lat' dir='ltr'><strong>bellum</strong></span> <span class='ocrx_word' id='word_1_253' title='bbox 1084 3610 1247 3684; x_wconf 90' lang='lat' dir='ltr'><strong>composuit</strong></span> 
     </span>
     <span class='ocr_line' id='line_1_32' title="bbox 214 3696 1248 3781; baseline 0.012 -29"><span class='ocrx_word' id='word_1_254' title='bbox 214 3699 388 3774; x_wconf 88' lang='lat' dir='ltr'><strong>Perpernam</strong></span> <span class='ocrx_word' id='word_1_255' title='bbox 397 3706 605 3774; x_wconf 85' lang='lat' dir='ltr'><strong>persequutus,</strong></span> <span class='ocrx_word' id='word_1_256' title='bbox 619 3713 742 3772; x_wconf 90' lang='lat' dir='ltr'><strong>eumque</strong></span> <span class='ocrx_word' id='word_1_257' title='bbox 754 3708 870 3773; x_wconf 90' lang='lat' dir='ltr'><strong>captum</strong></span> <span class='ocrx_word' id='word_1_258' title='bbox 882 3696 1036 3758; x_wconf 90' lang='lat' dir='ltr'><strong>interfecit.</strong></span> <span class='ocrx_word' id='word_1_259' title='bbox 1051 3705 1094 3758; x_wconf 87' lang='lat' dir='ltr'><strong>Ex</strong></span> <span class='ocrx_word' id='word_1_260' title='bbox 1108 3702 1248 3781; x_wconf 87' lang='lat' dir='ltr'><strong>Hispania</strong></span> 
     </span>
     <span class='ocr_line' id='line_1_33' title="bbox 195 3791 1247 3880; baseline 0.009 -30"><span class='ocrx_word' id='word_1_261' title='bbox 195 3807 198 3812; x_wconf 87' lang='lat'>&#39;</span> <span class='ocrx_word' id='word_1_262' title='bbox 214 3813 304 3871; x_wconf 89' lang='lat' dir='ltr'><strong>quum</strong></span> <span class='ocrx_word' id='word_1_263' title='bbox 323 3793 482 3852; x_wconf 87' lang='lat' dir='ltr'><strong>exercitum</strong></span> <span class='ocrx_word' id='word_1_264' title='bbox 499 3791 530 3849; x_wconf 93' lang='lat' dir='ltr'><strong>in</strong></span> <span class='ocrx_word' id='word_1_265' title='bbox 550 3791 665 3849; x_wconf 78' lang='lat' dir='ltr'><strong>ltaliam</strong></span> <span class='ocrx_word' id='word_1_266' title='bbox 680 3791 847 3865; x_wconf 89' lang='lat' dir='ltr'><strong>reduceret,</strong></span> <span class='ocrx_word' id='word_1_267' title='bbox 863 3794 992 3874; x_wconf 89' lang='lat' dir='ltr'><strong>quinque</strong></span> <span class='ocrx_word' id='word_1_268' title='bbox 1005 3797 1096 3855; x_wconf 88' lang='lat' dir='ltr'><strong>millia</strong></span> <span class='ocrx_word' id='word_1_269' title='bbox 1109 3797 1247 3880; x_wconf 88' lang='lat' dir='ltr'><strong>fugitivo-</strong></span> 
     </span>
     <span class='ocr_line' id='line_1_34' title="bbox 214 3889 1247 3976; baseline 0.013 -28"><span class='ocrx_word' id='word_1_270' title='bbox 214 3891 354 3969; x_wconf 90' lang='lat' dir='ltr'><strong>rum,qui</strong></span> <span class='ocrx_word' id='word_1_271' title='bbox 366 3889 508 3968; x_wconf 79' lang='lat' dir='ltr'><strong>epraelio,</strong></span> <span class='ocrx_word' id='word_1_272' title='bbox 518 3907 577 3966; x_wconf 92' lang='lat' dir='ltr'><strong>quo</strong></span> <span class='ocrx_word' id='word_1_273' title='bbox 589 3893 707 3948; x_wconf 84' lang='lat' dir='ltr'><strong>Crassus</strong></span> <span class='ocrx_word' id='word_1_274' title='bbox 715 3893 887 3967; x_wconf 89' lang='lat' dir='ltr'><strong>Spartacum</strong></span> <span class='ocrx_word' id='word_1_275' title='bbox 899 3891 1054 3965; x_wconf 83' lang='lat' dir='ltr'><strong>devicerat,</strong></span> <span class='ocrx_word' id='word_1_276' title='bbox 1068 3895 1247 3976; x_wconf 81' lang='lat' dir='ltr'><strong>aufugerant,</strong></span> 
     </span>
     <span class='ocr_line' id='line_1_35' title="bbox 216 3983 1247 4066; baseline 0.012 -21"><span class='ocrx_word' id='word_1_277' title='bbox 216 3987 377 4061; x_wconf 84' lang='lat' dir='ltr'><strong>interfecit,</strong></span> <span class='ocrx_word' id='word_1_278' title='bbox 386 3997 417 4045; x_wconf 89' lang='lat' dir='ltr'><strong>et</strong></span> <span class='ocrx_word' id='word_1_279' title='bbox 428 3985 484 4044; x_wconf 88' lang='lat' dir='ltr'><strong>hac</strong></span> <span class='ocrx_word' id='word_1_280' title='bbox 493 3985 607 4044; x_wconf 88' lang='lat' dir='ltr'><strong>ratione</strong></span> <span class='ocrx_word' id='word_1_281' title='bbox 615 3983 685 4044; x_wconf 93' lang='lat' dir='ltr'><strong>belli</strong></span> <span class='ocrx_word' id='word_1_282' title='bbox 695 3983 806 4044; x_wconf 83' lang='lat' dir='ltr'><strong>servilis</strong></span> <span class='ocrx_word' id='word_1_283' title='bbox 820 3987 960 4066; x_wconf 86' lang='lat' dir='ltr'><strong>reliquias¹</strong></span> <span class='ocrx_word' id='word_1_284' title='bbox 973 3991 1100 4050; x_wconf 87' lang='lat' dir='ltr'><strong>sustulit.</strong></span> <span class='ocrx_word' id='word_1_285' title='bbox 1111 3997 1247 4057; x_wconf 80' lang='lat' dir='ltr'><strong>Extremo</strong></span> 
     </span>
     <span class='ocr_line' id='line_1_36' title="bbox 214 4083 1249 4164; baseline 0.008 -20"><span class='ocrx_word' id='word_1_286' title='bbox 214 4105 291 4144; x_wconf 88' lang='lat' dir='ltr'><strong>anno</strong></span> <span class='ocrx_word' id='word_1_287' title='bbox 299 4105 391 4164; x_wconf 89' lang='lat' dir='ltr'><strong>quum</strong></span> <span class='ocrx_word' id='word_1_288' title='bbox 403 4084 439 4144; x_wconf 90' lang='lat' dir='ltr'><strong>ad</strong></span> <span class='ocrx_word' id='word_1_289' title='bbox 447 4083 560 4144; x_wconf 93' lang='lat' dir='ltr'><strong>Urbem</strong></span> <span class='ocrx_word' id='word_1_290' title='bbox 572 4083 746 4155; x_wconf 80' lang='lat' dir='ltr'><strong>accessisset,</strong></span> <span class='ocrx_word' id='word_1_291' title='bbox 760 4085 865 4144; x_wconf 90' lang='lat' dir='ltr'><strong>iterum</strong></span> <span class='ocrx_word' id='word_1_292' title='bbox 878 4106 966 4162; x_wconf 89' lang='lat' dir='ltr'><strong>eques</strong></span> <span class='ocrx_word' id='word_1_293' title='bbox 977 4107 1115 4149; x_wconf 90' lang='lat' dir='ltr'><strong>romanus</strong></span> <span class='ocrx_word' id='word_1_294' title='bbox 1126 4111 1162 4150; x_wconf 86' lang='lat' dir='ltr'><strong>ex</strong></span> <span class='ocrx_word' id='word_1_295' title='bbox 1172 4098 1249 4154; x_wconf 85' lang='lat' dir='ltr'><strong>SCto</strong></span> 
     </span>
    </p>
   </div>
   <div class='ocr_carea' id='block_1_4' title="bbox 0 0 1499 4682">
    <p class='ocr_par' dir='ltr' id='par_1_5' title="bbox 0 0 1499 4682">
     <span class='ocr_line' id='line_1_37' title="bbox 0 0 1499 4682; baseline 0 0"><span class='ocrx_word' id='word_1_296' title='bbox 0 0 1499 4682; x_wconf 95' lang='lat' dir='ltr'><strong> </strong></span> 
     </span>
    </p>
   </div>
  </div>
 </body>
</html>
