2956 4676
352 323 545 391 orario
571 324 669 390 pao
695 325 732 390 A.
760 323 1043 394 cannucio.
1171 353 1235 424 ης)

215 445 363 515 Dixitne
384 443 531 514 tandem
553 467 696 516 causam
722 447 761 516 C.
795 443 1057 518 Fidiculanius²
1079 448 1233 538 Falcula,

167 554 231 648 qui
250 555 492 651 Oppianicum
516 553 797 640 condemnarat,
825 579 941 651 quum
972 560 1181 653 praesertim,
1197 561 1235 632 id

166 662 270 758 quod
284 659 353 734 fuit
368 666 407 732 in
420 661 482 733 illo
498 663 635 758 judicio
644 662 977 753 invidiosissimum,
992 680 1147 764 paucos²
1162 670 1236 743 dies

166 795 212 842 ex
232 771 491 845 subsortitione
510 773 680 845 sedisset?
696 775 814 860 Dixit,
837 789 874 846 ct
890 773 946 846 bis
968 778 1113 875 quidem
1134 779 1234 852 dixit.

165 885 210 952 In
228 906 408 954 summam
426 885 521 955 enim
543 889 584 956 L.
608 885 779 976 Quintius
805 883 975 957 invidiam
999 889 1236 964 concionibus

167 1015 255 1063 eum
274 994 510 1090 quotidianis,
530 994 705 1066 seditiosis
722 1007 758 1065 et
775 993 1006 1084 turbulentis,
1028 997 1235 1072 adduxerat.

166 1105 253 1173 Uno
267 1102 427 1198 judicio³
448 1104 562 1174 multa
579 1118 633 1176 est
652 1102 697 1174 ab
716 1127 760 1174 eo
777 1107 905 1199 petita,
928 1106 1020 1175 sicut
1042 1105 1087 1177 ab
1108 1114 1235 1196 lunio,

167 1217 271 1315 quod
292 1243 366 1288 non
391 1243 462 1290 suae
486 1216 639 1291 decuriae
663 1216 855 1306 muncrcl,
872 1243 993 1315 neque
1022 1244 1065 1304 ex
1089 1220 1167 1318 lege
1185 1249 1236 1294 se·

168 1325 289 1397 disset.
309 1326 434 1398 Paullo
452 1327 629 1399 sedatiore
647 1342 810 1426 ternpore
829 1342 882 1398 est
902 1333 1104 1417 accusatus,
1127 1356 1237 1428 quam

166 1439 315 1523 lunius,
335 1433 399 1506 sed
417 1436 540 1509 eadem
561 1436 635 1509 fere
653 1436 731 1534 lege
742 1434 773 1526 ⁵,
787 1450 824 1506 et
842 1439 999 1509 crimine.
1019 1441 1112 1529 Quia
1138 1442 1240 1515 nialla

168 1543 356 1642 injudicio
373 1546 518 1633 seditio,
538 1571 659 1644 neque
670 1549 739 1632 vis,
756 1571 877 1644 neque
890 1547 997 1618 turba
1015 1566 1152 1622 versata
1168 1566 1238 1637 est,

167 1656 285 1752 prima
309 1657 450 1727 actione
477 1653 643 1729 facillime
665 1671 719 1730 est
746 1657 943 1730 absolutus.
971 1661 1053 1731 Non
1082 1685 1237 1733 numero

203 1907 340 1959 xxxvu.
358 1926 380 1958 1.
399 1909 427 1959 G.
442 1909 609 1960 Fidiculanius
621 1911 680 1960 Μ-
724 1911 806 1962 fuisse.
817 1915 907 1962 Utrum
914 1915 1009 1978 gravius
1016 1914 1109 1979 aliquid
1117 1917 1144 1965 in
1153 1934 1236 1983 quem·

166 1987 235 2037 cala.
254 1989 357 2038 Senator
371 1989 426 2052 ille,
439 2007 516 2054 quum
531 1991 575 2040 sis
588 2005 640 2040 nno
655 2001 681 2040 et
723 2006 796 2054 quam
808 1991 857 2040 dici
869 2004 970 2058 potest,
985 2010 1058 2058 quam
1068 1997 1100 2044 ad
1113 1995 1236 2046 hominem

166 2068 246 2118 altero
264 2069 317 2130 die,
339 2081 461 2135 tamquam
479 2087 607 2120 numerum
623 2087 680 2136 snp-
724 2069 954 2134 condemnandum,
967 2089 1040 2136 quem
1053 2090 1185 2138 numquam
1197 2078 1237 2124 vi·

165 2146 253 2212 plens,
269 2149 402 2210 injudicio
418 2150 551 2215 Oppianici
565 2148 679 2208 sedisset,
723 2147 815 2206 disset,
845 2166 923 2213 neque
951 2149 1071 2209 audisset,
1101 2152 1234 2202 adductum

166 2241 248 2289 neque
257 2226 314 2275 ideo
323 2243 418 2276 cansam
428 2230 588 2292 cognovisset,
600 2237 680 2275 tamen
722 2227 802 2290 pretio
816 2229 883 2275 esse?
894 2237 960 2276 etc.»
973 2231 1033 2276 Post
1046 2241 1095 2277 tsm
1108 2232 1235 2281 manifesta

166 2305 314 2354 senteutiam
323 2306 393 2368 tulit,
404 2307 521 2372 illumque
533 2306 680 2356 condemna·
723 2315 880 2367 argumenta,
892 2323 989 2370 remque
1001 2308 1090 2371 saepius
1103 2309 1152 2358 hoc
1163 2327 1236 2360 seusu

166 2385 212 2432 vit.
230 2387 286 2434 Hoc
304 2396 399 2434 tantum
419 2386 513 2434 lacinus
528 2388 594 2447 justa
610 2394 680 2433 notat
723 2383 866 2430 aCiccrone
879 2383 1013 2448 prolatam,
1025 2387 1108 2435 nescio
1117 2404 1149 2436 an
1159 2391 1235 2454 magis

166 2461 267 2510 infamia
285 2463 372 2513 Cicero
388 2475 440 2512 tum
457 2465 484 2512 in
496 2463 567 2513 Verr.
586 2467 611 2523 Ι,
631 2464 679 2525 13,
722 2459 869 2524 eloquentiae
882 2462 1003 2519 mirande,
1012 2479 1042 2511 an
1055 2481 1180 2516 successus
1192 2468 1236 2516 de·

166 2551 221 2590 tum
238 2541 343 2591 maxims
357 2557 404 2607 pro
417 2545 450 2592 A.
467 2545 579 2602 Cercina,
593 2557 642 2606 qna
652 2543 679 2589 in
722 2539 837 2603 plorandi
849 2539 882 2587 sit
902 2551 985 2589 orator
1004 2543 1046 2606 qni
1066 2561 1163 2595 cansam
1184 2558 1235 2596 um

165 2622 281 2670 oratione
292 2631 374 2686 aperte
384 2623 458 2670 istum
468 2639 481 2670 a
495 2621 609 2672 Cluentio
619 2637 678 2686 sup-
723 2617 837 2666 infamem
847 2619 950 2684 suscipit
962 2635 990 2667 ac
999 2621 1084 2672 vincit.

166 2701 279 2764 positum
292 2699 364 2759 dicit,
375 2713 404 2749 nt
417 2701 567 2765 Oppianicus
580 2699 679 2747 damna·
759 2711 783 2744 a.
799 2701 893 2745 Paucos
905 2699 965 2748 dics.
980 2699 1039 2747 Non
1052 2704 1146 2760 atatim,
1157 2714 1185 2751 ut
1194 2705 1234 2752 de·

166 2790 245 2828 retur.
265 2780 325 2828 Non
341 2781 460 2828 absonum
483 2767 581 2828 videtur
597 2779 680 2826 locum
722 2775 791 2837 buit,
819 2776 993 2826 subsortitione
1006 2779 1084 2843 iacta,
1098 2791 1126 2828 ut
1139 2797 1233 2831 canum

166 2859 238 2907 illum
257 2861 373 2918 remum,
396 2875 447 2924 qno
465 2875 553 2924 nempe
573 2857 679 2916 eluceat,
723 2866 807 2920 posset
816 2857 915 2915 audire,
930 2857 973 2904 sed
983 2869 1042 2922 post
1057 2859 1150 2922 aliquot
1164 2858 1232 2922 dies,

166 2953 241 3003 quam
269 2937 316 2986 sibi
340 2939 394 3003 ipse
423 2938 548 2987 dissentiat
577 2947 678 2986 orator:
723 2937 848 2999 incognita
857 2953 937 2984 cansa.

166 3039 180 3058 u
192 3017 355 3066 Meminerant
368 3031 452 3066 omnes
464 3028 583 3081 quantum
595 3015 623 3063 in
635 3015 679 3062 Al·
761 3015 786 3062 3.
802 3016 854 3061 Uno
863 3014 966 3079 jndicio.
977 3016 1063 3064 Priore
1076 3033 1157 3066 causa.

166 3095 243 3144 biano
257 3095 319 3161 (sen
338 3095 406 3144 sisu
425 3093 575 3161 Oppianici)
587 3093 681 3155 judicio
761 3099 784 3147 lt.
796 3094 852 3140 Sum
864 3091 972 3142 ᾰοοιινίω
983 3111 1089 3146 munere.
1097 3098 1234 3159 Senatores,

167 3175 309 3240 accepisset.
329 3177 359 3222 Iu
374 3191 429 3222 enm
447 3174 508 3238 qnid
526 3173 620 3231 dimna,
635 3171 682 3218 nisi
724 3185 829 3235 qnorum
840 3171 888 3219 laoc
899 3183 1009 3237 tempore
1018 3174 1110 3234 judicia
1121 3177 1234 3238 arentin

167 3253 209 3312 id,
226 3252 293 3317 quod
307 3269 395 3318 negare
408 3268 460 3300 non
473 3251 568 3317 possiti
580 3249 682 3298 Venisse
724 3260 773 3297 tres
786 3249 907 3308 decurias,
921 3267 965 3300 seu
975 3252 1061 3301 classes
1070 3253 1142 3302 divisi
1153 3267 1234 3314 etant,

167 3329 683 3397 inconcilinmpublicasqusestiouia‚quum
725 3337 781 3392 quat
800 3329 905 3378 vicissim
918 3331 1010 3392 iudicia
1029 3331 1233 3386 administrarent.

167 3412 222 3474 eins
233 3411 331 3459 consilii
338 3411 416 3471 judex
429 3425 480 3458 nou
492 3418 555 3460 esset
564 3445 572 3470 ,
582 3408 642 3454 etin
652 3421 682 3454 so
725 3409 822 3456 Falcula
834 3421 915 3458 autem
934 3412 998 3459 inter
1007 3410 1103 3472 jndices
1122 3413 1234 3474 sederat,

169 3490 360 3553 consilioqnum
377 3504 474 3538 causam
488 3485 683 3544 mascellinus,
726 3503 801 3551 quum
825 3503 875 3536 suae
899 3487 1004 3538 muria
1026 3490 1126 3538 mdeudi
1148 3508 1236 3540 munna

169 3577 196 3615 et
211 3579 320 3631 potestas
340 3579 402 3616 enat
423 3565 570 3630 ampliandi,
593 3563 683 3612 dixisse
725 3581 775 3612 non
794 3575 870 3625 esset;
882 3567 964 3631 itaque
975 3584 1052 3632 quum
1064 3569 1149 3617 alienae
1162 3570 1237 3618 decu·

171 3645 218 3696 sibi
233 3646 340 3709 liquere,
355 3647 414 3695 dnm
431 3648 554 3710 incognita
573 3659 599 3691 re
614 3643 683 3705 indi·
725 3644 769 3692 rin
781 3660 880 3692 munere
894 3647 1002 3705 sederet,
1023 3647 1181 3711 cupiditatem
1194 3659 1237 3696 ant

171 3741 227 3774 esre
240 3725 369 3788 voluisset,
389 3725 501 3774 maluisse
522 3723 684 3772 condemnare
727 3724 908 3788 corruptionem
922 3741 1007 3788 praese
1021 3725 1083 3772 lene
1101 3725 1236 3774 videbatur.

170 3819 244 3870 qnam
257 3803 401 3855 abaciam:
416 3819 492 3868 quum
505 3805 525 3850 si
538 3817 590 3850 uno
603 3804 684 3850 suiuus
763 3802 787 3850 5.
800 3802 958 3867 Eademfere
976 3804 1038 3866 lege.
1052 3803 1141 3851 Junins
1151 3819 1181 3850 eo
1193 3819 1240 3851 no·

171 3883 329 3944 damnarem,
360 3883 520 3933 condemnari
548 3897 603 3930 reus
633 3895 685 3929 non
726 3882 791 3930 mine
812 3891 939 3929 accusatus
962 3883 1053 3938 iuerat,
1071 3881 1140 3944 qnod
1156 3893 1240 3931 contra

171 3963 364 4027 posset‚nonad
373 3961 569 4029 cognoscendam
576 3975 685 4020 mnsam,
726 3962 805 4024 legem
826 3959 944 4022 quosdam
960 3957 1055 4020 jndices
1073 3958 1186 4022 legisset3
1208 3977 1239 4008 ex

171 4043 212 4092 serl
219 4042 404 4107 adsxplenslam
409 4042 588 4092 damnationem
593 4049 684 4105 presto
729 4037 819 4103 quibus
828 4037 953 4098 judicibus
964 4051 1027 4084 unus
1037 4048 1090 4083 erat
1099 4037 1201 4087 Falcula.

246 4131 311 4198 111.
339 4143 564 4208 caninam.
1100 4138 1123 4217 9
1159 4201 1160 4204 γ
