2934 4680
330 384 530 454 ORATIO
557 384 658 456 PRO
684 385 824 454 LEGE
843 385 1080 454 MANILIA.
1184 381 1229 454 55

159 507 217 579 illa
245 503 528 578 laboriosissima
560 509 701 579 ratione
730 507 827 593 vitae,
859 510 889 578 si
919 521 1036 578 vestra
1063 506 1230 580 voluntas

159 616 269 707 leret,
301 640 579 714 consequemur.
596 614 843 707 Quamobrem
853 611 883 706 ⁶,
902 615 1083 716 quidquid
1103 618 1141 687 iu
1163 616 1230 688 hac

159 749 266 799 carna
282 725 374 798 mihi
392 742 602 824 susceptum
618 741 692 817 est,
711 727 890 829 Quirites,
906 725 943 799 id
956 751 1065 799 omne
1082 751 1143 798 me
1160 729 1232 798 rei·

160 835 313 936 publium
323 861 430 912 causa
442 839 643 936 suscepisse
661 835 856 926 confirm03
878 849 1093 936 tantumque
1110 835 1231 926 abest,

161 962 202 1020 ut
219 946 379 1045 aliquam
396 945 533 1020 bonam
554 948 705 1046 gratim
729 946 820 1018 mihi
843 949 1011 1044 quaesisse
1032 945 1173 1038 videar,
1190 963 1233 1020 nt

161 1055 293 1128 multus
309 1059 416 1128 etiam
428 1055 627 1130 simultates
638 1057 769 1156 partim
779 1054 969 1146 obscuras,
986 1059 1115 1156 partim
1131 1082 1232 1156 aper-

161 1179 215 1236 tus
229 1163 447 1262 intelligam,
466 1165 555 1247 milti
574 1191 651 1238 uon
672 1169 904 1257 necessarias,
930 1165 1034 1240 vobis
1052 1193 1127 1239 non
1151 1169 1232 1242 inu·

163 1275 243 1346 tiles
251 1285 279 1361 ⁷,
297 1277 508 1373 suscepisse.
530 1273 602 1348 Sed
616 1299 685 1374 ego
703 1301 761 1350 me
779 1275 851 1348 hoc
865 1276 1005 1352 honore
1024 1275 1233 1376 praeditum,

162 1383 271 1455 tantis
301 1384 429 1458 vestris
460 1383 647 1458 beneficiis
679 1384 870 1476 allectum,
896 1388 1027 1477 statui,
1052 1387 1232 1480 Quirites,

162 1507 318 1566 vestram
335 1492 582 1585 voluntatem,
599 1510 636 1569 et
652 1495 857 1596 reipublicae
875 1495 1102 1594 dignitatem,
1122 1509 1158 1570 et
1176 1521 1233 1568 sa·

163 1602 278 1679 lutem
297 1605 567 1702 provinciarum
586 1620 696 1704 atque
716 1609 919 1694 sociorum,
948 1606 1037 1678 meis
1064 1605 1233 1678 omnibus

164 1713 366 1788 commodis
381 1729 418 1788 et
433 1715 637 1791 rationibus
652 1715 821 1817 praelerre
835 1730 1015 1815 oportere.

199 1917 226 1970 6,
251 1916 422 1982 Quamobrm
449 1916 553 1968 lim
576 1930 626 1969 eret
650 1921 676 1969 in
719 1919 1066 1980 anuolnlsiummluisnnt,
1079 1935 1232 1984 quorumque

166 2011 236 2044 uun
245 1995 308 2057 ltro,
321 2011 377 2062 que
388 2012 441 2046 non
452 1997 554 2048 omnino
567 2014 581 2048 ι
594 1999 677 2065 gratia
720 1997 855 2048 simultates
868 2015 894 2046 se
906 1997 940 2048 ob
953 1999 1017 2052 ltine
1028 2015 1124 2047 musam
1141 1997 1232 2046 cubitu·

166 2073 464 2142 menpnndntuspleione
476 2077 559 2128 ὼαιο
569 2089 675 2144 potent,
720 2095 776 2134 rum
789 2078 923 2143 iutelligit,
940 2078 1081 2129 denuntiare
1095 2078 1163 2128 brevi
1181 2079 1234 2126 sore

168 2165 195 2202 nt
206 2154 295 2206 eim
308 2165 432 2222 tunquam
448 2160 573 2225 conceptis
591 2175 620 2208 ae
637 2175 677 2209 to·
721 2169 750 2208 nt
761 2175 807 2224 per
824 2175 907 2207 etrum
920 2158 1071 2208 simultatum
1083 2173 1180 2207 eanum
1192 2173 1234 2206 eos

167 2233 286 2286 lanuinus
303 2236 386 2286 verbis
404 2253 430 2286 se
448 2239 521 2288 unius
537 2240 597 2305 reip.
612 2238 678 2288 utili·
721 2237 878 2301 injudieium
891 2237 1012 2298 nudum,
1029 2247 1055 2286 et
1067 2239 1183 2303 plurimu
1196 2252 1234 2286 res

168 2313 255 2363 tatibus
262 2313 381 2365 inservire
394 2316 501 2366 voluisse
513 2315 676 2383 profiteretur.
721 2317 753 2379 ub
762 2319 792 2366 iis
801 2319 883 2367 minus
893 2318 995 2367 honeste
1008 2327 1086 2382 gestus
1097 2317 1233 2382 mahelet.

203 2409 228 2455 7.
242 2393 301 2442 Nou
310 2392 414 2446 inutiles
423 2396 507 2446 'l'neittt
518 2396 615 2446 videtur
627 2399 676 2446 Ln-
721 2396 825 2447 -llt'ki
831 2414 880 2446 nort
891 2397 1049 2460 necessarias.
1060 2396 1135 2461 Quod
1144 2397 1194 2458 jam
1203 2395 1234 2443 iis

167 2471 232 2522 tullo
244 2482 270 2522 et
290 2472 357 2534 eliis,
374 2475 418 2538 qui
435 2491 491 2527 etun
508 2475 612 2540 imperio
630 2475 678 2524 hoe
722 2493 773 2526 non
786 2493 855 2542 egeo,
864 2489 893 2527 nt
902 2477 968 2552 apud
980 2493 1025 2525 vos
1038 2476 1110 2526 lande
1119 2491 1233 2526 emetur.
