2958 4670
290 391 359 465 528
602 389 649 458 M.
675 389 714 456 T.
741 388 1036 459 CICERONIS

288 512 431 589 dicendi
461 509 581 598 labor,
606 533 736 606 magna
756 532 833 595 res,
861 531 991 606 magna
1015 507 1187 606 dignitas,
1213 529 1361 579 summa

286 639 407 698 autem
435 625 556 720 gratia.
582 621 722 690 Etenim
744 643 765 688 a
788 617 892 689 vobis
918 618 1108 690 salubritas
1123 617 1360 717 quaedam¹⁵;

289 734 334 807 ab
356 735 418 820 iis,
434 733 497 830 qui
519 729 664 816 dicunt,
686 727 780 799 salus
805 729 883 825 ipsa
905 733 1051 826 petitur.
1073 728 1212 800 Deinde
1237 743 1361 800 vestra

287 867 460 943 responsa
475 836 506 883 1⁶
533 854 643 936 atque
672 837 836 925 decreta,
870 852 907 909 et
935 853 1149 909 evertuntur
1177 861 1271 936 saepe
1300 837 1359 908 di-

199 1031 203 1048 ,
288 953 429 1036 cundo,
460 963 496 1020 et
524 951 601 1021 sine
628 946 839 1019 defensioue
869 943 1023 1020 oratoris
1044 946 1148 1019 firma
1174 973 1251 1020 esse
1276 971 1359 1019 non

287 1073 464 1162 possunt:
484 1062 522 1129 in
541 1082 614 1157 qua
629 1067 710 1129 re¹⁹
730 1058 760 1129 si
776 1059 859 1128 satis
878 1055 1129 1154 profecissem,
1147 1060 1290 1156 parcius
1310 1058 1359 1128 de

288 1173 366 1268 ejus
387 1169 492 1241 laude
515 1167 690 1255 dicerem;
713 1191 813 1238 nunc
836 1167 927 1238 nihii
953 1167 999 1240 de
1022 1169 1201 1259 medico,
1222 1169 1287 1242 sed
1310 1169 1359 1242 de

287 1284 350 1368 iis,
368 1283 431 1376 qui
449 1283 488 1349 in
506 1275 661 1350 dicendo
679 1278 800 1373 magni
819 1293 922 1366 sunt,
944 1287 1006 1348 aut
1020 1277 1179 1350 fuerunt.

335 1395 430 1464 xlv.
449 1394 538 1460 Duae
555 1402 765 1474 sumentes,
783 1412 863 1485 quae
878 1404 1032 1484 possunt
1049 1389 1167 1460 locare
1185 1389 1358 1461 homines

286 1505 325 1572 in
342 1499 560 1598 amplissimo
582 1497 696 1593 gradu
716 1497 923 1596 dignitatis:
950 1524 1023 1570 nna
1035 1501 1282 1598 imperatoris,
1303 1501 1357 1571 ai·

285 1628 363 1685 tera
388 1611 540 1682 oratoris
563 1607 663 1679 boni.
696 1607 752 1679 Ab
777 1608 847 1679 hoc
869 1611 967 1680 enim
992 1612 1088 1708 pacis
1114 1620 1353 1682 ornamenta¹

286 1726 509 1806 retinentum
532 1717 576 1789 ab
593 1718 655 1790 iilo
670 1717 758 1790 belli
779 1718 940 1817 pericula
962 1721 1201 1820 repelluntur.
1217 1725 1357 1794 Ceterae

286 1847 407 1903 tamen
424 1830 575 1901 virtutes
591 1831 675 1927 ipsae
685 1839 701 1871 ²
720 1853 787 1926 per
809 1853 848 1900 se
863 1828 1020 1900 multum
1036 1830 1180 1901 valent:
1194 1831 1355 1924 justitia,

286 1939 393 2028 fides,
411 1939 543 2039 pudor,
561 1939 817 2036 temperantia3
832 1938 966 2036 quibus
980 1955 1035 2028 te,
1051 1939 1165 2029 Serri,
1177 1939 1355 2012 excellere

286 2072 413 2123 omnes
435 2049 664 2145 intelligunt:
687 2046 751 2119 sed
772 2071 870 2119 nunc
895 2048 941 2120 de
964 2049 1089 2122 studiis
1110 2048 1156 2121 ad
1174 2050 1355 2121 honorem

286 2155 501 2256 dispositis³,
528 2183 605 2229 non
631 2157 678 2229 de
704 2159 811 2229 insita
835 2157 1011 2257 cujusque
1037 2162 1171 2231 virtute
1195 2158 1352 2258 disputo.

286 2272 414 2345 Omnia
443 2272 510 2340 ista
537 2267 643 2338 nobis
673 2268 815 2338 studiat
845 2269 892 2341 de
916 2267 1084 2340 manibus
1107 2275 1353 2357 excutiuntur,

286 2380 392 2454 simul
410 2393 518 2477 atque
536 2378 665 2475 aliquis
679 2391 801 2450 motus
821 2403 936 2450 novus
950 2378 1122 2452 bellicum
1138 2403 1267 2451 canere
1281 2405 1355 2452 coe·

286 2493 351 2588 pit.
368 2490 528 2576 Etenim,
546 2501 588 2558 ut
609 2487 658 2558 ait
676 2488 884 2586 ingeniosus
905 2504 1032 2588 poeta,
1053 2505 1090 2562 et
1107 2507 1232 2562 auctor
1249 2489 1353 2562 valde

284 2694 309 2740 in
318 2689 424 2739 munda
437 2699 488 2737 erte
499 2686 593 2752 primm
606 2703 657 2736 esee
669 2689 793 2748 maluisse,
879 2690 918 2737 16.
937 2693 1023 2739 Vestra
1036 2707 1158 2752 responsa.
1172 2694 1234 2756 Qnae
1246 2707 1353 2756 respon·

286 2787 358 2836 quem
372 2771 397 2816 in
408 2768 484 2833 prime
496 2766 632 2826 secundnm
645 2778 718 2831 etque
730 2769 797 2818 hand
840 2768 902 2818 detis
920 2783 948 2816 ac
967 2769 1098 2819 decernitis
1118 2787 1146 2820 ee
1166 2772 1306 2820 deferuntur
1325 2773 1352 2819 in

286 2846 795 2912 ecio,anparprinoipibneeesepotuisset;
838 2849 971 2910 judicium,
995 2865 1098 2914 eumque
1116 2851 1258 2916 plerumque
1278 2867 1353 2898 er·-

286 2930 328 2978 sed
341 2930 440 2977 fortasse
455 2927 554 2987 meluit,
569 2927 595 2974 id
609 2929 676 2993 qnod
692 2939 728 2976 est
740 2929 799 2977 ede·
841 2937 893 2975 tum
904 2927 1039 2977 sortiuntur
1047 2929 1090 2993 qui
1101 2931 1238 2979 oratoribus
1246 2929 1349 2994 placuit;

286 3019 359 3074 ptus,
379 3007 452 3070 longe
474 3006 599 3068 omniurn,
617 3022 669 3053 non
691 3007 799 3067 eiusdem
841 3017 916 3072 prout
929 3006 1157 3071 eaeloqnentieent
1170 3009 1352 3066 extoiinnt,aut

288 3087 362 3134 modo
380 3087 471 3143 aetstis,
490 3083 532 3132 sed
551 3101 634 3132 eorum
652 3083 737 3145 etiam,
752 3087 796 3150 qni
839 3083 944 3134 elevant.

287 3163 793 3228 sunaneinjureetvilimeprinceps..
877 3178 918 3224 17.
944 3167 974 3211 In
995 3177 1047 3233 qrra
1065 3181 1099 3214 re.
1118 3167 1148 3214 ln
1168 3177 1215 3230 qua
1236 3166 1351 3216 facultate

288 3249 342 3294 Hoc
351 3254 430 3291 autem
440 3242 528 3290 inloeo
537 3259 574 3290 ars
582 3243 633 3307 ipra
643 3253 795 3301 extenuetur,
839 3241 945 3290 dicendi.
956 3247 1051 3292 Frustra
1063 3245 1163 3294 Cortius
1171 3243 1203 3293 ed
1212 3245 1267 3294 sall.
1277 3247 1350 3294 Geni.

286 3340 339 3372 non
351 3323 434 3371 homo.
454 3321 549 3371 Tullius
565 3333 630 3369 certe
643 3335 695 3369 non
711 3339 795 3372 ornnes
838 3321 937 3384 xvm,
946 3338 968 3382 1,
978 3321 1104 3371 delendam
1110 3324 1306 3374 eeneetvoenlam
1313 3341 1348 3376 re.

286 3405 362 3453 Jctoe
374 3403 420 3450 hae
433 3411 491 3450 note
500 3400 636 3464 adspergit,
648 3417 700 3449 non
710 3403 795 3467 praeoi-
873 3401 1348 3468 xlv.1.raeis0mamenta.Qntdquid

288 3501 335 3548 pue
348 3483 470 3540 Servium,
484 3479 526 3526 sed
539 3479 666 3544 plerosque
680 3481 710 3528 de
725 3482 796 3530 turbe
838 3495 889 3545 pu
899 3481 1022 3529 commodi
1032 3481 1105 3530 hebet
1115 3491 1140 3531 et
1150 3484 1294 3532 ornamenti.

288 3561 444 3627 leguleiorum
468 3557 557 3622 qnibns
580 3557 610 3604 nd
634 3559 794 3624 eloquentiam
875 3573 899 3607 α.
919 3559 1022 3608 Virtutes
1041 3559 1109 3625 ipsa.
1128 3562 1214 3610 Cetera
1231 3563 1347 3610 virtutum

287 3637 795 3706 ingeniumdeeratetinduetria.Summum
838 3651 867 3684 ee
880 3636 966 3686 dotum
983 3655 1086 3704 genere,
1101 3641 1150 3700 jem
1166 3639 1197 3689 eh
1213 3641 1347 3704 eloquentis

287 3733 324 3771 eet
332 3719 459 3769 artificium
467 3717 498 3765 ed
507 3718 642 3766 universnm
650 3719 712 3779 juris
720 3721 795 3767 soien-
838 3727 938 3764 mmota.

287 3803 345 3851 tiam
358 3795 546 3865 deprimendam.
874 3795 900 3842 ³.
913 3795 1079 3845 Adhortor-em
1088 3796 1216 3862 depositis.
1227 3797 1347 3846 Derirtn·

327 3879 367 3928 15.
395 3873 529 3924 Salubritas
556 3876 677 3940 quaedam.
708 3877 795 3926 Salutis
839 3872 904 3921 tibus
916 3873 1005 3938 quibus
1017 3875 1048 3924 ad
1060 3877 1212 3925 consulatum
1224 3877 1282 3928 itur.

286 3957 409 4022 quoddam
421 3957 613 4003 instrumentum.
630 3955 795 4004 Jnrieoonsul-
874 3959 899 4006 4.
926 3952 1015 4001 Urmia
1040 3955 1087 4003 ista
1110 3957 1199 4004 studia.
1223 3957 1288 4005 Libri
1311 3957 1346 4004 iiii

288 4048 326 4083 tue
337 4036 446 4083 clientica
457 4051 511 4082 vere
524 4045 631 4092 tantum,
645 4047 726 4083 orator
739 4051 794 4083 euru
838 4031 927 4095 quibus
939 4033 1078 4095 studemus,
1093 4036 1134 4097 jus
1146 4023 1212 4084 illud¹
1223 4037 1294 4084 civile
1305 4047 1347 4083 eut

287 4131 379 4162 servare
392 4100 472 4160 debet.
840 4109 938 4159 dicendi
949 4111 1058 4162 facultas.
