3018 4664
395 349 590 419 ORATIO
615 348 716 416 PRO
741 348 780 416 C.
806 347 1030 416 RABIRIO.
1174 343 1242 442 357

182 475 305 546 alieuae
322 470 502 570 pudicitia
522 469 748 568 pepercisse?
767 468 866 558 Quin
884 467 991 538 etiarn
1007 469 1182 564 suspicor,
1197 493 1241 539 eo

182 581 271 654 mibi
290 580 506 654 semihoram
530 604 551 650 a
577 577 737 656 Labieno
762 579 997 675 praestitutam
1016 601 1110 664 esse,
1136 593 1242 650 utne

181 691 286 788 plura
308 689 353 760 de
376 689 548 787 pudicitia
570 684 781 764 dicerem¹³·.
802 692 894 785 Ergo
913 686 958 758 ad
978 681 1052 758 hacc
1073 688 1243 774 crimina,

182 825 263 896 quae
292 800 437 903 patroni
465 796 685 896 diligentiam
711 789 937 885 desiderant,
966 797 1133 895 intelligis
1155 798 1245 869 mihi

182 908 400 980 semihoram
419 907 523 978 istam
546 908 697 978 nimium
716 907 858 1006 longam
873 912 903 958 ¹4
926 905 1033 978 fuisse
1050 933 1057 974 :
1076 907 1172 978 illam
1192 908 1243 978 al-

184 1030 294 1088 teram
304 1013 477 1114 pertem¹⁵
489 1015 533 1087 de
546 1041 633 1090 nece
642 1017 834 1102 Saturnini,
844 1017 1121 1114 nimisexiguam
1135 1033 1244 1115 atque

183 1140 370 1222 angustam
390 1150 466 1197 csse
486 1125 646 1213 voluisti3
668 1149 749 1222 quae
772 1149 848 1196 non
869 1129 1021 1197 oratoris
1037 1128 1242 1224 ingenium,

183 1234 246 1306 sed
264 1235 421 1312 consulis
441 1235 614 1306 auxilium
626 1232 658 1278 ¹⁶
680 1233 850 1332 implorat
867 1247 906 1305 ct¹
920 1233 1064 1331 llagitat.

231 1347 324 1416 Nam
346 1344 392 1416 de
408 1343 707 1443 perduellionis¹⁷
721 1342 877 1439 judicio,
897 1345 1030 1441 quoda
1051 1370 1109 1416 me
1127 1345 1244 1415 subla-

146 1523 149 1528 ,
183 1469 262 1526 tum
277 1479 354 1526 esse
369 1455 551 1539 criminari
570 1454 681 1540 soles,
705 1478 824 1524 meum
847 1457 980 1524 crimen
1000 1470 1069 1542 est,
1086 1481 1160 1524 nou
1179 1461 1244 1525 Ra-

184 1563 279 1634 hirii.
302 1563 410 1654 Quod
427 1567 581 1652 utinam,
597 1563 777 1653 Quirites,
792 1587 860 1659 ego
875 1562 911 1632 id
920 1559 951 1633 ,¹⁸
971 1577 1033 1634 aut
1052 1564 1188 1660 primus
1199 1574 1242 1648 ¹⁹,

185 1689 248 1745 aut
263 1674 361 1748 solus
374 1698 419 1746 ex
432 1673 498 1746 bac
511 1671 697 1770 republica
711 1669 949 1742 sustulissem!
968 1677 1126 1756 utin'am,
1142 1671 1243 1772 qarod

185 1782 246 1854 ille
274 1784 410 1854 crimen
443 1807 521 1854 esse
550 1781 646 1869 vult,
672 1781 862 1878 proprium
888 1783 1132 1854 testimonium
1157 1807 1252 1852 meua.

187 1893 299 1965 laudis
317 1890 425 1964 esset!
447 1893 544 1983 Quid
560 1893 656 1964 enim
677 1892 795 1987 optari
809 1906 948 1990 potest,
964 1892 1065 1990 quod
1079 1916 1146 1988 ego
1161 1892 1246 1963 mol-

176 2003 274 2092 lem,
294 2011 401 2101 quam
420 2028 478 2074 me
496 2004 534 2076 in
555 2001 746 2074 consulatu
763 2025 845 2072 meo
862 2001 1074 2074 carnificem
1084 2001 1130 2072 de
1147 2000 1245 2090 foro,

185 2167 692 2232 exerceretliademmnltteirrogatioplura
735 2168 802 2231 apud
823 2169 977 2217 Plutarchum
1000 2170 1026 2216 iu
1048 2169 1144 2225 Numa,
1167 2169 1246 2216 cardea

187 2249 405 2314 complectebatur,
419 2249 450 2297 de
462 2248 525 2296 lucia
539 2247 647 2304 violatia,
662 2245 697 2292 de'
735 2246 930 2306 bomiuialiberi,
941 2264 1013 2312 quam
1026 2249 1080 2311 quia
1090 2248 1167 2295 aciens
1179 2247 1245 2294 lecit.

187 2329 299 2393 peculatu
318 2328 398 2387 facto,
417 2339 464 2376 etc.
477 2339 505 2376 ut
517 2328 543 2374 iu
554 2327 602 2374 hoc
613 2326 692 2390 capite
736 2327 821 2374 Postea
829 2325 1002 2391 perduellionis
1015 2326 1121 2384 crahtau,
1135 2324 1196 2372 illud
1209 2325 1246 2372 di-

187 2407 377 2454 animadveraum
387 2417 430 2455 eet.
737 2417 803 2453 ctum
817 2417 866 2462 eat,
881 2421 931 2468 quo
944 2407 999 2469 quia
1011 2404 1145 2452 libertatem
1159 2402 1247 2468 populi

225 2481 693 2550 13.Depudr'citiadiceramAEoacilicet
737 2484 830 2530 romani
852 2483 967 2542 violavit,
992 2493 1112 2546 tamquam
1130 2481 1245 2529 allectato

188 2565 286 2614 uoraiue
295 2565 356 2614 male
366 2563 478 2618 audiebat
488 2563 614 2612 Labienus.
628 2562 693 2612 Salsa
706 2584 709 2592 ¹
738 2579 827 2625 reguo,
842 2562 940 2610 tribuno
952 2561 988 2626 pl.
1004 2560 1100 2626 puhato
1113 2571 1155 2608 aut
1168 2561 1245 2608 inter-

187 2641 226 2692 hia
236 2643 315 2691 verbis
328 2642 490 2702 ademarium
503 2641 570 2705 tigit,
585 2640 693 2707 impudi-
737 2642 816 2700 lecto,
829 2643 882 2688 cive
895 2656 956 2687 rom.
969 2638 1061 2687 indicta
1074 2655 1159 2700 cauea,
1173 2639 1247 2704 virgis

188 2722 250 2770 eitiae
262 2722 308 2771 sibi
319 2723 450 2770 comciuua.
738 2736 814 2775 caeso,
833 2731 882 2767 etc.
903 2721 940 2766 De
958 2718 1021 2765 illius
1036 2717 1124 2778 judicii
1141 2715 1246 2765 habendi

224 2811 265 2859 ιι..
286 2802 392 2850 Nimium
405 2802 510 2865 longam.
530 2801 614 2862 Quum
628 2815 642 2846 a
656 2813 694 2844 me
738 2799 831 2845 naione
851 2797 936 2846 confer
951 2795 983 2842 ad
998 2797 1056 2844 calc.
1070 2796 1140 2860 prim.
1154 2796 1247 2846 volum.

186 2879 237 2948 jam
250 2890 374 2928 momento
390 2877 505 2942 temporie
518 2888 542 2925 et
556 2876 631 2924 verbo
644 2891 694 2923 uuo
739 2878 874 2925 Eueumuau
887 2876 917 2924 de
928 2865 987 2923 ¹rom.
999 2875 1075 2937 judic.
1086 2874 1154 2939 publ.
1170 2877 1248 2924 Porro

188 2959 240 3008 aiut
249 2960 381 3007 confutata.
739 2957 766 3002 iu
777 2957 822 3004 hac
832 2971 901 3004 cauea
913 2956 1028 3019 pleraque
1038 2953 1151 3001 nobilitas
1160 2954 1248 3000 enixia·
1289 2985 1298 3002 ,

227 3039 267 3085 ι5.
288 3037 360 3085 Illam
380 3036 484 3084 alteram
499 3045 607 3098 partam.
630 3033 696 3080 nun
740 3035 798 3082 aime
814 3035 985 3090 contenderat,
1002 3049 1033 3080 ne
1046 3031 1165 3092 judicium
1183 3032 1249 3079 istud

187 3111 697 3183 parteaaccuaatiocomplectebaturzunam
741 3124 905 3170 exerceretur3
919 3127 966 3176 qua
980 3111 1051 3160 etiam
1065 3111 1090 3158 iu
1104 3127 1129 3157 re
1142 3111 1248 3159 studium

189 3211 244 3260 quae
262 3193 362 3250 mbtrto
383 3193 484 3240 multam
505 3202 606 3256 propter
626 3205 698 3254 supra
742 3207 827 3249 auum,
843 3201 869 3238 ut
887 3191 984 3254 opinor,
1000 3191 1088 3238 consul
1100 3191 1249 3254 apertissime

189 3273 285 3334 objecta
294 3271 406 3330 crimina3
416 3269 576 3331 alteramque
586 3275 698 3325 mortem,
741 3280 791 3318 erat
803 3269 937 3334 profeaaua3
949 3269 1014 3316 uude
1023 3268 1135 3318 tribunus
1146 3269 1181 3332 pl.
1194 3285 1249 3317 eum

189 3363 291 3417 propter
299 3350 452 3399 interiectum
459 3346 628 3404 Saturninum,
639 3348 699 3393 irro·
741 3351 766 3396 in
773 3348 889 3397 invidiam
894 3359 973 3406 vocat,
978 3349 1046 3410 quasi
1051 3348 1172 3410 judicium
1181 3349 1250 3403 illud,

190 3431 269 3496 gabat.
741 3427 859 3478 libertatis
869 3441 930 3473 rom.
941 3437 964 3473 et
977 3426 1110 3474 tribunitiae
1122 3428 1252 3490 potestatis
1320 3429 1324 3436 “

229 3511 270 3558 16.
283 3509 391 3559 Consulis
401 3506 529 3556 milium,
545 3507 628 3569 Quum
640 3517 698 3552 con·
743 3503 979 3562 arcem,euatulerit.
1058 3565 1061 3572 Ι

190 3587 268 3637 aulare
282 3589 426 3652 imperium,
440 3601 490 3649 quo
508 3596 545 3634 eat
558 3584 699 3632 interfectus
781 3585 822 3631 18.
834 3582 906 3631 Beck.
919 3582 1030 3630 voculam
1039 3582 1115 3638 hauc,
1125 3591 1152 3628 ut
1161 3583 1252 3630 redun-

191 3667 345 3724 Saturuiuua‚
356 3665 442 3714 consul
454 3665 507 3729 ipae
518 3663 646 3712 defendere
657 3661 700 3710 de·
745 3663 855 3723 dautem,
872 3661 984 3718 sustuli13
1006 3661 1075 3724 quod
1092 3659 1188 3708 Subiita.
1208 3661 1253 3708 iur-

189 3746 277 3805 hnm3
297 3755 321 3792 et
337 3760 376 3791 me
395 3743 519 3792 consulem
535 3742 700 3800 accusaveris,
745 3741 924 3807 probatullato
931 3737 1253 3803 exemploTerentJ’horm.

191 3824 260 3890 quod
275 3821 449 3888 perduellionis
464 3821 582 3883 judicium
598 3821 702 3869 sustule-
745 3824 770 3878 l,
786 3822 817 3880 3,
831 3820 855 3867 5.

192 3905 247 3952 rim.
786 3915 826 3960 ¹9·
839 3901 891 3945 Aue
899 3896 998 3960 primes.
1010 3895 1111 3943 Sustulit
1123 3895 1253 3944 animante

232 3998 270 4044 ¹7·
298 3977 477 4028 Pet-duellionis.
507 3979 582 4042 Apud
609 3991 703 4026 veteres
747 3980 887 4028 Ciceronem
901 3977 938 4022 M.
951 3977 1052 4022 Porcius
1068 3974 1142 4032 Cato,
1158 3975 1259 4028 auatnlit

194 4062 291 4127 proprie
304 4059 460 4126 parricidium
475 4069 538 4116 arat,
552 4057 574 4104 h.
589 4075 612 4108 e.
627 4069 652 4106 ut
668 4067 703 4104 est
748 4059 776 4107 C·
788 4055 917 4104 Gracchus.
