2962 4682
325 426 518 497 ORATIO
542 414 641 495 PRO
666 429 798 498 LEGE
821 431 1056 500 MANILIA.
1176 455 1217 526 17

156 569 303 633 omnes,
322 561 451 618 cuncta
474 547 554 618 Asia
576 561 685 644 atque
709 549 842 622 Graecia
865 564 1025 621 vestrum
1045 551 1218 631 auxilium

156 671 385 754 exspectare,
410 670 561 755 propter
584 659 733 754 periculi
755 658 1057 753 magnitudinem,
1080 681 1218 759 cogun-

156 777 239 850 tur3
261 767 518 864 imperatorem
541 791 561 836 a
584 765 687 838 vobis
711 785 850 841 certum
872 769 1217 869 deposcere,quum

155 875 355 970 praeertim
370 899 435 946 vos
455 874 565 946 alium
584 877 771 963 miseritis,
790 903 909 976 neque
929 879 1082 970 audent,
1097 907 1218 980 neque

154 983 191 1053 id
210 1009 248 1056 se
268 983 386 1057 facere
399 1009 541 1056 summo
561 987 639 1058 sine
652 984 838 1084 pericuio⁶
857 1012 962 1086 posse
982 988 1215 1065 arbitrantur.

153 1092 290 1166 Vident
312 1109 348 1166 et
374 1099 536 1166 sentiunt
560 1096 631 1168 hoc
653 1095 768 1183 idem,
788 1098 889 1194 quod
914 1123 998 1184 vos,
1024 1126 1139 1172 unum
1163 1108 1217 1174 vi·

153 1217 258 1274 rum⁷
279 1227 374 1290 esse,
392 1207 429 1275 in
448 1229 522 1302 quo
539 1229 679 1277 summa
700 1209 773 1278 sint
786 1208 927 1294 omnia,
947 1224 983 1280 et
1002 1233 1085 1280 eum
1101 1234 1216 1309 prope

154 1335 229 1384 esse
239 1307 270 1400 ⁸,
300 1338 374 1410 quo
398 1317 504 1385 etiam
525 1330 647 1386 carent
663 1320 809 1414 agrius,
832 1317 934 1411 cujus
958 1317 1116 1390 adventu
1136 1321 1216 1418 ipso

153 1437 264 1522 atque
283 1425 449 1510 nomine,
467 1427 610 1497 ‘tametsi
625 1425 685 1498 iile
704 1426 750 1497 ad
764 1428 983 1498 maritimum
999 1426 1135 1502 beilum
1154 1457 1217 1503 ve·

151 1536 270 1620 nerit,
287 1547 408 1606 tamen
429 1535 586 1631 impetus
609 1534 768 1606 hostium
786 1559 971 1632 repressos
988 1562 1063 1608 esse
1082 1539 1216 1611 intelli·

151 1659 243 1738 gunt
266 1667 308 1715 ae
329 1642 538 1714 retardatos.
553 1645 597 1714 Hi
610 1669 687 1732 vos,
702 1647 876 1741 quoniam
896 1643 1008 1716 libere
1026 1645 1128 1744 loqui
1140 1673 1217 1720 non

152 1749 253 1840 lieet,
274 1753 380 1824 tacite
403 1766 555 1848 rogant,
580 1765 623 1823 ut
647 1777 684 1824 se
709 1778 879 1850 quoque,
900 1757 993 1825 sicut
1015 1769 1216 1830 ceterarum

150 1865 420 1958 provinciarum
434 1863 587 1947 sentosa,
609 1861 735 1957 dignos
748 1861 975 1949 existimetis,
989 1885 1147 1958 quorum
1161 1889 1217 1938 sa·

148 1971 265 2044 intem
285 1971 346 2043 taii
359 1972 437 2042 viro
453 1969 735 2042 oommendetis:
755 1981 866 2066 atque
878 1970 950 2043 hoc
966 1971 1073 2044 etiam
1086 1978 1214 2071 magia,

148 2105 262 2179 quam
290 2090 486 2169 ceteros10,
511 2079 615 2176 quod
644 2077 822 2175 ejusmodi
847 2081 886 2152 in
906 2083 1125 2178 provinciam
1149 2083 1214 2158 bo·

147 2191 268 2263 mines
280 2201 308 2236 ¹¹
331 2215 416 2262 cum
436 2192 589 2288 imperio
603 2190 800 2278 mittimus,
818 2204 878 2277 ut,
897 2192 1033 2262 etiamsi
1048 2190 1094 2263 ab
1109 2191 1214 2269 hoste

147 2299 368 2387 defendant,
387 2314 509 2372 nmen
527 2299 690 2397 ipsorum
707 2296 882 2371 adrentus
906 2301 944 2370 in
967 2298 1076 2372 urbes
1097 2305 1213 2376 socio·

146 2435 232 2481 rum
258 2435 335 2481 non
360 2409 517 2482 multum
537 2407 584 2480 ab
605 2397 725 2480 hostili
745 2409 1014 2507 expugnatione
1032 2407 1211 2488 differant.
1263 2421 1267 2428 ’

146 2523 254 2592 Hune
270 2517 465 2591 audiebant
481 2532 606 2626 antea,
620 2540 719 2588 nunc
733 2532 945 2615 presentem
960 2516 1099 2606 vident,
1113 2533 1213 2594 tanta

145 2629 409 2728 temperantia,
424 2644 522 2700 tanta
540 2627 836 2714 mansuetudine,
856 2641 955 2700 tanta
969 2627 1212 2720 humanitate,

145 2753 189 2810 ut
206 2739 231 2809 ii
248 2737 445 2810 beatissimi
466 2761 542 2810 esee
562 2733 764 2825 videantur,
780 2735 989 2838 apud'quos
1004 2737 1063 2810 iile
1082 2737 1210 2814 diutis-

145 2849 236 2920 sime
255 2860 500 2920 commoratur
515 2855 560 2917 ¹²r
1228 2857 1233 2866 '

183 3055 208 3102 6.
221 3053 278 3102 Sine
290 3051 400 3118 periculo
412 3069 483 3119 posse
496 3051 654 3100 arbitrantur.
737 3063 777 3096 πο.
794 3049 876 3112 Qum
888 3053 986 3096 uaros.
997 3047 1055 3095 Duo
1067 3047 1120 3096 baee
1133 3051 1208 3102 verbu

145 3133 185 3180 Ne
204 3133 363 3183 Glabrionem
384 3132 527 3194 offendent,
539 3132 581 3195 qui
600 3145 656 3178 eum
698 3127 780 3190 apuria
790 3126 882 3174 multia.
894 3127 972 3174 Orant
981 3136 1009 3172 ut
1017 3125 1067 3173 boe
1078 3126 1150 3176 etiam
1159 3143 1211 3176 tna-

146 3226 242 3259 summo
255 3211 358 3276 imperio
377 3211 530 3277 provinciam
551 3209 656 3258 admini-
700 3206 749 3270 gie,
762 3220 833 3268 quem
841 3215 935 3252 eeteroe
943 3205 1023 3252 eucine
1032 3204 1209 3268 &monedati-

145 3291 248 3338 stabnt,
699 3285 888 3347 metia,quorum
901 3282 1001 3331 aaiutem
1013 3285 1130 3350 Pompeio
1140 3301 1208 3336 eom·

183 3385 208 3429 7.
226 3369 303 3415 Unum
314 3369 401 3419 uirum.
415 3367 620 3432 Cir-Pompeium.
699 3362 826 3411 incedetis·

181 3449 206 3494 8.
220 3449 255 3494 Et
267 3463 321 3495 erem
331 3465 409 3513 prope
419 3463 479 3496 esse.
490 3449 519 3494 in
529 3446 593 3494 beiio
602 3463 655 3494 mu·
738 3457 777 3490 11.
791 3440 920 3506 Ejusmodi
931 3441 957 3488 in
965 3443 1117 3506 provinciam
1127 3442 1206 3494 tont-

146 3525 227 3572 ritimo
241 3525 356 3574 adversus
376 3526 505 3590 predones
517 3539 542 3574 et
554 3527 652 3590 piratae,
699 3538 749 3570 nes.
757 3525 885 3570 Praetorem
893 3521 963 3570 ilium
969 3523 1091 3586 designat,
1100 3524 1209 3586 quiaquia

146 3605 455 3664 qnoemariMediterraneo
460 3604 655 3668 persequebatur,
700 3603 722 3648 ie
734 3603 821 3662 fuerit,
834 3602 877 3664 qni
889 3602 954 3650 Auta
967 3603 1118 3666 provinciam
1130 3603 1209 3650 admi-

147 3683 233 3730 miiitee
239 3694 263 3732 et
273 3685 381 3748 legione·
390 3685 416 3731 in
425 3686 507 3732 Anium
521 3687 545 3732 in
556 3684 657 3732 hiberna
701 3679 833 3736 uhtrabfltt
847 3689 873 3727 θῑ
880 3694 932 3727 11011
946 3681 1048 3730 ΟΜΝ
1061 3695 1171 3744 ΝΡΙῦθω
1185 3691 1209 3728 ei

147 3760 288 3812 adduxerat.
307 3761 380 3810 Liber
393 3778 455 3810 unua
467 3763 512 3810 MS
530 3761 619 3822 habet,
633 3775 657 3811 et
700 3758 839 3824 improbum
855 3759 1020 3822 magistratum
1039 3760 1111 3807 fuieee
1133 3759 1209 3823 uigui-

148 3855 201 3885 enm
208 3847 377 3905 propteree'se,
384 3841 452 3905 quod
459 3841 564 3905 probunt
573 3840 655 3890 Lamb.
699 3839 765 3889 fleat.

146 3917 235 3968 Etiam.
250 3923 330 3969 (ὢτων.
343 3931 368 3967 et
382 3921 494 3983 liittorp.
739 3935 778 3968 ru.
795 3919 909 3970 Correxit
927 3923 1020 3969 amnt.
1037 3934 1067 3967 ex
1084 3933 1136 3967 uuo
1152 3919 1210 3968 eod.

180 4013 205 4058 9.
227 3999 350 4048 dicarat.
362 4013 434 4062 prov.
449 3997 540 4056 socios,
565 3997 654 4060 quibua
700 4010 875 4057 contineretur,
897 3997 1060 4060 quodetiam
1082 3995 1209 4046 adnotavit

147 4077 295 4139 opetuiueen
306 4087 386 4124 rutro
397 4076 527 4140 Pompeius
538 4077 603 4125 tulit.
701 4077 920 4126 Oiivetue.i'erum
935 4083 1032 4121 nonest
1043 4089 1148 4125 neeeeee.

219 4165 279 4233 ῘΠ.
302 4179 346 4225 cie.
356 4195 412 4240 pars
422 4177 529 4223 secunda.
1041 4187 1060 4228 2
