<?xml version="1.0" encoding="UTF-8"?>
<!DOCTYPE html PUBLIC "-//W3C//DTD XHTML 1.0 Transitional//EN"
    "http://www.w3.org/TR/xhtml1/DTD/xhtml1-transitional.dtd">
<html xmlns="http://www.w3.org/1999/xhtml" xml:lang="en" lang="en">
 <head>
  <title>
</title>
<meta http-equiv="Content-Type" content="text/html;charset=utf-8" />
  <meta name='ocr-system' content='tesseract 3.04.00' />
  <meta name='ocr-capabilities' content='ocr_page ocr_carea ocr_par ocr_line ocrx_word'/>
</head>
<body>
  <div class='ocr_page' id='page_1' title='image "./mtciceronisquae00lemagoog_0259.png"; bbox 0 0 3020 4666; ppageno 0'>
   <div class='ocr_carea' id='block_1_1' title="bbox 249 345 1007 424">
    <p class='ocr_par' dir='ltr' id='par_1_1' title="bbox 249 345 1007 424">
     <span class='ocr_line' id='line_1_1' title="bbox 249 345 1007 424; baseline -0.008 0"><span class='ocrx_word' id='word_1_1' title='bbox 249 349 320 424; x_wconf 78' lang='lat'>250</span> <span class='ocrx_word' id='word_1_2' title='bbox 572 349 621 416; x_wconf 88' lang='lat' dir='ltr'>M.</span> <span class='ocrx_word' id='word_1_3' title='bbox 648 349 687 418; x_wconf 87' lang='grc' dir='ltr'>Τ.</span> <span class='ocrx_word' id='word_1_4' title='bbox 715 345 1007 422; x_wconf 87' lang='lat' dir='ltr'>CICERONIS</span> 
     </span>
    </p>
   </div>
   <div class='ocr_carea' id='block_1_2' title="bbox 223 468 1325 2343">
    <p class='ocr_par' dir='ltr' id='par_1_2' title="bbox 246 468 1325 574">
     <span class='ocr_line' id='line_1_2' title="bbox 246 468 1325 574; baseline 0 -26"><span class='ocrx_word' id='word_1_5' title='bbox 246 481 327 574; x_wconf 91' lang='lat' dir='ltr'>ipso</span> <span class='ocrx_word' id='word_1_6' title='bbox 355 483 500 558; x_wconf 76' lang='lat' dir='ltr'>senam,</span> <span class='ocrx_word' id='word_1_7' title='bbox 524 472 562 542; x_wconf 91' lang='lat' dir='ltr'>iu</span> <span class='ocrx_word' id='word_1_8' title='bbox 586 493 662 567; x_wconf 91' lang='lat' dir='ltr'>quo</span> <span class='ocrx_word' id='word_1_9' title='bbox 688 493 767 542; x_wconf 87' lang='lat' dir='ltr'>esse</span> <span class='ocrx_word' id='word_1_10' title='bbox 794 468 897 541; x_wconf 86' lang='lat' dir='ltr'>locus</span> <span class='ocrx_word' id='word_1_11' title='bbox 918 469 1005 544; x_wconf 91' lang='lat' dir='ltr'>huic</span> <span class='ocrx_word' id='word_1_12' title='bbox 1023 472 1105 544; x_wconf 87' lang='lat' dir='ltr'>voci</span> <span class='ocrx_word' id='word_1_13' title='bbox 1126 495 1202 544; x_wconf 89' lang='grc' dir='ltr'><strong>ιιοιι</strong></span> <span class='ocrx_word' id='word_1_14' title='bbox 1219 473 1325 548; x_wconf 81' lang='lat' dir='ltr'>vide·</span> 
     </span>
    </p>

    <p class='ocr_par' dir='ltr' id='par_1_3' title="bbox 223 577 1325 1454">
     <span class='ocr_line' id='line_1_3' title="bbox 223 577 1325 682; baseline 0.001 -25"><span class='ocrx_word' id='word_1_15' title='bbox 223 604 226 613; x_wconf 88' lang='lat'>·</span> <span class='ocrx_word' id='word_1_16' title='bbox 245 587 366 672; x_wconf 88' lang='lat' dir='ltr'>batur,</span> <span class='ocrx_word' id='word_1_17' title='bbox 379 577 617 681; x_wconf 77' lang='lat' dir='ltr'>popularem³</span> <span class='ocrx_word' id='word_1_18' title='bbox 634 604 692 652; x_wconf 89' lang='lat' dir='ltr'>me</span> <span class='ocrx_word' id='word_1_19' title='bbox 706 578 871 652; x_wconf 84' lang='lat' dir='ltr'>futurum</span> <span class='ocrx_word' id='word_1_20' title='bbox 885 604 967 654; x_wconf 87' lang='lat' dir='ltr'>esse</span> <span class='ocrx_word' id='word_1_21' title='bbox 981 581 1189 672; x_wconf 76' lang='lat' dir='ltr'>consulem,</span> <span class='ocrx_word' id='word_1_22' title='bbox 1206 588 1325 682; x_wconf 89' lang='lat' dir='ltr'>prima</span> 
     </span>
     <span class='ocr_line' id='line_1_4' title="bbox 244 689 1323 794; baseline 0 -26"><span class='ocrx_word' id='word_1_23' title='bbox 244 721 324 768; x_wconf 88' lang='lat' dir='ltr'>mea</span> <span class='ocrx_word' id='word_1_24' title='bbox 355 693 415 765; x_wconf 92' lang='lat' dir='ltr'>illa</span> <span class='ocrx_word' id='word_1_25' title='bbox 442 694 606 765; x_wconf 86' lang='lat' dir='ltr'>oratione</span> <span class='ocrx_word' id='word_1_26' title='bbox 640 689 827 764; x_wconf 75' lang='lat' dir='ltr'>kalendis⁴</span> <span class='ocrx_word' id='word_1_27' title='bbox 855 692 1030 787; x_wconf 87' lang='lat' dir='ltr'>januariis</span> <span class='ocrx_word' id='word_1_28' title='bbox 1064 691 1149 766; x_wconf 84' lang='lat' dir='ltr'><strong>dixi.</strong></span> <span class='ocrx_word' id='word_1_29' title='bbox 1192 699 1323 794; x_wconf 85' lang='lat' dir='ltr'><strong>Neque</strong></span> 
     </span>
     <span class='ocr_line' id='line_1_5' title="bbox 245 800 1323 904; baseline 0.002 -27"><span class='ocrx_word' id='word_1_30' title='bbox 245 809 344 878; x_wconf 90' lang='lat' dir='ltr'>enim</span> <span class='ocrx_word' id='word_1_31' title='bbox 361 804 437 875; x_wconf 93' lang='lat' dir='ltr'>ullo</span> <span class='ocrx_word' id='word_1_32' title='bbox 456 801 568 904; x_wconf 80' lang='lat' dir='ltr'>ruodo</span> <span class='ocrx_word' id='word_1_33' title='bbox 586 800 703 874; x_wconf 84' lang='lat' dir='ltr'>faeere</span> <span class='ocrx_word' id='word_1_34' title='bbox 723 827 891 900; x_wconf 89' lang='lat' dir='ltr'>possum,</span> <span class='ocrx_word' id='word_1_35' title='bbox 908 817 965 889; x_wconf 89' lang='lat' dir='ltr'>ut,</span> <span class='ocrx_word' id='word_1_36' title='bbox 980 828 1097 901; x_wconf 91' lang='lat' dir='ltr'>quum</span> <span class='ocrx_word' id='word_1_37' title='bbox 1116 829 1176 878; x_wconf 88' lang='lat' dir='ltr'>me</span> <span class='ocrx_word' id='word_1_38' title='bbox 1193 806 1323 878; x_wconf 88' lang='lat' dir='ltr'>iutelli-</span> 
     </span>
     <span class='ocr_line' id='line_1_6' title="bbox 247 913 1324 1015; baseline 0.002 -29"><span class='ocrx_word' id='word_1_39' title='bbox 247 939 347 1015; x_wconf 81' lang='lat' dir='ltr'>gam,</span> <span class='ocrx_word' id='word_1_40' title='bbox 366 940 443 986; x_wconf 89' lang='lat' dir='ltr'>nou</span> <span class='ocrx_word' id='word_1_41' title='bbox 465 914 658 986; x_wconf 90' lang='lat' dir='ltr'>homiuum</span> <span class='ocrx_word' id='word_1_42' title='bbox 676 913 881 1012; x_wconf 88' lang='lat' dir='ltr'>potentium</span> <span class='ocrx_word' id='word_1_43' title='bbox 895 913 1038 1001; x_wconf 89' lang='lat' dir='ltr'>studio,</span> <span class='ocrx_word' id='word_1_44' title='bbox 1057 939 1133 986; x_wconf 91' lang='lat' dir='ltr'>non</span> <span class='ocrx_word' id='word_1_45' title='bbox 1147 915 1324 988; x_wconf 85' lang='lat' dir='ltr'>excellen-</span> 
     </span>
     <span class='ocr_line' id='line_1_7' title="bbox 245 1022 1323 1124; baseline 0.004 -26"><span class='ocrx_word' id='word_1_46' title='bbox 245 1027 344 1099; x_wconf 80' lang='lat' dir='ltr'>tibus</span> <span class='ocrx_word' id='word_1_47' title='bbox 362 1027 485 1124; x_wconf 83' lang='lat' dir='ltr'>gratiis</span> <span class='ocrx_word' id='word_1_48' title='bbox 505 1049 728 1124; x_wconf 85' lang='lat' dir='ltr'>paucorum,</span> <span class='ocrx_word' id='word_1_49' title='bbox 752 1022 816 1096; x_wconf 86' lang='lat' dir='ltr'>sed</span> <span class='ocrx_word' id='word_1_50' title='bbox 841 1023 1001 1096; x_wconf 75' lang='lat' dir='ltr'>universi</span> <span class='ocrx_word' id='word_1_51' title='bbox 1025 1023 1153 1122; x_wconf 90' lang='lat' dir='ltr'>populi</span> <span class='ocrx_word' id='word_1_52' title='bbox 1180 1029 1323 1102; x_wconf 87' lang='lat' dir='ltr'>romani</span> 
     </span>
     <span class='ocr_line' id='line_1_8' title="bbox 243 1131 1323 1236; baseline -0.005 -25"><span class='ocrx_word' id='word_1_53' title='bbox 243 1137 381 1236; x_wconf 88' lang='lat' dir='ltr'>judicio</span> <span class='ocrx_word' id='word_1_54' title='bbox 393 1137 583 1210; x_wconf 82' lang='lat' dir='ltr'>consulem</span> <span class='ocrx_word' id='word_1_55' title='bbox 596 1138 646 1206; x_wconf 88' lang='lat' dir='ltr'>ita</span> <span class='ocrx_word' id='word_1_56' title='bbox 660 1132 811 1222; x_wconf 84' lang='lat' dir='ltr'>lactum,</span> <span class='ocrx_word' id='word_1_57' title='bbox 824 1147 865 1204; x_wconf 91' lang='lat' dir='ltr'>ut</span> <span class='ocrx_word' id='word_1_58' title='bbox 875 1131 1104 1206; x_wconf 84' lang='lat' dir='ltr'>nobilissimis</span> <span class='ocrx_word' id='word_1_59' title='bbox 1112 1132 1323 1208; x_wconf 89' lang='lat' dir='ltr'>hominibus</span> 
     </span>
     <span class='ocr_line' id='line_1_9' title="bbox 245 1242 1322 1358; baseline -0.006 -36"><span class='ocrx_word' id='word_1_60' title='bbox 245 1247 353 1348; x_wconf 84' lang='lat' dir='ltr'>longe</span> <span class='ocrx_word' id='word_1_61' title='bbox 380 1271 630 1348; x_wconf 75' lang='lat' dir='ltr'>praeponeres,</span> <span class='ocrx_word' id='word_1_62' title='bbox 651 1269 729 1318; x_wconf 89' lang='lat' dir='ltr'>nou</span> <span class='ocrx_word' id='word_1_63' title='bbox 754 1257 791 1318; x_wconf 90' lang='lat' dir='ltr'>et</span> <span class='ocrx_word' id='word_1_64' title='bbox 815 1244 853 1316; x_wconf 90' lang='lat' dir='ltr'>in</span> <span class='ocrx_word' id='word_1_65' title='bbox 876 1242 947 1316; x_wconf 90' lang='lat' dir='ltr'>hoc</span> <span class='ocrx_word' id='word_1_66' title='bbox 978 1245 1206 1358; x_wconf 70' lang='lat' dir='ltr'>magistratu,</span> <span class='ocrx_word' id='word_1_67' title='bbox 1228 1245 1322 1318; x_wconf 89' lang='lat' dir='ltr'>etin</span> 
     </span>
     <span class='ocr_line' id='line_1_10' title="bbox 246 1352 771 1454; baseline -0.013 -23"><span class='ocrx_word' id='word_1_68' title='bbox 246 1361 345 1431; x_wconf 89' lang='lat' dir='ltr'>omni</span> <span class='ocrx_word' id='word_1_69' title='bbox 363 1361 437 1430; x_wconf 84' lang='lat' dir='ltr'>vita</span> <span class='ocrx_word' id='word_1_70' title='bbox 459 1352 554 1428; x_wconf 85' lang='lat' dir='ltr'>sim⁵</span> <span class='ocrx_word' id='word_1_71' title='bbox 570 1354 771 1454; x_wconf 90' lang='lat' dir='ltr'>popularis.</span> 
     </span>
    </p>

    <p class='ocr_par' dir='ltr' id='par_1_4' title="bbox 245 1461 1325 2343">
     <span class='ocr_line' id='line_1_11' title="bbox 294 1461 1324 1564; baseline -0.004 -22"><span class='ocrx_word' id='word_1_72' title='bbox 294 1470 364 1542; x_wconf 86' lang='lat' dir='ltr'>Sed</span> <span class='ocrx_word' id='word_1_73' title='bbox 377 1469 467 1540; x_wconf 90' lang='lat' dir='ltr'>mihi</span> <span class='ocrx_word' id='word_1_74' title='bbox 478 1467 525 1540; x_wconf 83' lang='lat' dir='ltr'>ad</span> <span class='ocrx_word' id='word_1_75' title='bbox 538 1466 691 1563; x_wconf 83' lang='lat' dir='ltr'>hujusce</span> <span class='ocrx_word' id='word_1_76' title='bbox 707 1463 811 1537; x_wconf 87' lang='lat' dir='ltr'>verbi</span> <span class='ocrx_word' id='word_1_77' title='bbox 823 1461 921 1536; x_wconf 79' lang='grc' dir='ltr'>ιὶιιι6</span> <span class='ocrx_word' id='word_1_78' title='bbox 934 1478 971 1538; x_wconf 89' lang='lat' dir='ltr'>et</span> <span class='ocrx_word' id='word_1_79' title='bbox 985 1467 1324 1564; x_wconf 81' lang='lat' dir='ltr'>interpretationem</span> 
     </span>
     <span class='ocr_line' id='line_1_12' title="bbox 245 1577 1323 1678; baseline -0.001 -27"><span class='ocrx_word' id='word_1_80' title='bbox 245 1581 482 1654; x_wconf 82' lang='lat' dir='ltr'>vehementer</span> <span class='ocrx_word' id='word_1_81' title='bbox 500 1603 594 1678; x_wconf 91' lang='lat' dir='ltr'>opus</span> <span class='ocrx_word' id='word_1_82' title='bbox 612 1591 667 1650; x_wconf 91' lang='lat' dir='ltr'>est</span> <span class='ocrx_word' id='word_1_83' title='bbox 682 1591 800 1650; x_wconf 85' lang='lat' dir='ltr'>vestra</span> <span class='ocrx_word' id='word_1_84' title='bbox 813 1577 1019 1676; x_wconf 88' lang='lat' dir='ltr'>sapientia⁷.</span> <span class='ocrx_word' id='word_1_85' title='bbox 1040 1581 1214 1650; x_wconf 86' lang='lat' dir='ltr'>Versatur</span> <span class='ocrx_word' id='word_1_86' title='bbox 1226 1579 1323 1650; x_wconf 88' lang='lat' dir='ltr'>euim</span> 
     </span>
     <span class='ocr_line' id='line_1_13' title="bbox 247 1686 1324 1788; baseline -0.002 -26"><span class='ocrx_word' id='word_1_87' title='bbox 247 1715 402 1788; x_wconf 84' lang='lat' dir='ltr'>maguus</span> <span class='ocrx_word' id='word_1_88' title='bbox 418 1713 538 1778; x_wconf 88' lang='lat' dir='ltr'>error,</span> <span class='ocrx_word' id='word_1_89' title='bbox 556 1702 709 1787; x_wconf 90' lang='lat' dir='ltr'>propter</span> <span class='ocrx_word' id='word_1_90' title='bbox 726 1687 916 1760; x_wconf 86' lang='lat' dir='ltr'>insidiosas</span> <span class='ocrx_word' id='word_1_91' title='bbox 932 1686 1198 1760; x_wconf 87' lang='lat' dir='ltr'>nonnullorum</span> <span class='ocrx_word' id='word_1_92' title='bbox 1216 1689 1324 1760; x_wconf 88' lang='lat' dir='ltr'>simu·</span> 
     </span>
     <span class='ocr_line' id='line_1_14' title="bbox 246 1798 1321 1900; baseline -0.003 -26"><span class='ocrx_word' id='word_1_93' title='bbox 246 1801 418 1892; x_wconf 83' lang='lat' dir='ltr'>lutioues3</span> <span class='ocrx_word' id='word_1_94' title='bbox 444 1802 507 1900; x_wconf 92' lang='lat' dir='ltr'>qui</span> <span class='ocrx_word' id='word_1_95' title='bbox 541 1825 658 1898; x_wconf 89' lang='lat' dir='ltr'>quum</span> <span class='ocrx_word' id='word_1_96' title='bbox 691 1798 821 1899; x_wconf 91' lang='lat' dir='ltr'>populi</span> <span class='ocrx_word' id='word_1_97' title='bbox 852 1823 929 1870; x_wconf 90' lang='lat' dir='ltr'>non</span> <span class='ocrx_word' id='word_1_98' title='bbox 962 1799 1080 1870; x_wconf 88' lang='lat' dir='ltr'>solum</span> <span class='ocrx_word' id='word_1_99' title='bbox 1112 1799 1321 1890; x_wconf 89' lang='lat' dir='ltr'>commoda,</span> 
     </span>
     <span class='ocr_line' id='line_1_15' title="bbox 245 1907 1322 2010; baseline -0.003 -24"><span class='ocrx_word' id='word_1_100' title='bbox 245 1929 373 1986; x_wconf 66' lang='lat' dir='ltr'>neruus</span> <span class='ocrx_word' id='word_1_101' title='bbox 394 1916 501 1985; x_wconf 89' lang='lat' dir='ltr'>etiarn</span> <span class='ocrx_word' id='word_1_102' title='bbox 529 1912 682 1984; x_wconf 89' lang='lat' dir='ltr'>salutem</span> <span class='ocrx_word' id='word_1_103' title='bbox 701 1923 916 2010; x_wconf 82' lang='lat' dir='ltr'>oppugnant</span> <span class='ocrx_word' id='word_1_104' title='bbox 939 1923 976 1982; x_wconf 88' lang='lat' dir='ltr'>et</span> <span class='ocrx_word' id='word_1_105' title='bbox 992 1907 1219 2007; x_wconf 89' lang='lat' dir='ltr'>impediunt,</span> <span class='ocrx_word' id='word_1_106' title='bbox 1243 1935 1322 1983; x_wconf 86' lang='lat' dir='ltr'>ora·</span> 
     </span>
     <span class='ocr_line' id='line_1_16' title="bbox 248 2020 1322 2121; baseline -0.001 -28"><span class='ocrx_word' id='word_1_107' title='bbox 248 2023 349 2094; x_wconf 90' lang='lat' dir='ltr'>tione</span> <span class='ocrx_word' id='word_1_108' title='bbox 376 2023 520 2121; x_wconf 81' lang='lat' dir='ltr'>assequi</span> <span class='ocrx_word' id='word_1_109' title='bbox 541 2021 691 2111; x_wconf 86' lang='lat' dir='ltr'>volunt,</span> <span class='ocrx_word' id='word_1_110' title='bbox 723 2035 765 2093; x_wconf 91' lang='lat' dir='ltr'>ut</span> <span class='ocrx_word' id='word_1_111' title='bbox 791 2020 987 2120; x_wconf 88' lang='lat' dir='ltr'>populares</span> <span class='ocrx_word' id='word_1_112' title='bbox 1014 2045 1090 2093; x_wconf 86' lang='lat' dir='ltr'>esse</span> <span class='ocrx_word' id='word_1_113' title='bbox 1120 2020 1322 2094; x_wconf 82' lang='lat' dir='ltr'>videantur.</span> 
     </span>
     <span class='ocr_line' id='line_1_17' title="bbox 246 2130 1325 2232; baseline -0.001 -28"><span class='ocrx_word' id='word_1_114' title='bbox 246 2137 322 2232; x_wconf 84' lang='lat' dir='ltr'>Ego</span> <span class='ocrx_word' id='word_1_115' title='bbox 344 2134 490 2232; x_wconf 85' lang='lat' dir='ltr'>qualem</span> <span class='ocrx_word' id='word_1_116' title='bbox 510 2131 674 2206; x_wconf 80' lang='lat' dir='ltr'>kalendis</span> <span class='ocrx_word' id='word_1_117' title='bbox 688 2134 861 2229; x_wconf 87' lang='lat' dir='ltr'>januariis</span> <span class='ocrx_word' id='word_1_118' title='bbox 889 2133 1090 2229; x_wconf 86' lang='lat' dir='ltr'>acceperim</span> <span class='ocrx_word' id='word_1_119' title='bbox 1121 2130 1325 2231; x_wconf 89' lang='lat' dir='ltr'>rempubli-</span> 
     </span>
     <span class='ocr_line' id='line_1_18' title="bbox 245 2241 1325 2343; baseline 0 -27"><span class='ocrx_word' id='word_1_120' title='bbox 245 2269 346 2334; x_wconf 84' lang='lat' dir='ltr'>cam,</span> <span class='ocrx_word' id='word_1_121' title='bbox 365 2245 540 2335; x_wconf 88' lang='lat' dir='ltr'>Quirites,</span> <span class='ocrx_word' id='word_1_122' title='bbox 561 2244 747 2342; x_wconf 82' lang='lat' dir='ltr'>iutellig03</span> <span class='ocrx_word' id='word_1_123' title='bbox 768 2244 914 2343; x_wconf 84' lang='lat' dir='ltr'>plenam</span> <span class='ocrx_word' id='word_1_124' title='bbox 932 2241 1224 2333; x_wconf 84' lang='lat' dir='ltr'>sollicitudinis⁸,</span> <span class='ocrx_word' id='word_1_125' title='bbox 1245 2243 1325 2342; x_wconf 91' lang='lat' dir='ltr'>ple·</span> 
     </span>
    </p>
   </div>
   <div class='ocr_carea' id='block_1_3' title="bbox 244 2351 1324 2454">
    <p class='ocr_par' dir='ltr' id='par_1_5' title="bbox 244 2351 1324 2454">
     <span class='ocr_line' id='line_1_19' title="bbox 244 2351 1324 2454; baseline -0.001 -28"><span class='ocrx_word' id='word_1_126' title='bbox 244 2379 330 2426; x_wconf 87' lang='lat' dir='ltr'>uam</span> <span class='ocrx_word' id='word_1_127' title='bbox 346 2355 506 2444; x_wconf 83' lang='lat' dir='ltr'>timoris3</span> <span class='ocrx_word' id='word_1_128' title='bbox 529 2357 567 2426; x_wconf 92' lang='lat' dir='ltr'>in</span> <span class='ocrx_word' id='word_1_129' title='bbox 586 2379 660 2454; x_wconf 92' lang='lat' dir='ltr'>qua</span> <span class='ocrx_word' id='word_1_130' title='bbox 677 2354 768 2426; x_wconf 88' lang='lat' dir='ltr'>nihil</span> <span class='ocrx_word' id='word_1_131' title='bbox 791 2367 867 2426; x_wconf 89' lang='lat' dir='ltr'>erat</span> <span class='ocrx_word' id='word_1_132' title='bbox 894 2351 999 2441; x_wconf 84' lang='lat' dir='ltr'>mali,</span> <span class='ocrx_word' id='word_1_133' title='bbox 1025 2351 1141 2423; x_wconf 81' lang='lat' dir='ltr'>nihil⁹</span> <span class='ocrx_word' id='word_1_134' title='bbox 1167 2352 1324 2443; x_wconf 87' lang='lat' dir='ltr'>adversi,</span> 
     </span>
    </p>
   </div>
   <div class='ocr_carea' id='block_1_4' title="bbox 245 2517 1325 4182">
    <p class='ocr_par' dir='ltr' id='par_1_6' title="bbox 245 2517 1325 4182">
     <span class='ocr_line' id='line_1_20' title="bbox 245 2517 1324 2586; baseline -0.004 -16"><span class='ocrx_word' id='word_1_135' title='bbox 245 2521 385 2570; x_wconf 81' lang='lat' dir='ltr'>beatissime</span> <span class='ocrx_word' id='word_1_136' title='bbox 402 2519 494 2570; x_wconf 84' lang='lat' dir='ltr'>auditis</span> <span class='ocrx_word' id='word_1_137' title='bbox 514 2537 557 2570; x_wconf 83' lang='lat' dir='ltr'>sos</span> <span class='ocrx_word' id='word_1_138' title='bbox 572 2522 617 2586; x_wconf 87' lang='lat' dir='ltr'>qui</span> <span class='ocrx_word' id='word_1_139' title='bbox 639 2537 666 2568; x_wconf 82' lang='lat' dir='ltr'>aa</span> <span class='ocrx_word' id='word_1_140' title='bbox 679 2537 761 2569; x_wconf 85' lang='lat' dir='ltr'>eoram</span> <span class='ocrx_word' id='word_1_141' title='bbox 807 2519 948 2586; x_wconf 85' lang='lat' dir='ltr'>popularis,</span> <span class='ocrx_word' id='word_1_142' title='bbox 958 2517 1133 2583; x_wconf 77' lang='lat' dir='ltr'>rempublicam</span> <span class='ocrx_word' id='word_1_143' title='bbox 1141 2519 1208 2568; x_wconf 83' lang='lat' dir='ltr'>falsis</span> <span class='ocrx_word' id='word_1_144' title='bbox 1221 2517 1324 2568; x_wconf 87' lang='lat' dir='ltr'>nomini·</span> 
     </span>
     <span class='ocr_line' id='line_1_21' title="bbox 246 2597 1127 2667; baseline -0.002 -18"><span class='ocrx_word' id='word_1_145' title='bbox 246 2601 319 2650; x_wconf 80' lang='lat' dir='ltr'>vobis</span> <span class='ocrx_word' id='word_1_146' title='bbox 327 2601 458 2666; x_wconf 82' lang='lat' dir='ltr'>populares</span> <span class='ocrx_word' id='word_1_147' title='bbox 468 2599 631 2667; x_wconf 83' lang='lat' dir='ltr'>profiteatur,</span> <span class='ocrx_word' id='word_1_148' title='bbox 642 2601 702 2650; x_wconf 85' lang='lat' dir='ltr'>dum</span> <span class='ocrx_word' id='word_1_149' title='bbox 711 2615 763 2650; x_wconf 85' lang='lat' dir='ltr'>noa</span> <span class='ocrx_word' id='word_1_150' title='bbox 805 2600 854 2649; x_wconf 87' lang='lat' dir='ltr'>bus</span> <span class='ocrx_word' id='word_1_151' title='bbox 862 2597 1005 2665; x_wconf 80' lang='lat' dir='ltr'>perturbare</span> <span class='ocrx_word' id='word_1_152' title='bbox 1015 2605 1127 2648; x_wconf 81' lang='lat' dir='ltr'>sonetur.</span> 
     </span>
     <span class='ocr_line' id='line_1_22' title="bbox 248 2675 1324 2746; baseline -0.004 -16"><span class='ocrx_word' id='word_1_153' title='bbox 248 2680 332 2730; x_wconf 84' lang='lat' dir='ltr'>eadem</span> <span class='ocrx_word' id='word_1_154' title='bbox 347 2693 384 2734; x_wconf 82' lang='lat' dir='ltr'>est</span> <span class='ocrx_word' id='word_1_155' title='bbox 394 2681 462 2746; x_wconf 91' lang='lat' dir='ltr'>apud</span> <span class='ocrx_word' id='word_1_156' title='bbox 476 2691 599 2730; x_wconf 79' lang='lat' dir='ltr'>senatores</span> <span class='ocrx_word' id='word_1_157' title='bbox 613 2682 697 2746; x_wconf 85' lang='lat' dir='ltr'>eopia,</span> <span class='ocrx_word' id='word_1_158' title='bbox 706 2681 764 2746; x_wconf 81' lang='lat' dir='ltr'>quia</span> <span class='ocrx_word' id='word_1_159' title='bbox 845 2698 869 2744; x_wconf 77' lang='lat'>7.</span> <span class='ocrx_word' id='word_1_160' title='bbox 879 2675 1105 2742; x_wconf 79' lang='lat' dir='ltr'>Vestrasaps&#39;eatia.</span> <span class='ocrx_word' id='word_1_161' title='bbox 1116 2677 1222 2726; x_wconf 78' lang='lat' dir='ltr'>Maxime</span> <span class='ocrx_word' id='word_1_162' title='bbox 1229 2677 1324 2742; x_wconf 87' lang='lat' dir='ltr'>populo</span> 
     </span>
     <span class='ocr_line' id='line_1_23' title="bbox 247 2757 1323 2826; baseline -0.002 -18"><span class='ocrx_word' id='word_1_163' title='bbox 247 2759 283 2808; x_wconf 88' lang='lat' dir='ltr'>ibi</span> <span class='ocrx_word' id='word_1_164' title='bbox 297 2772 356 2809; x_wconf 88' lang='lat' dir='ltr'>sunt</span> <span class='ocrx_word' id='word_1_165' title='bbox 373 2761 447 2808; x_wconf 85' lang='lat' dir='ltr'>invisi</span> <span class='ocrx_word' id='word_1_166' title='bbox 461 2761 602 2826; x_wconf 77' lang='lat' dir='ltr'>populares.</span> <span class='ocrx_word' id='word_1_167' title='bbox 805 2759 902 2822; x_wconf 81' lang='lat' dir='ltr'>judicio</span> <span class='ocrx_word' id='word_1_168' title='bbox 916 2769 953 2808; x_wconf 86' lang='lat' dir='ltr'>est</span> <span class='ocrx_word' id='word_1_169' title='bbox 972 2774 1051 2823; x_wconf 87' lang='lat' dir='ltr'>opus,</span> <span class='ocrx_word' id='word_1_170' title='bbox 1065 2769 1092 2806; x_wconf 91' lang='lat' dir='ltr'>ut</span> <span class='ocrx_word' id='word_1_171' title='bbox 1106 2757 1216 2807; x_wconf 84' lang='lat' dir='ltr'>tenebras</span> <span class='ocrx_word' id='word_1_172' title='bbox 1232 2757 1323 2820; x_wconf 90' lang='lat' dir='ltr'>quibus</span> 
     </span>
     <span class='ocr_line' id='line_1_24' title="bbox 285 2835 1324 2904; baseline -0.004 -16"><span class='ocrx_word' id='word_1_173' title='bbox 285 2841 308 2888; x_wconf 81' lang='lat'>3.</span> <span class='ocrx_word' id='word_1_174' title='bbox 329 2839 487 2904; x_wconf 70' lang='lat' dir='ltr'>Papularum.</span> <span class='ocrx_word' id='word_1_175' title='bbox 507 2841 554 2888; x_wconf 85' lang='lat' dir='ltr'>His</span> <span class='ocrx_word' id='word_1_176' title='bbox 574 2837 657 2889; x_wconf 77' lang='lat' dir='ltr'>verbis</span> <span class='ocrx_word' id='word_1_177' title='bbox 679 2849 764 2888; x_wconf 86' lang='lat' dir='ltr'>oratus·</span> <span class='ocrx_word' id='word_1_178' title='bbox 807 2838 1007 2897; x_wconf 70' lang='lat' dir='ltr'>circumdabitur,</span> <span class='ocrx_word' id='word_1_179' title='bbox 1025 2837 1161 2899; x_wconf 78' lang='lat' dir='ltr'>disentiat,</span> <span class='ocrx_word' id='word_1_180' title='bbox 1182 2849 1207 2886; x_wconf 86' lang='lat' dir='ltr'>et</span> <span class='ocrx_word' id='word_1_181' title='bbox 1224 2835 1324 2885; x_wconf 88' lang='lat' dir='ltr'>iusidias</span> 
     </span>
     <span class='ocr_line' id='line_1_25' title="bbox 247 2915 1324 2985; baseline -0.005 -17"><span class='ocrx_word' id='word_1_182' title='bbox 247 2919 308 2968; x_wconf 79' lang='lat' dir='ltr'>ruite</span> <span class='ocrx_word' id='word_1_183' title='bbox 330 2919 378 2968; x_wconf 92' lang='lat' dir='ltr'>sibi</span> <span class='ocrx_word' id='word_1_184' title='bbox 392 2921 500 2968; x_wconf 69' lang='lat' dir='ltr'>hvorem</span> <span class='ocrx_word' id='word_1_185' title='bbox 521 2921 610 2985; x_wconf 91' lang='lat' dir='ltr'>populi</span> <span class='ocrx_word' id='word_1_186' title='bbox 633 2919 764 2980; x_wconf 72' lang='lat' dir='ltr'>conciliat,</span> <span class='ocrx_word' id='word_1_187' title='bbox 808 2919 861 2968; x_wconf 90' lang='lat' dir='ltr'>illas</span> <span class='ocrx_word' id='word_1_188' title='bbox 875 2917 999 2984; x_wconf 84' lang='lat' dir='ltr'>quaslieti</span> <span class='ocrx_word' id='word_1_189' title='bbox 1010 2917 1142 2982; x_wconf 85' lang='lat' dir='ltr'>populares</span> <span class='ocrx_word' id='word_1_190' title='bbox 1162 2917 1186 2964; x_wconf 86' lang='lat' dir='ltr'>ei</span> <span class='ocrx_word' id='word_1_191' title='bbox 1203 2915 1324 2976; x_wconf 72' lang='lat' dir='ltr'>rudunt,</span> 
     </span>
     <span class='ocr_line' id='line_1_26' title="bbox 245 2997 1324 3066; baseline -0.004 -18"><span class='ocrx_word' id='word_1_192' title='bbox 245 3015 326 3064; x_wconf 84' lang='lat' dir='ltr'>quum</span> <span class='ocrx_word' id='word_1_193' title='bbox 337 3001 403 3048; x_wconf 85' lang='lat' dir='ltr'>euim</span> <span class='ocrx_word' id='word_1_194' title='bbox 415 3000 566 3065; x_wconf 72' lang='lat' dir='ltr'>banelegnu</span> <span class='ocrx_word' id='word_1_195' title='bbox 579 3001 764 3066; x_wconf 80' lang='lat' dir='ltr'>impugnaturus</span> <span class='ocrx_word' id='word_1_196' title='bbox 808 3007 1000 3064; x_wconf 60' lang='lat' dir='ltr'>mosapetst</span> <span class='ocrx_word' id='word_1_197' title='bbox 1010 3007 1160 3059; x_wconf 56' lang='lat' dir='ltr'>antevertam</span> <span class='ocrx_word' id='word_1_198' title='bbox 1172 3011 1217 3046; x_wconf 84' lang='lat' dir='ltr'>neu</span> <span class='ocrx_word' id='word_1_199' title='bbox 1233 2997 1324 3057; x_wconf 80' lang='lat' dir='ltr'>tamia-</span> 
     </span>
     <span class='ocr_line' id='line_1_27' title="bbox 246 3073 1324 3145; baseline -0.006 -17"><span class='ocrx_word' id='word_1_200' title='bbox 246 3089 299 3138; x_wconf 83' lang='lat' dir='ltr'>est,</span> <span class='ocrx_word' id='word_1_201' title='bbox 319 3095 393 3144; x_wconf 85' lang='lat' dir='ltr'>qnam</span> <span class='ocrx_word' id='word_1_202' title='bbox 412 3079 507 3128; x_wconf 86' lang='lat' dir='ltr'>tribuni</span> <span class='ocrx_word' id='word_1_203' title='bbox 528 3079 608 3145; x_wconf 85' lang='lat' dir='ltr'>plebis</span> <span class='ocrx_word' id='word_1_204' title='bbox 620 3081 643 3128; x_wconf 83' lang='lat' dir='ltr'>si</span> <span class='ocrx_word' id='word_1_205' title='bbox 659 3079 764 3128; x_wconf 79' lang='lat' dir='ltr'>maxime</span> <span class='ocrx_word' id='word_1_206' title='bbox 806 3079 929 3129; x_wconf 81' lang='lat' dir='ltr'>otatoillu</span> <span class='ocrx_word' id='word_1_207' title='bbox 941 3077 1099 3143; x_wconf 85' lang='lat' dir='ltr'>popularium</span> <span class='ocrx_word' id='word_1_208' title='bbox 1107 3076 1208 3126; x_wconf 80' lang='lat' dir='ltr'>nonius</span> <span class='ocrx_word' id='word_1_209' title='bbox 1217 3073 1324 3140; x_wconf 80' lang='lat' dir='ltr'>desipia-</span> 
     </span>
     <span class='ocr_line' id='line_1_28' title="bbox 247 3156 1323 3223; baseline -0.002 -17"><span class='ocrx_word' id='word_1_210' title='bbox 247 3158 370 3208; x_wconf 75' lang='lat' dir='ltr'>aventem</span> <span class='ocrx_word' id='word_1_211' title='bbox 387 3160 543 3220; x_wconf 72' lang='lat' dir='ltr'>jactitem,</span> <span class='ocrx_word' id='word_1_212' title='bbox 557 3175 656 3208; x_wconf 80' lang='lat' dir='ltr'>neeesse</span> <span class='ocrx_word' id='word_1_213' title='bbox 668 3169 719 3219; x_wconf 82' lang='lat' dir='ltr'>est,</span> <span class='ocrx_word' id='word_1_214' title='bbox 736 3169 765 3206; x_wconf 84' lang='lat' dir='ltr'>ut</span> <span class='ocrx_word' id='word_1_215' title='bbox 809 3170 862 3219; x_wconf 90' lang='lat' dir='ltr'>tur,</span> <span class='ocrx_word' id='word_1_216' title='bbox 880 3169 1010 3223; x_wconf 80' lang='lat' dir='ltr'>autequam</span> <span class='ocrx_word' id='word_1_217' title='bbox 1028 3157 1102 3222; x_wconf 83' lang='lat' dir='ltr'>plane</span> <span class='ocrx_word' id='word_1_218' title='bbox 1123 3159 1167 3222; x_wconf 84' lang='lat' dir='ltr'>qni</span> <span class='ocrx_word' id='word_1_219' title='bbox 1187 3157 1238 3206; x_wconf 88' lang='lat' dir='ltr'>siut</span> <span class='ocrx_word' id='word_1_220' title='bbox 1249 3156 1323 3204; x_wconf 84' lang='lat' dir='ltr'>aniani</span> 
     </span>
     <span class='ocr_line' id='line_1_29' title="bbox 247 3238 962 3304; baseline 0.001 -17"><span class='ocrx_word' id='word_1_221' title='bbox 247 3239 359 3287; x_wconf 83' lang='lat' dir='ltr'>omnium</span> <span class='ocrx_word' id='word_1_222' title='bbox 371 3239 399 3286; x_wconf 89' lang='lat' dir='ltr'>iu</span> <span class='ocrx_word' id='word_1_223' title='bbox 412 3255 437 3287; x_wconf 86' lang='lat' dir='ltr'>se</span> <span class='ocrx_word' id='word_1_224' title='bbox 450 3239 560 3289; x_wconf 83' lang='lat' dir='ltr'>studium</span> <span class='ocrx_word' id='word_1_225' title='bbox 569 3241 696 3299; x_wconf 75' lang='lat' dir='ltr'>concitet,</span> <span class='ocrx_word' id='word_1_226' title='bbox 710 3238 767 3287; x_wconf 90' lang='lat' dir='ltr'>aui-</span> <span class='ocrx_word' id='word_1_227' title='bbox 809 3239 962 3304; x_wconf 67' lang='lat' dir='ltr'>suguovsrit</span> 
     </span>
     <span class='ocr_line' id='line_1_30' title="bbox 248 3314 1323 3384; baseline 0 -20"><span class='ocrx_word' id='word_1_228' title='bbox 248 3331 351 3380; x_wconf 58' lang='lat' dir='ltr'>tuoque</span> <span class='ocrx_word' id='word_1_229' title='bbox 363 3317 411 3364; x_wconf 90' lang='lat' dir='ltr'>sibi</span> <span class='ocrx_word' id='word_1_230' title='bbox 425 3318 560 3379; x_wconf 78' lang='lat' dir='ltr'>devinciat,</span> <span class='ocrx_word' id='word_1_231' title='bbox 570 3331 699 3384; x_wconf 81' lang='lat' dir='ltr'>autequam</span> <span class='ocrx_word' id='word_1_232' title='bbox 712 3334 764 3366; x_wconf 81' lang='lat' dir='ltr'>rena</span> <span class='ocrx_word' id='word_1_233' title='bbox 845 3319 872 3369; x_wconf 81' lang='lat'>8.</span> <span class='ocrx_word' id='word_1_234' title='bbox 895 3321 998 3369; x_wconf 79' lang='lat' dir='ltr'>Plenam</span> <span class='ocrx_word' id='word_1_235' title='bbox 1020 3314 1198 3366; x_wconf 79' lang='lat' dir='ltr'>sollicitudinis.</span> <span class='ocrx_word' id='word_1_236' title='bbox 1219 3314 1323 3364; x_wconf 84' lang='lat' dir='ltr'>illorum</span> 
     </span>
     <span class='ocr_line' id='line_1_31' title="bbox 248 3395 1323 3465; baseline -0.001 -22"><span class='ocrx_word' id='word_1_237' title='bbox 248 3395 416 3460; x_wconf 64' lang='lat' dir='ltr'>aggrediatur,</span> <span class='ocrx_word' id='word_1_238' title='bbox 437 3411 528 3461; x_wconf 79' lang='lat' dir='ltr'>suaque</span> <span class='ocrx_word' id='word_1_239' title='bbox 545 3399 699 3465; x_wconf 83' lang='lat' dir='ltr'>aproposira</span> <span class='ocrx_word' id='word_1_240' title='bbox 709 3397 765 3462; x_wconf 69' lang='lat' dir='ltr'>lege</span> <span class='ocrx_word' id='word_1_241' title='bbox 806 3399 896 3464; x_wconf 70' lang='lat' dir='ltr'>agendi</span> <span class='ocrx_word' id='word_1_242' title='bbox 913 3400 1032 3448; x_wconf 84' lang='lat' dir='ltr'>rationem</span> <span class='ocrx_word' id='word_1_243' title='bbox 1054 3396 1121 3461; x_wconf 86' lang='lat' dir='ltr'>plebi</span> <span class='ocrx_word' id='word_1_244' title='bbox 1141 3395 1257 3460; x_wconf 85' lang='lat' dir='ltr'>exponit,</span> <span class='ocrx_word' id='word_1_245' title='bbox 1279 3397 1323 3459; x_wconf 77' lang='lat' dir='ltr'>qni</span> 
     </span>
     <span class='ocr_line' id='line_1_32' title="bbox 249 3475 1322 3546; baseline 0 -22"><span class='ocrx_word' id='word_1_246' title='bbox 249 3475 379 3524; x_wconf 66' lang='lat' dir='ltr'>tietmar.</span> <span class='ocrx_word' id='word_1_247' title='bbox 807 3479 983 3546; x_wconf 78' lang='lat' dir='ltr'>runpublieam</span> <span class='ocrx_word' id='word_1_248' title='bbox 998 3479 1066 3528; x_wconf 86' lang='lat' dir='ltr'>omui</span> <span class='ocrx_word' id='word_1_249' title='bbox 1078 3477 1165 3538; x_wconf 84' lang='lat' dir='ltr'>modo,</span> <span class='ocrx_word' id='word_1_250' title='bbox 1175 3485 1199 3525; x_wconf 86' lang='lat' dir='ltr'>st</span> <span class='ocrx_word' id='word_1_251' title='bbox 1212 3475 1322 3540; x_wconf 74' lang='lat' dir='ltr'>legibus,</span> 
     </span>
     <span class='ocr_line' id='line_1_33' title="bbox 285 3555 1324 3627; baseline 0 -22"><span class='ocrx_word' id='word_1_252' title='bbox 285 3557 313 3615; x_wconf 72' lang='grc'>4.</span> <span class='ocrx_word' id='word_1_253' title='bbox 324 3555 522 3627; x_wconf 71' lang='lat' dir='ltr'>Alii,jaaeuarii.</span> <span class='ocrx_word' id='word_1_254' title='bbox 537 3555 564 3606; x_wconf 80' lang='lat' dir='ltr'>J.</span> <span class='ocrx_word' id='word_1_255' title='bbox 576 3557 649 3609; x_wconf 64' lang='lat' dir='ltr'>nu.</span> <span class='ocrx_word' id='word_1_256' title='bbox 808 3569 834 3608; x_wconf 81' lang='lat' dir='ltr'>et</span> <span class='ocrx_word' id='word_1_257' title='bbox 845 3559 1009 3609; x_wconf 78' lang='lat' dir='ltr'>seditionibus</span> <span class='ocrx_word' id='word_1_258' title='bbox 1019 3575 1095 3624; x_wconf 84' lang='lat' dir='ltr'>quum</span> <span class='ocrx_word' id='word_1_259' title='bbox 1108 3556 1268 3624; x_wconf 81' lang='lat' dir='ltr'>perturbent,</span> <span class='ocrx_word' id='word_1_260' title='bbox 1277 3569 1324 3624; x_wconf 75' lang='lat' dir='ltr'>pe·</span> 
     </span>
     <span class='ocr_line' id='line_1_34' title="bbox 287 3634 1324 3704; baseline 0.001 -20"><span class='ocrx_word' id='word_1_261' title='bbox 287 3634 312 3684; x_wconf 73' lang='lat' dir='ltr'>t.</span> <span class='ocrx_word' id='word_1_262' title='bbox 324 3635 390 3685; x_wconf 85' lang='lat' dir='ltr'>Olim</span> <span class='ocrx_word' id='word_1_263' title='bbox 402 3635 762 3700; x_wconf 65' lang='lat' dir='ltr'>essam‚quotl1raasbin.lam</span> <span class='ocrx_word' id='word_1_264' title='bbox 809 3639 906 3704; x_wconf 80' lang='lat' dir='ltr'>pulares</span> <span class='ocrx_word' id='word_1_265' title='bbox 924 3639 1010 3688; x_wconf 82' lang='lat' dir='ltr'>baberi</span> <span class='ocrx_word' id='word_1_266' title='bbox 1029 3640 1130 3697; x_wconf 77' lang='lat' dir='ltr'>voluut3</span> <span class='ocrx_word' id='word_1_267' title='bbox 1150 3637 1269 3686; x_wconf 85' lang='lat' dir='ltr'>dumille</span> <span class='ocrx_word' id='word_1_268' title='bbox 1287 3647 1324 3686; x_wconf 67' lang='lat' dir='ltr'>ea</span> 
     </span>
     <span class='ocr_line' id='line_1_35' title="bbox 250 3716 1324 3785; baseline 0.001 -21"><span class='ocrx_word' id='word_1_269' title='bbox 250 3725 393 3766; x_wconf 82' lang='lat' dir='ltr'>mutavsrat.</span> <span class='ocrx_word' id='word_1_270' title='bbox 406 3720 423 3767; x_wconf 87' lang='lat' dir='ltr'>J</span> <span class='ocrx_word' id='word_1_271' title='bbox 426 3751 432 3764; x_wconf 91' lang='lat'><em>.</em></span> <span class='ocrx_word' id='word_1_272' title='bbox 440 3716 472 3766; x_wconf 75' lang='lat' dir='ltr'>V.</span> <span class='ocrx_word' id='word_1_273' title='bbox 485 3720 515 3766; x_wconf 80' lang='lat' dir='ltr'>L.</span> <span class='ocrx_word' id='word_1_274' title='bbox 808 3733 865 3768; x_wconf 66' lang='lat' dir='ltr'>affe</span> <span class='ocrx_word' id='word_1_275' title='bbox 878 3719 1019 3785; x_wconf 88' lang='lat' dir='ltr'>popularis,</span> <span class='ocrx_word' id='word_1_276' title='bbox 1031 3721 1075 3785; x_wconf 86' lang='lat' dir='ltr'>qui</span> <span class='ocrx_word' id='word_1_277' title='bbox 1085 3735 1170 3785; x_wconf 86' lang='lat' dir='ltr'>paoem</span> <span class='ocrx_word' id='word_1_278' title='bbox 1182 3717 1324 3783; x_wconf 71' lang='lat' dir='ltr'>reipublice</span> 
     </span>
     <span class='ocr_line' id='line_1_36' title="bbox 286 3794 1324 3863; baseline 0.001 -19"><span class='ocrx_word' id='word_1_279' title='bbox 286 3797 314 3845; x_wconf 72' lang='grc'>6.</span> <span class='ocrx_word' id='word_1_280' title='bbox 336 3797 382 3844; x_wconf 78' lang='lat' dir='ltr'>Ad</span> <span class='ocrx_word' id='word_1_281' title='bbox 398 3795 500 3862; x_wconf 73' lang='lat' dir='ltr'>iujssea</span> <span class='ocrx_word' id='word_1_282' title='bbox 519 3795 592 3846; x_wconf 76' lang='lat' dir='ltr'>uerbi</span> <span class='ocrx_word' id='word_1_283' title='bbox 611 3794 674 3846; x_wconf 77' lang='lat' dir='ltr'>arim.</span> <span class='ocrx_word' id='word_1_284' title='bbox 685 3795 760 3846; x_wconf 83' lang='lat' dir='ltr'>Nune</span> <span class='ocrx_word' id='word_1_285' title='bbox 808 3799 946 3847; x_wconf 84' lang='lat' dir='ltr'>oummodis</span> <span class='ocrx_word' id='word_1_286' title='bbox 964 3799 1015 3848; x_wconf 82' lang='lat' dir='ltr'>suis</span> <span class='ocrx_word' id='word_1_287' title='bbox 1033 3799 1174 3863; x_wconf 83' lang='lat' dir='ltr'>auteponit,</span> <span class='ocrx_word' id='word_1_288' title='bbox 1193 3797 1324 3862; x_wconf 68' lang='lat' dir='ltr'>omenque</span> 
     </span>
     <span class='ocr_line' id='line_1_37' title="bbox 249 3875 1323 3944; baseline 0.001 -20"><span class='ocrx_word' id='word_1_289' title='bbox 249 3889 327 3938; x_wconf 81' lang='lat' dir='ltr'>quum</span> <span class='ocrx_word' id='word_1_290' title='bbox 340 3877 435 3926; x_wconf 80' lang='lat' dir='ltr'>animos</span> <span class='ocrx_word' id='word_1_291' title='bbox 446 3887 496 3926; x_wconf 85' lang='lat' dir='ltr'>tam</span> <span class='ocrx_word' id='word_1_292' title='bbox 509 3876 577 3926; x_wconf 85' lang='lat' dir='ltr'>suavi</span> <span class='ocrx_word' id='word_1_293' title='bbox 590 3875 693 3925; x_wconf 74' lang='lat' dir='ltr'>madio</span> <span class='ocrx_word' id='word_1_294' title='bbox 704 3876 765 3925; x_wconf 83' lang='lat' dir='ltr'>deli·</span> <span class='ocrx_word' id='word_1_295' title='bbox 809 3877 870 3926; x_wconf 83' lang='lat' dir='ltr'>mala</span> <span class='ocrx_word' id='word_1_296' title='bbox 884 3895 898 3927; x_wconf 97' lang='lat' dir='ltr'>a</span> <span class='ocrx_word' id='word_1_297' title='bbox 911 3878 1020 3944; x_wconf 87' lang='lat' dir='ltr'>populo,</span> <span class='ocrx_word' id='word_1_298' title='bbox 1034 3893 1079 3926; x_wconf 86' lang='lat' dir='ltr'>usu</span> <span class='ocrx_word' id='word_1_299' title='bbox 1092 3895 1136 3927; x_wconf 89' lang='lat' dir='ltr'>sua</span> <span class='ocrx_word' id='word_1_300' title='bbox 1148 3877 1266 3939; x_wconf 78' lang='lat' dir='ltr'>iaetltana</span> <span class='ocrx_word' id='word_1_301' title='bbox 1279 3876 1323 3925; x_wconf 84' lang='lat' dir='ltr'>be·</span> 
     </span>
     <span class='ocr_line' id='line_1_38' title="bbox 248 3953 995 4022; baseline 0.007 -20"><span class='ocrx_word' id='word_1_302' title='bbox 248 3953 311 4014; x_wconf 87' lang='lat' dir='ltr'>uilt,</span> <span class='ocrx_word' id='word_1_303' title='bbox 325 3971 421 4006; x_wconf 73' lang='lat' dir='ltr'>nauum</span> <span class='ocrx_word' id='word_1_304' title='bbox 435 3957 534 4007; x_wconf 80' lang='lat' dir='ltr'>orditur</span> <span class='ocrx_word' id='word_1_305' title='bbox 550 3959 678 4022; x_wconf 84' lang='lat' dir='ltr'>protinus,</span> <span class='ocrx_word' id='word_1_306' title='bbox 688 3967 713 4006; x_wconf 84' lang='lat' dir='ltr'>et</span> <span class='ocrx_word' id='word_1_307' title='bbox 723 3958 765 4006; x_wconf 80' lang='lat' dir='ltr'>ds·</span> <span class='ocrx_word' id='word_1_308' title='bbox 808 3957 908 4018; x_wconf 83' lang='lat' dir='ltr'>nsiieia,</span> <span class='ocrx_word' id='word_1_309' title='bbox 920 3969 995 4007; x_wconf 83' lang='lat' dir='ltr'>areat.</span> 
     </span>
     <span class='ocr_line' id='line_1_39' title="bbox 251 4035 1323 4102; baseline 0.004 -22"><span class='ocrx_word' id='word_1_310' title='bbox 251 4046 371 4085; x_wconf 84' lang='lat' dir='ltr'>monstrat</span> <span class='ocrx_word' id='word_1_311' title='bbox 384 4049 503 4102; x_wconf 87' lang='lat' dir='ltr'>quantum</span> <span class='ocrx_word' id='word_1_312' title='bbox 516 4053 541 4085; x_wconf 84' lang='lat' dir='ltr'>se</span> <span class='ocrx_word' id='word_1_313' title='bbox 551 4039 615 4086; x_wconf 85' lang='lat' dir='ltr'>inter</span> <span class='ocrx_word' id='word_1_314' title='bbox 628 4045 653 4086; x_wconf 83' lang='lat' dir='ltr'>et</span> <span class='ocrx_word' id='word_1_315' title='bbox 664 4037 764 4087; x_wconf 83' lang='lat' dir='ltr'>Rullum</span> <span class='ocrx_word' id='word_1_316' title='bbox 846 4037 948 4102; x_wconf 78' lang='lat' dir='ltr'>9.Ns&#39;isil</span> <span class='ocrx_word' id='word_1_317' title='bbox 953 4035 1056 4086; x_wconf 70' lang='lat' dir='ltr'>admei.</span> <span class='ocrx_word' id='word_1_318' title='bbox 1063 4037 1111 4086; x_wconf 81' lang='lat' dir='ltr'>iiio</span> <span class='ocrx_word' id='word_1_319' title='bbox 1117 4045 1202 4086; x_wconf 86' lang='lat' dir='ltr'>orator</span> <span class='ocrx_word' id='word_1_320' title='bbox 1207 4035 1323 4085; x_wconf 77' lang='lat' dir='ltr'>iuvidiam</span> 
     </span>
     <span class='ocr_line' id='line_1_40' title="bbox 250 4113 1325 4182; baseline 0.002 -21"><span class='ocrx_word' id='word_1_321' title='bbox 250 4113 441 4166; x_wconf 82' lang='lat' dir='ltr'>sitintervallum</span> <span class='ocrx_word' id='word_1_322' title='bbox 448 4119 665 4182; x_wconf 81' lang='lat' dir='ltr'>qui,oatentatioue</span> <span class='ocrx_word' id='word_1_323' title='bbox 673 4127 765 4168; x_wconf 82' lang='lat' dir='ltr'>tantum</span> <span class='ocrx_word' id='word_1_324' title='bbox 809 4119 836 4166; x_wconf 89' lang='lat' dir='ltr'>in</span> <span class='ocrx_word' id='word_1_325' title='bbox 844 4117 947 4168; x_wconf 81' lang='lat' dir='ltr'>Rullum</span> <span class='ocrx_word' id='word_1_326' title='bbox 957 4127 982 4166; x_wconf 84' lang='lat' dir='ltr'>et</span> <span class='ocrx_word' id='word_1_327' title='bbox 995 4127 1089 4166; x_wconf 79' lang='lat' dir='ltr'>eeteros</span> <span class='ocrx_word' id='word_1_328' title='bbox 1101 4115 1260 4166; x_wconf 82' lang='lat' dir='ltr'>consiliorum</span> <span class='ocrx_word' id='word_1_329' title='bbox 1272 4118 1325 4178; x_wconf 80' lang='lat' dir='ltr'>ejus</span> 
     </span>
    </p>
   </div>
   <div class='ocr_carea' id='block_1_5' title="bbox 0 0 1514 4666">
    <p class='ocr_par' dir='ltr' id='par_1_7' title="bbox 0 0 1514 4666">
     <span class='ocr_line' id='line_1_41' title="bbox 0 0 1514 4666; baseline 0 0"><span class='ocrx_word' id='word_1_330' title='bbox 0 0 1514 4666; x_wconf 95' lang='lat' dir='ltr'> </span> 
     </span>
    </p>
   </div>
  </div>
 </body>
</html>
