3020 4666
448 385 516 453 DE
540 385 676 456 LEGE
699 388 955 472 AGRARIA,
980 387 1029 456 II.
1199 386 1267 460 265

206 501 469 602 opponendum
493 508 637 602 putetis.
666 513 711 578 Et
737 509 809 579 hoc
835 533 986 607 parvum
1015 524 1268 605 argumentum

204 612 307 686 vobis
325 615 411 702 erit,
430 619 567 686 acertis
584 616 796 688 hominibus
814 617 1096 690 dominationem
1110 635 1268 717 potesta-

203 737 352 820 temque
371 728 533 796 omnium
553 749 674 796 rerum
698 728 825 824 quaeri,
846 751 960 823 quum
982 727 1149 816 videatis,
1168 752 1268 815 eum,

203 858 313 930 quem
329 832 515 906 custodem
534 851 659 907 vestrae
674 836 851 908 libertatis
866 835 945 908 fore
960 837 1123 928 videant,
1142 863 1269 937 exper-

204 955 278 1014 tem
299 939 377 1028 fieri
396 942 602 1041 dignitatis?
1056 1003 1058 1008 -

252 1055 467 1149 Cognoscite
497 1053 635 1143 uunc⁶,
667 1071 749 1154 q'uae
779 1070 939 1155 potestas
970 1055 1203 1147 decemviris,
1234 1074 1271 1130 et
1318 1104 1323 1114 ·

203 1177 340 1258 quanta
349 1162 466 1234 detur.
480 1167 641 1236 Primum
654 1167 731 1264 lege
741 1169 878 1238 curiata
891 1177 903 1221 ⁷
919 1166 1142 1238 decemviros
1153 1185 1268 1240 ornat.

203 1277 280 1342 Jam
299 1272 369 1345 hoc
384 1273 607 1366 inauditum,
625 1292 662 1348 et
683 1277 791 1374 plane
808 1302 907 1348 novo
921 1301 1042 1360 more,
1066 1281 1118 1348 uti
1135 1281 1270 1350 curiata

203 1381 281 1478 lege
305 1385 533 1480 magistratus
554 1386 683 1477 detur,
703 1389 766 1484 qui
787 1379 898 1458 nullis
917 1380 1096 1458 comitiis⁸
1119 1402 1201 1458 ante
1224 1392 1269 1459 sit

203 1488 318 1564 daun.
340 1497 427 1564 Earn
452 1493 569 1592 legem
587 1495 633 1568 ab
661 1521 705 1568 eo
722 1511 893 1594 praetore,
917 1499 980 1594 qui
1000 1497 1047 1567 sit
1066 1498 1206 1594 primus
1221 1495 1271 1568 fa·

204 1613 284 1672 ctus
296 1612 325 1690 9,
340 1601 426 1674 ferri
442 1604 557 1698 jubet.
575 1613 621 1678 At
634 1605 843 1704 quomodo?
860 1611 936 1678 «Ut
952 1608 976 1676 ii
988 1605 1269 1678 decemviratum

203 1709 410 1800 «habeant,
428 1739 522 1811 quos
550 1715 655 1813 plebs
678 1716 917 1812 designaverit
931 1726 975 1785 ¹⁰.
988 1747 1005 1782 a
1026 1716 1170 1788 Oblitus
1195 1731 1268 1806 est,

203 1821 323 1894 nullos
340 1849 361 1894 a
380 1823 487 1921 plebe
510 1825 697 1923 designari.
721 1831 765 1898 Et
788 1831 818 1897 is
837 1827 963 1898 orbem
987 1842 1162 1898 terrarum
1184 1851 1269 1899 con·

203 1931 345 2030 stringit
370 1934 473 2004 novis
496 1934 657 2032 legibus,
682 1939 765 2034 qui,
784 1935 883 2033 quod
908 1939 946 2006 in
972 1935 1133 2008 secundo
1155 1938 1269 2034 capite
1345 1949 1352 1970 ¹

203 2043 377 2140 scripturn
398 2058 468 2132 est,
486 2069 561 2117 non
581 2048 746 2118 meminit
767 2049 804 2116 in
821 2045 950 2117 tertio?
966 2048 1085 2143 Atque
1106 2045 1165 2118 bic
1185 2070 1269 2143 per·

203 2137 383 2248 spicuam¹
399 2168 471 2244 est,
498 2154 585 2251 quid
604 2157 696 2252 juris
712 2168 740 2201 ¹¹
771 2181 791 2228 a
816 2155 1012 2252 majoribus
1039 2157 1268 2254 acceperitis,

203 2259 293 2358 quid
310 2261 356 2333 ab
375 2261 446 2336 hoc
465 2263 614 2338 tribuno
633 2265 750 2365 plebis
767 2265 871 2340 vobis
892 2266 1128 2364 relinquatur.

250 2377 308 2442 XI.
336 2376 490 2469 Majores
519 2375 564 2446 de
592 2377 789 2449 omnibus¹
823 2376 1091 2475 magistratibus
1118 2373 1175 2448 bis
1204 2401 1268 2446 vos

201 2485 417 2556 sententiam
438 2483 531 2558 ferre
553 2487 759 2560 voluerunt.
789 2491 881 2562 Nam
902 2512 1018 2585 quum
1042 2489 1267 2574 centuriata²

241 2689 266 2736 d.
290 2687 432 2753 Cognoscfta
450 2706 523 2740 nuuc.
541 2694 664 2742 Hactenus
685 2691 715 2740 de
760 2693 839 2742 decius
859 2705 953 2742 tantum
967 2693 1046 2742 tribus
1059 2693 1090 2743 ad
1103 2693 1202 2742 ferenda
1215 2693 1268 2741 suf·

204 2765 397 2817 decemvirorum
419 2770 540 2818 creatione
563 2771 628 2834 egit,
649 2787 715 2820 uuue
758 2774 832 2838 fragia
845 2773 1031 2834 adhiberentur,
1043 2789 1092 2820 non
1103 2773 1199 2837 populo
1208 2807 1216 2832 ,
1225 2771 1269 2819 sed

202 2861 286 2894 coruus
308 2857 463 2911 potestatem,
487 2865 559 2912 quant
582 2850 711 2900 metuenda
758 2852 836 2916 plebis
855 2865 923 2916 parte
936 2852 1035 2899 utiuirua
1049 2850 1180 2899 decemviri
1200 2861 1269 2900 eraut

202 2925 430 2991 futurasit,sperit.
758 2931 867 2980 creandi.

240 3022 263 3066 7.
284 3008 349 3070 lage
365 3006 470 3054 oudam.
484 3009 539 3056 Hoc
550 3018 595 3064 est,
609 3007 714 3056 comitiis
796 3025 835 3057 ιι.
848 3007 914 3072 Quid
919 3007 983 3074 juris
991 3005 1140 3072 acceperitis.
1147 3005 1269 3070 Populum

202 3085 354 3148 percuriat.
377 3087 426 3148 Qui
449 3085 537 3133 modus
554 3086 713 3135 creandorum
757 3089 833 3152 magis
850 3105 878 3136 ac
892 3087 968 3150 magis
980 3088 1006 3134 iu
1020 3087 1134 3136 tribuuos
1142 3085 1209 3133 scuit
1228 3099 1269 3132 ve·
1330 3145 1340 3158 ἱ

202 3165 384 3226 magistratuum
409 3165 536 3214 obsoletus
563 3176 630 3224 erat,
657 3181 713 3212 uam
757 3179 835 3216 terum
849 3167 987 3215 libertatum
1004 3166 1187 3224 recordatione,
1209 3179 1268 3228 quas

202 3257 246 3306 pes
261 3244 381 3292 centurias
394 3255 419 3294 et
432 3259 476 3309 per
494 3243 572 3292 tribus
584 3243 713 3308 saepissime
757 3247 882 3296 traditasa
898 3246 1044 3306 majoribus,
1062 3246 1185 3309 longoque
1197 3256 1220 3292 et
1230 3260 1269 3290 sa·

202 3320 360 3385 eligebantur.
756 3325 830 3374 lutari
842 3343 886 3374 usu
898 3337 1062 3386 consecratas,
1075 3325 1186 3374 tribunus
1200 3339 1269 3372 ever-

238 3401 263 3450 8.
282 3401 360 3450 Nullis
375 3399 485 3450 comitib.
505 3401 616 3465 Namque
634 3402 712 3450 tribua
756 3417 807 3456 tere
821 3405 975 3470 aggreditur,
996 3417 1026 3454 ut
1045 3407 1070 3452 in
1085 3421 1166 3452 earum
1183 3403 1266 3450 locum

201 3493 290 3528 uoseur
299 3482 430 3530 astiterant
439 3481 482 3528 bac
491 3479 544 3544 lege
554 3491 580 3528 ut
590 3481 713 3530 decemvir
756 3487 879 3533 servitium
886 3519 892 3542 ,
899 3483 1017 3533 miseriam
1026 3495 1050 3533 et
1058 3483 1197 3550 reipublicae
1204 3497 1268 3529 ever·

202 3568 329 3616 crearetur,
340 3559 486 3608 uudoliebst
496 3570 524 3608 ut
536 3576 617 3608 revera
629 3577 712 3625 popu·
757 3560 849 3613 sionem
862 3565 976 3613 sufficiat.

201 3633 242 3682 lus
252 3636 420 3702 suffragiorum
430 3641 486 3700 jure
496 3639 657 3688 fraudaretur.
791 3646 838 3692 XI.
856 3661 877 3694 ι.
904 3642 1026 3692 ornatibus.
1046 3644 1126 3690 Graev.
1146 3637 1238 3700 recepit
1251 3651 1265 3684 c

239 3728 266 3774 9.
285 3714 378 3762 Primus
391 3716 484 3780 sarteas.
508 3720 602 3766 Primus
621 3731 712 3782 praetor
756 3722 828 3772 codd.
841 3725 915 3772 Palat.
928 3721 1039 3786 singulis.

203 3790 337 3850 dicebatur,
345 3794 387 3856 qui
396 3795 564 3858 suffragiorum
576 3797 711 3862 legitimum
790 3815 814 3848 a.
831 3801 979 3849 centuriata.
992 3797 1131 3848 Centuriata
1153 3795 1190 3844 lea
1205 3809 1264 3842 ceu-

201 3885 328 3918 numerum
352 3873 442 3934 primus
464 3873 615 3934 obtinuerat,
635 3876 709 3925 ceteri
756 3878 851 3928 turiatis
870 3878 977 3928 comitiis
999 3875 1177 3939 designabatur.
1197 3873 1266 3933 Qua-

201 3949 291 4000 deiude
303 3951 389 3999 eodem
401 3951 486 3999 ordine
497 3954 665 4016 sequebantur.
752 3969 809 4006 tuor
820 3968 888 4005 erant
901 3955 967 4020 apud
979 3957 1102 4004 Romanos
1111 3952 1265 4002 comitiorum

240 4045 280 4078 ιο.
296 4031 363 4080 Plebs
376 4030 545 4096 designaverit.
555 4033 649 4082 Falsum
661 4035 709 4084 hoc
753 4052 856 4103 genera,
867 4035 971 4094 curiata,
985 4034 1138 4091 centuriata,
1152 4030 1262 4088 tributa,

202 4111 303 4160 omuino
313 4121 377 4172 erat;
389 4126 506 4174 namque,
518 4126 592 4174 quum
603 4124 707 4176 septetu-
753 4127 776 4165 et
790 4116 874 4164 calna.
885 4115 966 4167 Prima
977 4129 1023 4176 per
1036 4114 1129 4176 curias,
1138 4111 1210 4161 altera
1219 4127 1264 4180 per
