2986 4670
441 383 510 454 ou
532 383 669 453 tucn
693 384 947 472 nonnum,
971 388 999 454 1.
1181 351 1254 458 233

184 505 273 604 quid
286 506 408 604 potuit
422 508 562 602 Capua,
585 507 706 602 potuit
721 507 798 602 ipsa
813 528 880 603 per
896 529 995 576 sese:
1012 530 1112 578 nunc
1126 529 1254 580 omnes

182 615 312 704 urbes,
334 641 416 714 quae
433 615 568 686 circum
586 619 748 713 Capuam
769 626 873 701 sunt,
891 637 913 684 a
930 614 1068 686 colonis
1090 640 1158 714 per
1177 641 1255 688 cos-

183 725 268 798 dem
281 725 504 798 decemviros
517 723 804 823 occupabuntur.
818 729 918 796 Hanc
934 725 1031 796 enim
1045 723 1094 796 ob
1109 749 1252 796 causam

182 839 361 935 permittit
383 837 460 936 ipsa
487 835 562 921 lex,
585 861 623 908 nr
651 861 791 924 ouria,
814 860 897 920 Qum
923 861 1070 922 vantur,
1099 861 1254 922 orama,

183 970 344 1018 cotouos
365 971 410 1018 ur
427 969 623 1018 occurrunt
641 970 852 1034 nroucaur,
871 970 964 1029 Quos
983 971 1121 1018 vantur.
1136 952 1255 1045 Atque

183 1055 239 1128 his
260 1057 400 1129 colonis
418 1081 544 1156 agrum
565 1062 789 1156 Campanum
805 1069 842 1128 et
859 1053 1068 1129 Stellatcm⁵
1082 1081 1253 1156 campum

184 1165 297 1256 dividi
316 1167 432 1264 jubet
515 1165 522 1176 '
892 1259 896 1266 ,
999 1193 1002 1200 ’

231 1284 314 1354 Non
333 1306 468 1380 queror
488 1280 775 1354 deminutionem
796 1281 1042 1380 vectigalium,
1064 1305 1139 1350 non
1156 1279 1256 1378 flagi-

183 1383 275 1466 tium
306 1393 417 1491 hujus
442 1393 592 1488 jactura
614 1407 724 1490 atque
745 1391 884 1481 damni3
909 1393 1146 1490 praetermitto
1168 1389 1255 1478 alia,

183 1529 265 1604 quae
286 1529 396 1577 nemo
415 1521 469 1576 est
487 1507 578 1602 quin
600 1505 805 1600 gravissime
824 1519 861 1576 et
878 1505 1062 1576 verissime
1076 1503 1253 1599 conqueri

183 1616 314 1714 possit,
338 1639 405 1685 nos
430 1627 541 1713 caput
558 1615 767 1713 patrimonii
795 1613 950 1712 publici,
971 1611 1252 1712 pulcherrimam

184 1725 309 1825 populi
320 1726 461 1796 romani
475 1726 756 1826 possessionem,
772 1724 974 1797 subsidium
988 1747 1155 1810 annonae,
1169 1722 1254 1793 hor·

183 1859 285 1906 reum
297 1833 404 1923 belli,
421 1834 490 1906 sub
504 1833 608 1934 signo
622 1835 859 1933 claustrisque
872 1832 1080 1934 reipublicae
1093 1834 1254 1933 positum

182 1945 351 2044 vectigal,
382 1967 522 2018 servare
551 1972 627 2017 nou
660 1949 844 2046 potuisse3
876 1971 960 2020 eum
994 1945 1154 2044 denique
1183 1969 1253 2018 uos

182 2080 309 2154 agrum
331 2059 369 2127 P.
389 2055 498 2128 Rullo
520 2057 751 2153 concessisse,
773 2062 836 2156 qui
852 2082 937 2156 ager
953 2061 1029 2156 ipse
1043 2080 1109 2155 per
1122 2081 1199 2128 sese
1213 2069 1252 2128 et

182 2166 334 2239 Sullanae
355 2165 611 2257 dominationi,
632 2181 669 2239 et
689 2168 934 2240 Gracchorum
951 2167 1132 2264 largitioni
1147 2169 1250 2238 resti-

182 2281 293 2348 tisset.
322 2279 407 2350 Non
438 2276 541 2366 dico,
569 2277 687 2348 solum
714 2276 786 2350 boc
812 2281 850 2349 in
875 2275 1069 2376 'republica
1100 2277 1252 2376 vectigal

182 2412 277 2478 esse,
295 2387 414 2486 quod,
435 2390 571 2460 amissis
589 2388 685 2477 aliis,
706 2404 909 2478 remaneat;
924 2390 1152 2474 intermissis,
1172 2411 1249 2458 non
1314 2473 1320 2484 ι

182 2501 431 2596 conquiescat3
449 2500 488 2570 in
507 2522 595 2597 pace
611 2501 739 2588 niteat,
759 2501 797 2571 in
818 2498 916 2573 bello
935 2525 1013 2572 non
1028 2499 1248 2590 obsolescat;

181 2605 332 2681 militem
357 2621 554 2698 sustentet,
579 2607 723 2681 hostem
747 2636 824 2683 uon
843 2613 1082 2710 pertimescat.
1098 2615 1248 2682 Praeter·

179 2724 287 2793 mitto
302 2717 479 2793 omnem⁶
498 2719 592 2794 hauc
606 2719 827 2813 orationem,
843 2737 880 2794 et
893 2722 1063 2793 concioni
1080 2744 1248 2792 reservo:

216 2911 241 2960 5.
259 2909 384 2959 Stellatem
397 2925 519 2976 campum.
537 2911 604 2978 Ager
620 2912 691 2968 r‘llea
770 2914 796 2962 ⁶.
816 2909 977 2960 memmiae
995 2925 1091 2960 omnm
1111 2908 1177 2958 haue
1193 2925 1252 2958 ura·

179 2988 311 3053 Campania
322 2990 449 3038 dbtiuctua
458 3000 509 3038 erat
519 3023 528 3051 ,
539 2992 691 3056 maximeque
735 2991 843 3054 εἰωιεηι,
856 3001 882 3038 et
893 2989 1005 3039 conduci
1016 3005 1125 3047 mersu,
1138 2997 1186 3036 ete.
1207 2987 1249 3036 Ad

180 3069 290 3116 omnium
305 3069 446 3134 reipublice
463 3080 580 3118 terrarum
594 3071 692 3136 opimua
734 3086 819 3120 eorum
840 3071 937 3134 ingenia
957 3068 1103 3135 quibuscum
1120 3068 1183 3132 agit,
1197 3085 1250 3118 aeae

179 3147 323 3198 habebatur.
341 3148 405 3198 lllud
423 3158 517 3210 autam,
533 3159 692 3214 σιμ-ηψπ
735 3148 980 3206 accommodatum,
1006 3163 1057 3195 rem
1081 3147 1178 3212 gemino
1201 3147 1248 3197 aub

179 3237 267 3291 turpe,
280 3239 304 3277 et
315 3227 480 3292 periculosum
493 3227 553 3288 crit,
568 3229 589 3276 ai
602 3244 692 3278 conca·
735 3240 834 3295 aapectu
851 3238 946 3276 tractat.
965 3228 1061 3278 Etenim
1079 3228 1175 3278 senatui
1193 3244 1249 3293 quaa

180 3305 376 3356 dammaltullo
388 3307 480 3370 petita:
495 3307 540 3356 bac
553 3307 617 3356 enim
629 3324 690 3356 ron·
735 3308 869 3374 graviaeimi
894 3308 1013 3358 momenti
1040 3318 1097 3356 eunt
1123 3308 1248 3373 explicat,

178 3385 691 3446 ucadoue,tn'butaimmiuuentur;deiude
734 3387 842 3438 oeteudit
856 3398 994 3452 surgentem
1011 3385 1077 3435 illam
1089 3388 1188 3454 impiam
1202 3389 1248 3437 tri-

178 3467 346 3531 turpiaairuum
356 3477 392 3515 eat
402 3481 429 3514 ea
439 3467 515 3515 Rullo
526 3467 627 3516 tribuno
637 3468 691 3532 ple·
732 3465 795 3516 buni
808 3467 1012 3526 dominationem,
1026 3465 1166 3533 bellumque
1182 3467 1246 3518 illud

179 3543 425 3611 bie,hominiperdito
433 3547 571 3612 ignaroque
579 3548 690 3610 monadi,
733 3550 807 3596 tacite
817 3559 968 3608 tumnoeua,
981 3547 1050 3612 quod
1060 3563 1136 3612 quum
1149 3559 1248 3612 tempus

180 3623 472 3687 quaeSulluatGraccbie
480 3628 691 3686 reuuimuudeni-
733 3629 796 3689 erit,
813 3627 960 3677 exardeacm.
975 3627 1070 3693 Populo
1087 3643 1146 3676 vero
1166 3643 1193 3676 ea
1212 3638 1250 3676 eet

178 3717 229 3766 que
239 3703 370 3752 maximum
381 3705 516 3769 periculum
527 3706 600 3756 nobie
610 3709 691 3756 immi·
730 3709 880 3770 jacmturua,
893 3723 949 3772 quae
958 3723 1042 3770 graves
1059 3707 1138 3770 plebia
1151 3709 1247 3756 animoa

178 3783 539 3849 uet3eicamposuberrimoa,
553 3785 690 3836 subsidium
734 3796 914 3848 commoveant,
934 3785 1014 3849 qualia
1036 3795 1094 3833 auut
1113 3785 1202 3845 famen,
1221 3797 1248 3834 et

177 3877 282 3911 amunte
311 3876 337 3912 et
358 3863 418 3912 belli
439 3865 554 3916 borreum
577 3866 690 3915 buatibua
733 3865 889 3930 vectigalium
916 3864 1019 3928 iuopia,
1049 3879 1103 3928 quae
1133 3862 1250 3912 tribunus

177 3942 267 3990 uoetrie
276 3941 410 4002 malumus,
419 3943 481 4007 quid
488 3943 560 3992 nobie
570 3945 690 4009 reliuque·
733 3945 833 4012 quaudo
845 3942 992 4000 collibuerit,
1001 3941 1063 3992 mala
1076 3942 1102 3990 iu
1112 3943 1248 4008 rempubli-

115 4069 119 4076 ,
176 4021 691 4089 mue,niaifamemetaervitutemquaudu
734 4041 787 4074 cam
805 4031 953 4088 grauatum,
969 4037 1035 4070 nunc
1049 4022 1121 4072 tacite
1138 4023 1250 4074 contiliia

176 4099 278 4150 tribuuu
289 4099 369 4166 plebia
379 4099 533 4150 collibuerit?
735 4113 861 4168 preparat.
