3020 4666
355 385 548 458 ORATIO
571 383 675 453 PRO
700 385 741 454 A.
767 382 1050 452 CLUENTIO.
1166 381 1232 452 1³3

176 505 348 604 quaestio,
362 499 589 600 judicibus⁵t
606 502 720 601 quid?
737 503 859 586 amicis
871 501 1148 599 hospitibusque
1162 507 1234 599 Op·

175 614 327 714 pieniei,
350 637 442 712 quos
464 611 677 688 adhibuerat
697 626 823 685 antee:
847 609 958 708 quid?
983 611 1066 683 huic
1088 610 1234 684 tandem

176 727 244 824 ipsi
261 729 417 822 tempori
437 749 502 796 cur
520 749 593 796 non
612 736 790 795 reservata
814 721 889 792 est?
908 719 1005 813 Quid
1023 722 1098 794 istis
1115 720 1234 792 homi-

175 831 286 908 nibus
307 831 440 907 factum
460 847 533 923 est,
555 837 721 911 Stratone
734 845 770 902 et
783 829 1007 906 Nicostrato?
1024 833 1156 922 Quoero
1172 829 1235 903 abs
1308 915 1311 922 ¹

177 958 213 1016 te
225 997 235 1030 ,
248 944 466 1041 Oppianice,
482 966 586 1014 servo
597 955 665 1014 ‚tuo
676 943 878 1014 Nicostrato
892 935 982 1036 quid
994 935 1144 1011 factum⁶
1160 964 1235 1014 esse

176 1051 296 1124 dicas:
316 1076 427 1149 quem
445 1066 503 1139 tu,
526 1075 641 1149 quum
663 1050 763 1122 hunc
784 1047 886 1120 brevi
912 1061 1075 1146 tempore
1092 1073 1235 1122 accuse·

177 1174 283 1230 turus
296 1184 411 1249 esses,
428 1167 578 1232 Romam
599 1158 799 1244 deducere,
816 1157 901 1230 dare
919 1172 1133 1255 potestatem
1151 1159 1238 1230 indi·

176 1269 321 1356 candit,
345 1271 565 1348 incolumem
586 1269 742 1366 denique
767 1293 906 1340 servare
930 1269 1140 1365 quaestioni,
1163 1293 1238 1340 ser·

175 1403 262 1452 vere
287 1380 343 1452 his
370 1380 575 1474 judicibus,
600 1404 742 1452 serrare
770 1379 855 1452 huic
886 1380 1038 1474 tempori
1070 1378 1237 1453 debuisti.

176 1493 270 1564 Nam
298 1493 501 1568 Stratonem
529 1490 697 1588 quidem,
717 1489 875 1584 judices,
894 1492 930 1561 in
953 1513 1096 1562 crucem
1117 1503 1238 1562 ectum
1321 1519 1322 1522 ¹

177 1623 257 1672 esse
280 1615 421 1672 exsecta
444 1602 571 1674 scitote
596 1599 738 1697 lingna:
764 1597 865 1696 quod
887 1621 995 1669 nemo
1016 1613 1071 1672 est
1094 1597 1237 1671 Larme-

176 1713 271 1780 tium
298 1710 363 1806 qui
393 1713 538 1781 nesciat.
569 1710 703 1782 Timuit
727 1708 858 1780 mulier
885 1731 1008 1780 amens
1035 1731 1111 1778 non
1135 1729 1237 1778 suam

178 1819 459 1908 conscientiam,
493 1845 568 1890 non
592 1817 717 1890 odium
742 1819 987 1913 municipum,
1010 1840 1086 1887 non
1110 1813 1239 1894 samam

178 1931 364 2017 omnium3
380 1929 468 2017 sed,
490 1932 593 2027 quasi
618 1953 694 2000 non
717 1951 845 2007 cernes
869 1928 947 2024 ejus
969 1925 1111 1998 sceleris
1131 1940 1240 1998 testes

179 2052 302 2111 essent
316 2035 446 2119 futuri,
461 2041 513 2110 sic
529 2041 675 2124 metuit,
693 2064 740 2110 ne
760 2036 1061 2111 condemnaretur
1082 2047 1242 2111 extrema

178 2147 314 2218 servuli
329 2172 417 2220 voce
435 2149 631 2223 morientis.

229 2257 338 2347 Quod
355 2257 427 2328 hoc
448 2272 677 2355 portentum,
701 2255 750 2326 dii
773 2257 1014 2339 immortales?
1037 2255 1138 2354 quod
1161 2269 1240 2326 tau·

178 2379 261 2436 tum
277 2382 477 2438 monstrum
494 2372 533 2438 in
552 2369 632 2440 ullis
651 2366 762 2441 locis?
774 2367 875 2466 quod
894 2383 964 2444 tam
986 2363 1155 2438 infestum
1166 2389 1242 2436 sce·

180 2475 239 2546 lus
258 2490 295 2548 et
316 2479 494 2566 immane,
512 2491 575 2550 ant
596 2476 694 2551 unde
715 2491 841 2548 netum
864 2501 942 2550 esse
960 2474 1144 2551 dicamus?
1164 2480 1242 2546 Jam

180 2589 281 2658 enim
303 2584 428 2659 videtis
454 2585 635 2685 profecto,
656 2586 812 2680 judices,
838 2611 912 2668 non
933 2587 1010 2658 sine
1035 2587 1242 2659 necessariis

181 2719 242 2766 me
270 2719 312 2768 ee
336 2699 499 2768 maximis
525 2699 659 2782 causis,
684 2697 863 2794 principio
886 2698 1059 2773 cretionis
1085 2719 1173 2766 meae
1196 2693 1243 2766 de

180 2819 298 2878 matre
328 2804 468 2880 dixisse.
499 2806 596 2878 Nihil
628 2820 681 2876 est
713 2806 808 2880 enim
835 2803 935 2888 meli,
962 2803 1052 2874 nihil
1081 2804 1242 2884 sceleris,
1287 2859 1289 2866 .

182 2915 285 3012 quod
303 2916 363 2986 itta
382 2941 456 2990 non
478 2915 524 2991 ab
544 2918 648 2989 initio
670 2914 745 2991 filio
771 2913 942 2998 voluerit,
968 2915 1161 3010 optaverit,
1181 2935 1243 2984 co·

181 3135 332 3230 jurium3
342 3137 446 3207 mitto
457 3135 608 3211 nefarias
621 3138 744 3234 generi
754 3135 915 3232 nuptins3
932 3133 1037 3204 mitto
1050 3131 1245 3230 cupiditate

182 3247 308 3314 matris
327 3245 510 3342 expulsam
523 3269 567 3316 ex
582 3246 813 3315 matrimonio
827 3241 954 3313 filiam:
965 3254 1066 3342 quae9
1080 3241 1243 3312 nondum

182 3349 229 3421 ad
250 3349 402 3446 hujusce
420 3353 498 3430 ritae
517 3354 735 3453 pericnlum,
753 3352 817 3426 sed
835 3351 881 3425 ad
896 3343 1088 3426 commune
1106 3349 1245 3424 samiliae

221 3546 244 3594 t.
252 3543 387 3594 lacteum.
397 3547 450 3594 Cur
459 3563 509 3596 nun
517 3557 635 3598 mnu
642 3551 694 3596 est?
737 3547 895 3610 cruentissima
903 3547 955 3597 huo
964 3545 1031 3610 apud
1042 3556 1134 3596 veteru
1142 3545 1246 3596 editores

183 3622 327 3674 -Antcin
344 3623 406 3684 lun,
416 3625 459 3687 qui
470 3625 552 3690 priore
561 3627 695 3688 quastione
738 3626 858 3675 contnuo.
872 3627 897 3676 J.
906 3628 939 3675 V,
954 3628 979 3674 L.
1149 3621 1150 3628 ’

181 3700 326 3752 adsuerunt.
774 3707 799 3760 8.
810 3704 882 3754 Mitto
894 3705 973 3754 iilam.
983 3707 1079 3770 Quum,
1087 3701 1188 3767 expui·
1195 3699 1245 3750 titi·

219 3782 245 3828 6.
258 3781 327 3845 Quid
329 3778 428 3844 factum
438 3797 496 3830 esse.
508 3784 575 3844 Quid
584 3783 613 3832 de
624 3799 694 3832 servo
738 3781 849 3834 Cluenti·
857 3821 864 3847 ,
873 3785 956 3847 nupsit
967 3797 1066 3846 petiero.

186 3859 329 3908 Niemtnto
348 3860 437 3908 sactum
455 3872 507 3921 est;
528 3879 600 3924 quem
614 3879 644 3910 ex
657 3862 695 3912 his
773 3880 798 3926 9.
813 3865 873 3926 Qua
881 3861 998 3910 nondum.
1008 3863 1070 3924 Qun
1083 3860 1154 3916 fecta,
1162 3873 1247 3922 quen·

182 3937 264 3986 verbi·
276 3937 307 3986 ab
321 3939 476 4002 Oppianico,
488 3941 527 3988 vel
545 3941 628 4005 potius
640 3943 695 3990 Ses-
733 3929 775 3988 'ris
787 3940 881 4004 pudore
894 3939 1033 3990 Cluentium
1046 3936 1169 3986 afficerent
1178 3971 1186 3996 ,
1194 3938 1249 3986 nni·

182 4014 218 4064 sit
231 4033 246 4064 e
259 4016 473 4066 mediosublntum
484 4031 593 4083 apparet.
738 4020 789 4068 lum
801 4031 882 4068 tumen
895 4020 918 4066 ei
931 4017 1018 4066 mortis
1025 4007 1159 4081 perieulum
1168 4017 1249 4066 inten-

221 4111 245 4156 7.
265 4095 332 4143 Male
355 4095 411 4146 edd.
430 4113 470 4161 pr.
485 4097 626 4161 judicandi.
638 4103 694 4150 Fre·
738 4097 832 4146 tabant.
