2912 4654
364 318 559 392 ORATIO
583 319 683 392 PRO
707 329 747 392 Α.
767 323 1042 396 CLUENTIO.
1171 324 1237 400 113

168 443 284 540 gnita,
299 442 420 540 primo
439 440 681 514 condemnare
700 443 853 534 vellent3
870 471 945 516 non
960 447 1123 545 liquere⁵
1138 450 1238 526 dixe·

166 566 264 624 runt.
280 549 455 622 Nonnulli
473 565 594 622 autem
613 553 728 624 severi
747 552 914 628 homines
933 556 1003 629 hoc
1021 573 1237 655 statuerunt,

167 686 243 758 quo
269 661 427 759 quisque
449 662 571 732 animo
590 661 681 758 quid
698 661 849 754 laceret,
871 669 1023 762 spectari
1048 686 1235 767 oportere;

166 785 221 852 et,
238 772 269 840 si
281 768 368 841 alii⁶
379 771 535 868 pecunia
550 786 698 868 accepta
711 797 838 844 verum
851 775 1063 869 judicabant
1074 792 1102 870 ⁷,
1116 795 1237 854 tamen

71 956 75 972 ,
164 880 402 952 nihilominus
419 904 457 952 se
476 881 725 977 superioribus
745 887 819 955 suis
832 884 978 980 judiciis
993 905 1157 964 constare
1171 919 1239 992 pu·

164 991 292 1064 tabant
308 1005 489 1089 oportere.
503 994 631 1088 Itaque
645 990 878 1096 damnarunt.
897 999 1070 1095 Quinque
1085 1003 1237 1076 omnino

163 1099 335 1189 fuerunt,
354 1102 418 1198 qui
436 1099 539 1172 illum
559 1115 721 1174 vestrum
738 1103 974 1176 innocentem
995 1111 1238 1206 Oppianicum

164 1213 239 1282 sive
257 1203 539 1314 imprudentia⁸,
561 1212 637 1282 sive
654 1206 923 1302 misericordia,
944 1217 1018 1290 sive
1039 1219 1157 1318 aliqua
1176 1245 1239 1294 su·

163 1325 346 1422 spinione,
366 1323 440 1394 sive
458 1319 656 1394 ambitione
673 1321 842 1411 adducti,
866 1324 1106 1400 absolverent.

212 1432 464 1504 Condemnato
482 1431 703 1530 Oppianico,
722 1434 842 1504 statim
861 1437 900 1504 L.
919 1437 1107 1526 Quintius,
1124 1439 1236 1516 homo

161 1545 318 1616 maxime
340 1543 547 1641 popularis,
574 1547 638 1639 qui
662 1566 791 1616 omnes
815 1569 1007 1618 rumorum
1031 1563 1067 1620 et
1089 1557 1236 1626 concio·

162 1679 252 1724 num
281 1668 413 1725 ventos
441 1653 633 1749 colligere,⁹
661 1669 894 1744 consuesset,
919 1654 1076 1728 oblatam
1096 1659 1164 1733 sibi
1182 1659 1236 1735 fa·

162 1763 334 1835 cultatem
352 1766 514 1862 putavit,
534 1776 576 1833 ut
595 1787 640 1832 ex
655 1762 789 1834 invidia
813 1767 992 1842 senatoria
1015 1784 1137 1866 posset
1161 1796 1237 1844 cre·

161 1898 281 1961 scere,
303 1871 405 1971 quod
432 1874 511 1968 ejus
535 1872 672 1944 ordinis
693 1872 828 1968 judicia
849 1877 971 1951 minus
993 1877 1068 1972 jam
1088 1879 1236 1977 probari

160 1985 303 2084 populo
317 1981 562 2056 arbitrabatur
574 1993 614 2052 ¹⁰.
631 1981 794 2054 Habetur
810 2009 883 2054 uua
896 1998 1005 2083 atque
1021 1987 1132 2060 altera
1148 2015 1234 2064 con·

159 2097 217 2168 cio
237 2095 432 2166 vehemens
450 2108 487 2166 et
505 2095 646 2191 gravis:
670 2095 850 2190 accepisse
869 2100 1061 2192 pecuniam
1075 2099 1233 2194 judices,

158 2219 200 2276 ut
220 2206 455 2276 innocentem
474 2228 578 2274 reum
600 2201 908 2292 condemnarent,
928 2206 1096 2282 tribunus
1115 2211 1233 2309 plebis

158 2313 384 2402 clamitabat;
395 2313 451 2412 agi
464 2309 627 2384 fortunas
642 2314 808 2408 omnium
821 2311 984 2402 dicebat;
1000 2318 1137 2390 nulla¹¹
1154 2346 1232 2396 esse

155 2423 318 2518 judicia3
348 2423 412 2520 qui
441 2422 683 2521 pecuniosum
713 2423 902 2504 inimicum
930 2423 1101 2514 haberet,
1126 2430 1230 2502 iuco-

158 2535 296 2606 lumem
323 2519 401 2606 esse
431 2532 613 2604 neminem
632 2555 749 2629 posse.
777 2535 950 2604 Homines
976 2536 1087 2608 totius
1116 2542 1231 2634 ignari

157 2646 314 2743 negotii,
336 2644 401 2742 qui
421 2631 663 2741 Oppianicum
682 2666 882 2739 numquam
896 2642 1092 2733 vidissent,
1111 2651 1229 2720 virum

156 2759 359 2854 optimum,
381 2769 417 2826 et
441 2755 627 2825 hominem
644 2747 966 2850 pudentissimum,
989 2761 1142 2851 pecunia
1164 2786 1230 2858 op-

156 2889 323 2965 pressum
354 2864 626 2950 arbitrarentur,
658 2863 796 2940 incensi
824 2865 1052 2960 suspicione,
1081 2892 1159 2939 rem
1189 2872 1228 2942 in

155 3027 346 3094 opprimendum
359 3026 463 3092 pecnnia
476 3026 549 3074 luisse
563 3035 668 3074 tentatos
748 3040 774 3088 9.
791 3027 880 3072 Ventos
898 3024 1021 3090 colligere.
1048 3029 1138 3078 Merito
1154 3043 1227 3102 putet

152 3111 257 3171 jndices.
711 3106 808 3152 Ernest.
820 3101 995 3167 significantius
1005 3104 1107 3170 aliquod
1121 3107 1160 3156 hie
1173 3128 1227 3160 ver-

191 3191 215 3238 t.
230 3188 289 3236 Non
301 3187 400 3251 liquere.
409 3185 505 3248 Quibus
513 3185 570 3233 satis
583 3181 668 3250 cogni·
712 3181 750 3230 bie
759 3182 947 3245 subesse,qnam
959 3183 979 3229 si
987 3199 1042 3231 cnm
1050 3187 1224 3252 interpretibus

156 3279 263 3316 urente
276 3277 407 3324 nouerat,
422 3275 449 3313 nt
466 3262 599 3312 inferenda
612 3279 667 3310 sen-
712 3261 779 3310 dione
799 3277 908 3310 rumores
937 3264 1064 3328 aucupari3
1089 3270 1223 3318 nonenim

155 3348 229 3394 tentia
238 3357 283 3394 ent
295 3345 495 3404 demurmurat
506 3343 667 3401 absolverent,
710 3341 786 3388 modo
797 3357 907 3388 rumores
920 3341 1091 3405 expiscabatnr
1111 3345 1223 3396 uibnnns

152 3425 203 3476 boc
219 3425 349 3474 utebantur
361 3423 511 3488 verbo‚qnae
521 3420 666 3487 significatio
711 3419 838 3482 Quintius,
853 3419 896 3468 sed
916 3421 988 3470 etiam
1001 3423 1147 3472 concionum
1161 3442 1222 3490 pro·

152 3504 317 3569 ampliationis
329 3514 389 3552 erat.
711 3499 793 3560 cellas,
809 3509 837 3547 ut
854 3499 887 3548 ait
900 3500 994 3562 Livius,
1013 3500 1076 3550 ciere
1089 3502 1156 3550 omni
1172 3519 1221 3568 ope

190 3585 215 3634 6.
229 3585 256 3633 Si
267 3583 320 3632 atii.
333 3583 359 3631 Si
373 3579 485 3631 nonnulli
498 3579 529 3628 ed
546 3579 608 3628 bens
624 3581 666 3642 ju·
709 3589 782 3642 etque
791 3595 864 3642 opera
875 3578 991 3627 tentabat.

152 3664 283 3712 dicendum
293 3662 424 3728 pecuniam
435 3661 594 3724 accepissent.
747 3675 786 3707 ro.
811 3659 993 3706 Arbitrabatnr.
1021 3656 1095 3720 Qnod
1120 3670 1146 3707 et
1167 3661 1220 3724 ipss

190 3761 212 3803 7.
226 3745 321 3792 Emest.
334 3743 399 3804 conj.
405 3740 561 3807 judicarent,
578 3738 616 3788 rel
620 3738 665 3806 jat-
708 3737 795 3787 Cicero
819 3735 943 3802 popularis
967 3751 1031 3784 rurae
1055 3737 1169 3800 cupidior
1193 3741 1219 3790 in

125 3859 130 3868 .
150 3821 282 3871 ditassent.
294 3825 311 3872 J
313 3856 319 3869 .
330 3824 360 3870 V.
370 3823 398 3870 L.
707 3815 859 3866 orationibus
870 3816 959 3880 saepins
970 3813 1085 3877 jactabat.

189 3901 212 3948 8.
235 3901 413 3966 Imprudentia.
434 3902 490 3950 Sive
506 3899 662 3962 ignorantes,
746 3912 786 3944 ιι.
803 3895 879 3944 Nulla
894 3910 950 3943 esse.
969 3896 1027 3946 Non
1041 3894 1091 3957 jem
1105 3896 1218 3949 exsistere
1294 3881 1305 3896 ⁶

149 3977 358 4044 sisecorrnptose
369 3979 580 4040 Cluentiojudices
589 3979 665 4046 suepi·
704 3975 809 4038 judicia,
821 3985 845 4022 et
858 3975 895 4022 illi
903 3973 1036 4039 perniciem
1050 3975 1139 4028 instare
1149 3979 1192 4045 qni
1204 3995 1220 4026 e

152 4059 216 4118 cati,
230 4058 511 4124 sivemptandaegrntiae
530 4073 609 4107 cansa.
707 4055 783 4104 divite
793 4053 893 4104 inimico
905 4066 1064 4105 accusaretur.
1097 4043 1107 4062 “

251 4142 314 4210 ΠΙ.
341 4157 452 4218 Ciupurs
465 4153 573 4202 secunda.
1081 4135 1102 4204 8
1156 4219 1163 4234 Ι
