2934 4680
302 397 497 467 ORATIO
523 399 620 466 PRO
645 397 784 466 LEGE
809 399 1044 468 MANILIA.
1165 397 1208 496 37

142 524 258 592 mines
274 544 447 591 romanus
469 519 537 590 hac
559 517 998 615 quondam'abstinentia3
1017 521 1120 618 quod
1137 523 1212 618 jam

143 629 358 702 nationibus
372 632 502 701 exteris
518 625 749 717 incredibile,
770 652 811 700 ac
828 627 917 699 salso
935 635 1118 700 memoriae
1133 655 1215 729 pro·

145 741 262 813 ditum
289 739 492 812 videbatur.
520 742 626 809 Nunc
653 739 794 835 imperii
817 739 925 810 vestri
951 737 1123 837 splendor
1146 741 1215 812 illis

146 850 316 949 gentibus
336 851 454 938 lucet;
477 872 575 919 nunc
592 845 819 945 intelligunt,
833 873 909 918 non
927 852 1005 921 sine
1024 873 1128 921 causa
1141 875 1216 922 ma·

145 961 241 1055 jores
266 984 353 1031 suos
378 974 477 1046 tum,
503 981 618 1054 quum
641 955 709 1028 hac
731 962 971 1055 temperantia
990 962 1215 1056 magistratus
1321 1040 1325 1050 ,

148 1069 394 1157 habebamus,
415 1069 548 1140 servire
570 1065 710 1165 populo
730 1091 902 1154 romano,
916 1093 1026 1164 quam
1039 1074 1216 1167 imperare

149 1179 241 1268 aliis,
256 1179 439 1251 maluisse.
452 1183 531 1271 Jam
543 1200 632 1247 vero
647 1177 696 1246 ita
712 1175 833 1248 faciles
851 1177 969 1248 aditus
984 1177 1030 1248 ad
1046 1205 1129 1250 eum
1148 1184 1218 1278 pri·

149 1305 336 1378 vatorum,
360 1290 410 1360 ita
433 1287 554 1358 liberae
579 1288 814 1384 querimoniae
836 1285 882 1358 de
904 1287 1056 1358 aliorum
1079 1289 1218 1383 injuriis

150 1423 223 1472 esse
237 1399 430 1484 dicuntum
446 1411 488 1467 ut
499 1399 548 1485 is,
562 1398 624 1493 qui
641 1395 814 1493 dignitate
828 1396 1054 1494 principibus
1067 1399 1219 1487 excellit,

151 1508 319 1580 facilitate
340 1532 405 1606 par
419 1503 551 1576 infimis
565 1529 643 1576 esse
655 1505 829 1578 videatur.
844 1511 920 1576 Jarn
939 1522 1117 1604 qnantum
1131 1533 1219 1580 con·
1242 1487 1248 1502 .

150 1617 228 1688 silio
236 1630 265 1704 9,
290 1631 470 1715 quantum
492 1615 636 1687 dicendi
659 1617 830 1713 gravitate
853 1631 888 1687 et
908 1619 1012 1715 copia
1028 1618 1161 1704 valeat,
1180 1623 1218 1690 in

151 1754 225 1824 quo
257 1731 339 1826 ipso
366 1729 461 1799 inest
486 1725 653 1823 quaedam
680 1725 835 1823 dignitas
862 1727 1111 1825 imperatoria,
1136 1755 1219 1816 vos,

152 1838 330 1928 Quirites,
341 1836 411 1908 hoc
428 1837 508 1933 ipso
525 1839 562 1906 in
580 1835 663 1906 loco
681 1861 774 1934 saepe
793 1838 984 1933 cognostis.
993 1837 1116 1910 Fidem
1133 1864 1219 1912 vero

152 1949 229 2044 ejus
258 1949 355 2043 inter
379 1949 496 2018 socios
522 1960 695 2042 quantam
722 1946 916 2017 existimari
939 1951 1093 2045 putatis,
1112 1973 1221 2046 quam

153 2059 275 2130 hostes
292 2058 458 2128 omnium
471 2058 635 2154 gentium
646 2067 677 2100 ¹⁰
689 2057 948 2127 sanctissimam
959 2055 1156 2152 judicarint
1167 2071 1194 2102 ¹¹
1209 2061 1224 2128 ?

154 2170 385 2241 Humanitate
395 2168 582 2263 jamtanta
596 2181 669 2254 est,
686 2179 728 2236 ut
743 2163 887 2237 difficile
900 2165 1001 2237 dictu
1014 2169 1080 2254 sit,
1096 2182 1222 2242 unum

155 2281 276 2352 hostes
303 2279 416 2376 magis
442 2279 611 2348 virtutem
625 2287 654 2318 ¹²
686 2276 763 2370 ejus
787 2290 992 2374 pugnantes
1015 2279 1220 2366 timuerint,

155 2417 197 2462 an
218 2387 536 2461 mansuetudinem
556 2391 640 2459 victi
659 2385 860 2458 dilexerint.
879 2391 924 2458 Et
947 2389 1139 2485 quisquam
1158 2387 1224 2460 clu·

155 2501 304 2584 bitabit,
322 2502 411 2598 quin
436 2499 522 2570 huic
539 2512 681 2570 tantum
698 2498 837 2571 bellum
859 2498 1175 2570 transmittendum
1190 2497 1221 2542 ¹³

156 2615 221 2696 sit,
241 2614 307 2710 qui
324 2610 368 2683 ad
387 2611 509 2682 omnia
531 2624 662 2682 nostrae
689 2612 869 2682 memoria
883 2611 979 2682 bella
996 2610 1223 2683 conficienda

157 2722 279 2794 divino
298 2719 458 2818 quodam
477 2720 626 2791 consilio
645 2733 752 2792 natus
774 2745 851 2792 esse
870 2720 1051 2793 videatur?

203 2837 281 2902 XV.
298 2834 363 2919 Et,
375 2833 549 2928 quoniam
563 2831 777 2901 auctoritas¹
794 2829 947 2899 multum
962 2833 1000 2900 in
1014 2828 1117 2901 bellis
1131 2855 1223 2926 quo·

158 2969 228 3040 que
243 2937 534 3013 administrandis
548 2953 657 3036 atque
671 2941 826 3037 imperio
841 2937 984 3008 militari
998 2939 1111 3026 valet3
1128 2953 1224 3009 certe

160 3055 295 3126 nemini
321 3049 475 3122 dubium
495 3063 569 3134 est,
598 3050 688 3146 quin
711 3073 752 3120 ea
776 3073 815 3118 re
833 3047 929 3118 idem
950 3046 1009 3118 ille
1028 3048 1227 3146 imperator

160 3271 241 3333 potius
254 3267 334 3316 oculis
345 3264 435 3314 nostris
444 3279 517 3327 qnam
528 3261 635 3320 auribus,
647 3271 671 3308 et
754 3275 793 3308 ra.
806 3259 954 3308 Indicarum
970 3260 1055 3308 Piratae
1069 3259 1112 3323 qui
1125 3275 1176 3308 sese
1190 3260 1227 3308 illi

161 3349 279 3396 contraria
293 3345 404 3409 exempla
417 3343 575 3391 invaluerant.
715 3340 881 3400 tradiderunt,
891 3339 979 3388 hostile
989 3339 1051 3387 nibil
1061 3340 1180 3388 timentes.

195 3421 529 3490 9.Jamquantumcnnsi1in.
537 3421 671 3470 Consilium
755 3435 794 3468 ra.
823 3421 949 3468 Virtutem.
975 3419 1085 3468 Bellandl
1111 3420 1227 3466 virtutem

163 3505 200 3553 lain
216 3505 340 3569 appellat,
358 3503 427 3569 quod
445 3519 517 3566 snpra
533 3502 670 3566 ingenium
714 3497 843 3563 significat.

162 3585 263 3648 gravitas
276 3585 341 3632 enim
355 3595 380 3632 et
392 3583 463 3646 copia
477 3581 576 3628 dicendi
588 3580 619 3628 ab
633 3582 672 3628 in·
702 3605 704 3612 ·
754 3579 794 3628 13.
813 3577 1039 3626 Transmittendum.
1052 3573 1082 3623 td
1096 3583 1146 3632 est,
1160 3572 1227 3619 dase-

164 3667 231 3727 genio
243 3666 349 3713 maxime
362 3661 535 3728 proficiscitur.
554 3659 602 3709 Sed
615 3660 672 3723 quia
716 3657 818 3705 rendum
836 3657 875 3706 sit.
894 3659 950 3706 linc
963 3657 1038 3704 verbo
1054 3668 1113 3702 nsua
1127 3661 1164 3699 est
1177 3652 1232 3698 snr-

165 3744 212 3792 sine
222 3744 327 3792 consilio
337 3755 411 3808 atque
421 3741 552 3807 prudentia
563 3739 623 3788 nibil
632 3736 672 3795 lit,
717 3747 792 3795 usse,
799 3735 882 3784 habita
891 3735 996 3784 absentia
1003 3731 1112 3795 Pompeii
1123 3731 1229 3790 ratione,

164 3823 218 3872 ideo
237 3823 368 3872 consilinm
388 3822 487 3870 vocavit
506 3819 538 3867 ad
557 3820 673 3880 majorem
719 3817 758 3864 cul
771 3815 840 3878 quasi
853 3813 917 3862 mitti
931 3813 1022 3862 bellum
1035 3807 1228 3860 Mithridaticum

165 3903 273 3968 Pompeii
287 3903 392 3951 laudem.
415 3901 540 3965 Ingenium
553 3899 617 3948 enim
630 3913 673 3945 na·
718 3906 825 3961 oportet.
1307 3957 1310 3966 Ι

167 3993 223 4030 tura
242 3983 337 4031 bonum
359 3993 412 4041 est,
429 3995 480 4028 non
498 3979 631 4028 voluntatis
651 3987 675 4024 et
754 3968 1229 4033 KV.1.Auctoritas.Hoclocograrls

167 4045 307 4110 industriae:
720 4053 807 4118 opinio
819 4051 850 4100 de
860 4050 964 4110 alicujus
975 4047 1091 4112 singulari
1102 4048 1191 4098 virtute
1202 4062 1232 4094 ιο

206 4141 308 4189 mate
318 4141 516 4204 MSS‚gttrerram.
524 4137 582 4186 Non
588 4135 676 4202 placet.
721 4129 887 4194 magnitudine
897 4137 1023 4191 concepta.
