2976 4670
264 356 333 458 698
436 356 808 430 OBSERVATIONES
828 357 1162 434 APOLOGETICAE

261 482 532 562 animadvertam,
548 481 638 546 haud
656 482 732 546 satis
746 479 907 570 liquidum
923 479 1044 563 videri,
1061 505 1101 545 an
1116 496 1203 546 recte
1215 481 1341 547 faciant

262 590 329 653 VV.
348 590 418 654 DD.
436 588 526 676 quod
542 589 630 652 illam
646 589 836 670 formulam,
850 619 863 643 ι
874 588 915 671 Q.
934 589 976 654 N.
989 589 1025 652 Τ.
1041 587 1072 652 S.
1092 588 1133 671 Q.
1148 589 1184 652 P.
1200 589 1338 676 quando

225 699 232 710 '
263 719 360 786 negas
386 711 418 759 te
443 711 644 758 sacramento
664 694 944 782 quinquagenario
967 715 1111 781 provoco
1133 693 1179 782 (1)
1193 723 1227 775 ι,
1252 694 1339 757 rele-

260 817 334 866 rant
350 800 392 865 ad
412 823 523 864 casum
539 801 564 863 si
583 821 616 864 se
634 817 801 882 auctorem
823 821 897 865 reus
915 814 1048 888 negaret
1062 797 1122 886 (a).
1144 798 1275 862 Etenim
1296 821 1338 862 ex

262 909 359 997 paulo
378 929 474 994 supra
491 905 662 995 disputatis
680 922 827 995 apparet,
853 929 905 969 me
924 905 1098 995 suspicari,
1118 906 1205 969 illam
1228 928 1338 969 sacra-

262 1030 374 1078 mento
390 1013 654 1101 provocationem
669 1009 739 1075 lieri
755 1011 855 1076 fuisse
872 1011 1016 1091 solitam,
1033 1034 1099 1075 non
1115 1009 1248 1098 quando
1260 1033 1338 1074 reus

262 1133 297 1184 se
310 1136 476 1184 auctorem
496 1141 566 1183 esse
581 1119 736 1210 negabat,
753 1140 868 1182 rerum
885 1141 987 1206 quum
1003 1141 1038 1182 se
1053 1119 1100 1182 rei
1115 1117 1259 1207 litigiosa·
1273 1115 1339 1180 do-

262 1227 405 1308 minum,
419 1227 452 1290 in
471 1227 538 1315 ipsa
556 1225 619 1288 litis
634 1225 885 1307 contestatione,
901 1223 1045 1303 dicebat3
1062 1247 1135 1312 qnae
1148 1245 1217 1286 mea
1230 1221 1340 1310 suspi-

263 1333 314 1396 cio
327 1332 466 1396 absurda
477 1331 558 1396 adeo
567 1329 669 1395 videri
681 1331 812 1419 nequit,
825 1330 981 1419 quoniam
995 1347 1130 1394 testatur
1143 1329 1258 1393 Festus
1268 1327 1338 1414 (3),

263 1437 428 1502 inventam
455 1458 525 1500 esse
548 1435 633 1500 hanc
656 1437 833 1516 rationem,
857 1434 945 1524 apud
970 1434 1139 1524 pontifices
1164 1434 1339 1521 pecuniam

265 1542 451 1631 deponendi
476 1541 534 1629 (ex
559 1565 625 1630 qua
648 1562 740 1605 suam
761 1541 865 1605 victor
887 1542 1059 1632 reciperet,
1084 1541 1188 1604 rictus
1206 1539 1339 1603 amitte·

265 1647 351 1734 ret),
369 1648 414 1712 ob
429 1649 573 1736 inopiam
590 1631 707 1730 erarii,
724 1662 763 1710 ut
782 1646 860 1710 inde
872 1646 1014 1734 aliquem
1030 1645 1171 1710 reditum
1186 1646 1339 1720 haberet,

266 1769 581 1841 consumereturque
597 1775 708 1817 rursus
725 1753 758 1816 in
774 1753 870 1836 sacris
887 1753 1033 1841 publicis.
1053 1755 1123 1816 Jarn
1137 1773 1214 1814 vero
1230 1772 1340 1838 quan·

266 1877 320 1924 tus
339 1861 392 1924 ille
410 1857 533 1924 reditus
552 1861 654 1942 foret,
673 1860 698 1923 si
723 1881 780 1924 reo
800 1857 934 1922 demum
955 1883 989 1923 se
1013 1876 1179 1922 auctorem
1199 1873 1340 1945 negante

266 1981 467 2030 sacramento
494 1965 730 2030 contenderent
753 1965 936 2055 litigantes?
961 1987 1052 2046 nam,
1079 1980 1117 2026 ut
1142 1979 1242 2052 puto,
1266 1962 1340 2050 ple-

268 2095 408 2160 rumque
421 2095 455 2136 se
467 2088 634 2136 auctorem
646 2095 721 2136 reus
735 2072 859 2155 aiebat,
875 2088 932 2136 aut
946 2089 1032 2141 certe
1041 2087 1212 2134 ‘auctorem
1225 2069 1341 2133 delen·

269 2201 442 2264 soremque
462 2201 559 2242 suum
577 2177 738 2244 laudabat.
756 2179 912 2242 Praeterca
928 2177 1076 2266 pluribus
1088 2193 1234 2242 veterum
1247 2175 1342 2239 testi-

270 2285 388 2350 moniis
406 2285 537 2374 probari
556 2302 681 2374 potest,
708 2309 775 2349 non
800 2285 834 2350 in
858 2287 911 2350 his
927 2286 1167 2374 praeparatoriis
1193 2283 1341 2372 (veniam

270 2389 370 2452 verbo
387 2389 492 2452 latinae
511 2387 589 2453 dent
604 2389 716 2477 aures)
733 2390 1059 2480 interrogationibus,
1076 2387 1133 2452 sed
1146 2386 1186 2452 de
1202 2389 1269 2476 ipsa
1282 2387 1341 2450 lite

271 2513 473 2558 sacramento
498 2495 597 2559 fuisse
622 2513 797 2577 certaturn,
822 2495 911 2586 quod
934 2497 1077 2587 egregie,
1103 2496 1137 2559 ni
1154 2493 1261 2576 fallor,
1275 2495 1341 2575 jam

271 2598 507 2664 demonstravit
524 2600 632 2691 Ampl.
655 2601 765 2690 Wybo
790 2601 851 2689 (d),
875 2625 972 2691 quem
997 2625 1125 2665 mecum
1148 2601 1259 2671 atrita
1276 2599 1344 2662 buc

271 2727 377 2794 usque
388 2707 438 2769 ria
458 2705 624 2771 deflexisse
639 2731 707 2771 non
724 2708 793 2772 sine
810 2707 928 2798 gaudio
945 2708 1102 2795 comperi.
1123 2708 1200 2770 Duo
1214 2722 1343 2770 tanturn

271 2813 384 2877 abillo
407 2816 622 2902 praetermissa
644 2813 824 2878 adscribam
850 2814 1014 2879 Ciceronis
1033 2815 1112 2878 loca.
1136 2813 1263 2878 Primus
1287 2811 1344 2876 hic

271 3005 336 3056 fudit
350 2989 434 3072 Sigon.
450 3006 481 3057 de
494 3009 611 3068 Jndiciis,
629 3009 673 3056 lib.
685 3011 697 3056 1
709 3043 717 3069 ,
732 3021 787 3074 cap.
798 3025 841 3058 αι.
859 3011 975 3058 Demere
988 3010 1117 3074 pecuniam
1133 3007 1200 3073 apud
1212 3003 1343 3073 pontifices

272 3095 427 3162 deponendi,
439 3108 526 3161 praeter
538 3099 647 3148 brisson.
661 3107 685 3146 et
699 3097 802 3146 Guther.
816 3098 875 3148 vide
889 3114 988 3163 quoqne
1004 3099 1151 3147 Raevartlum
1164 3096 1271 3146 Protrib.
1284 3111 1343 3160 etp.

274 3185 627 3250 10,Var10mmlib.1‚cap.
646 3185 689 3247 15,
707 3201 764 3250 pag.
779 3187 830 3236 518
842 3203 849 3247 ς
863 3185 907 3234 lib.
920 3189 958 3245 11,
977 3202 1032 3250 cap.
1047 3188 1094 3248 18,
1108 3186 1242 3251 pa3.519;
1259 3183 1344 3244 unt,

272 3287 328 3337 ⁰⁸9·
345 3287 396 3335 ων
411 3288 467 3337 1³³8·
482 3287 542 3335 7²7·
1093 3291 1097 3301 ¹

307 3385 318 3452 (
323 3384 346 3452 1)
365 3390 408 3436 Est
422 3388 488 3453 apud
499 3388 581 3438 Valer.
592 3389 666 3439 Prob.
677 3406 733 3455 cap.
747 3399 791 3447 αἱ..

307 3499 346 3566 (a)
362 3503 404 3550 Est
417 3514 534 3565 praetcrea
553 3503 618 3566 apud
629 3503 749 3562 Probum,
762 3520 833 3568 capp.
848 3505 878 3551 xe
890 3513 914 3551 et
926 3518 975 3566 29,
986 3501 1046 3567 sigla
1066 3523 1078 3546 ι
1092 3504 1118 3552 S.
1129 3499 1163 3552 N.
1179 3501 1204 3549 S.
1218 3502 1251 3564 Q.
1266 3502 1347 3550 sinc-
1453 3537 1454 3542 ,

271 3600 326 3654 gat,
345 3602 496 3638 sacramento
515 3591 652 3654 quaerito»,
672 3591 738 3638 unde
760 3592 880 3655 colligunt
897 3592 955 3641 VV.
971 3592 1028 3639 DD.
1043 3590 1110 3638 illam
1130 3587 1284 3655 significare,
1303 3591 1348 3638 «si

272 3688 343 3740 negat
362 3681 567 3736 se'auctoremn;
592 3693 638 3742 ego
662 3679 800 3742 explicem,
819 3679 864 3726 «si
881 3689 956 3743 negat
977 3677 1081 3726 fundum
1101 3694 1153 3726 esse
1175 3677 1292 3748 petitoris
1313 3693 1348 3726 ex

269 3766 325 3825 J‘ure
345 3765 478 3828 Quiritium
488 3787 508 3812 ιι.

306 3874 345 3944 (3)
357 3880 388 3925 In
400 3895 424 3926 v.
436 3892 624 3944 sacramentnm.

306 3990 344 4057 (4)
358 3993 395 4039 De
404 3995 493 4043 Interr.
506 3995 533 4041 in
542 3995 618 4054 Jnre,
627 4011 681 4059 cap.
692 3995 723 4054 8,
742 4009 799 4059 pag.
812 4003 870 4053 114.
881 3997 912 4044 In
925 3995 1009 4044 eadem
1023 3995 1095 4045 niem
1107 3995 1238 4045 nobiscum
1247 4007 1349 4045 senten-

226 4105 234 4115 .
270 4081 304 4128 tia
318 4080 407 4128 vmsari
417 4080 514 4130 ridetur
525 4077 639 4132 Consult.
652 4081 810 4133 Noordkerk.
824 4085 851 4132 d.
863 4083 883 4134 l.
