2976 4670
261 381 331 456 566
581 383 630 453 Μ.
656 385 694 453 Τ.
722 380 1002 456 CICERONIS

260 529 326 578 cur
343 519 427 578 ante
446 499 558 604 petis,
577 515 687 602 quam
713 507 975 578 insusurravit?
997 521 1061 578 aut
1080 505 1190 605 quid,
1210 525 1309 606 quum

259 619 481 705 admoneris,
500 631 620 688 tamen
632 641 758 716 quasi
771 632 850 690 tute
866 621 987 704 noris,
1001 632 1050 688 ita
1064 617 1313 718 salutastqunt

258 743 493 828 posteaquam
518 751 556 798 es
583 727 808 823 designatus,
836 726 954 796 multo
982 726 1114 798 salutas
1141 727 1314 827 negligen-

259 841 356 912 tius?
370 843 453 911 Hoec
480 840 635 909 omnia
628 837 672 908 ad
698 833 919 908 rationem¹⁵
943 823 1097 908 civitatis
1122 839 1151 908 si
1176 838 1316 936 dirigas,

258 965 356 1022 recta
381 958 485 1034 sunt3
513 952 568 1019 sin
598 948 823 1046 perpendere
855 946 901 1018 ad
927 946 1122 1044 disciplinae
1149 965 1317 1048 praecepta

258 1061 367 1145 velis,
394 1063 621 1156 reperiantur
650 1060 870 1156 pravissima.
901 1061 1022 1149 Quare
1049 1081 1118 1130 neo
1142 1059 1240 1156 plebi
1262 1085 1317 1132 ro-

221 1251 224 1260 ,
257 1164 372 1240 manae
393 1169 570 1268 eripiendi
593 1166 731 1240 fructus
755 1170 814 1240 isti
835 1182 920 1238 sunt
944 1167 1135 1254 ludorum,
1156 1167 1320 1266 gladiato-

260 1305 362 1368 rum,
381 1281 654 1364 conviviorum,
677 1303 759 1375 quae
780 1280 901 1348 omnia
919 1278 1072 1373 majores
1094 1281 1209 1350 nostri
1232 1301 1320 1350 eom-

262 1404 501 1490 paraverunt3
524 1411 593 1461 nec
617 1389 844 1460 candidatis'
834 1403 903 1460 ista
921 1387 1128 1486 benignitas
1140 1389 1324 1461 adimenda

259 1518 332 1590 est,
351 1527 431 1600 quae
454 1499 703 1572 liberalitatem
730 1503 861 1597 magis
867 1497 1064 1662 significat,
1092 1523 1202 1596 quam
1223 1499 1323 1598 largi-

259 1616 409 1685 tionem.

307 1723 485 1794 XXXVII
517 1725 562 1793 At
594 1722 689 1792 enim
719 1736 755 1792 te
784 1719 829 1791 ad
857 1653 1100 1796 accusandum
1127 1719 1328 1818 respublica

259 1833 445 1905 adduxit&
469 1832 611 1915 Credo,
632 1837 740 1918 Cato,
758 1846 794 1903 te
815 1819 892 1903 isto
904 1837 1047 1916 animo,
1062 1845 1172 1928 atque
1194 1857 1235 1904 ea
1252 1837 1327 1930 opi·

260 1943 371 2014 nione
388 1943 528 2013 venisse
544 1968 552 2011 :
571 1940 632 2012 sed
645 1957 686 2012 tu
699 1941 944 2039 imprudentia
961 1941 1090 2013 laberis
1101 1951 1127 2012 ².
1143 1943 1219 2036 Ego
1231 1943 1328 2039 quod

261 2053 375 2137 facio,
397 2051 556 2148 judices,
581 2075 697 2148 quum
723 2045 887 2122 amicitiai
909 2051 1169 2149 dignitatisque
1189 2057 1230 2122 L.
1252 2058 1332 2122 liiu-

261 2184 358 2236 renae
385 2164 495 2261 gratia
526 2160 642 2250 facio,
674 2177 750 2233 turn
783 2185 840 2232 me
863 2167 983 2259 pacis,
1005 2164 1088 2252 otii,
1113 2162 1333 2248 concordiae,

262 2272 629 2360 libertatis,'salutis,
661 2274 741 2344 vitre
771 2269 933 2370 denique
965 2274 1130 2343 omnium
1166 2287 1336 2345 nostrum

262 2407 367 2456 causa
388 2381 505 2453 facere
526 2382 642 2454 clamo
664 2397 773 2480 atque
796 2396 919 2453 testor.
939 2382 1091 2468 ludite,
1108 2383 1232 2455 audite
1249 2407 1336 2455 eon·

262 2495 397 2581 sulem,
418 2491 571 2586 judices,
595 2491 683 2562 nihil
707 2492 824 2562 dicam
843 2497 1090 2589 arrogantius,
1116 2505 1257 2564 tantum
1283 2492 1339 2562 di-

262 2627 359 2691 cam,
373 2618 470 2674 totos
484 2602 560 2674 dies
574 2617 683 2700 atque
698 2613 822 2675 noctes
836 2603 883 2674 de
895 2601 1083 2698 republica
1100 2608 1338 2700 cogitantem.

262 2721 345 2790 Non
363 2738 479 2812 usque
499 2738 543 2784 eo
566 2718 605 2783 L.
625 2709 799 2786 Catilina³
819 2710 1078 2810 rempublicam
1099 2710 1265 2810 despexit
1287 2727 1345 2782 at-

264 2967 294 3001 00
310 2951 386 3017 petis,
404 2945 471 3014 quod
489 2950 539 3010 julli
559 2945 775 2994 memorianomen
855 2945 989 2995 XXXVII.
1014 2959 1037 2993 ι.
1055 2945 1198 3009 Respublica
1219 2945 1350 3000 adduxit.

264 3033 346 3084 tenes?
366 3031 427 3093 Quae
438 3027 519 3076 minue
537 3026 596 3075 felix
608 3025 776 3091 interpretatio
821 3025 897 3072 suum
910 3023 1033 3083 ominem,
1053 3041 1125 3089 quem
1137 3039 1210 3091 nuper
1221 3027 1331 3076 enuntia
1338 3057 1350 3066 -

262 3113 372 3162 babetur.
384 3111 413 3157 ln
426 3107 562 3156 dilemmate
571 3106 635 3153 enim
644 3114 696 3153 tote
706 3105 776 3154 (iee-
822 3114 902 3164 emt,
912 3105 1069 3168 prosequitur
1079 3106 1180 3165 Cicero,
1192 3117 1218 3156 et
1237 3109 1274 3156 im
1291 3109 1354 3156 for-

265 3192 331 3239 eonis
344 3186 519 3252 argumentatio
541 3193 662 3232 versatur:
673 3191 716 3232 rut
729 3183 776 3232 bo·
819 3189 903 3230 tunaln
913 3183 973 3246 reip.
983 3193 1008 3230 et
1017 3184 1171 3232 manitereum
1184 3187 1298 3234 civitatis
1307 3187 1357 3234 di-

266 3276 358 3318 neetum
381 3277 433 3324 eat,
457 3277 499 3313 ant
512 3270 583 3327 turpe
595 3264 777 3311 nomenclatore
820 3263 924 3310 ecrimen
938 3263 1038 3327 privatis
1048 3264 1159 3311 Morene
1168 3266 1358 3328 periculisim-

264 3350 316 3407 ιιιί;
330 3347 488 3394 sibon‘eetum
501 3341 775 3399 est‚curnoneumad
818 3341 906 3406 plicat,
923 3351 952 3390 ut
979 3342 1040 3390 nibil
1060 3341 1092 3390 ad
1109 3343 1222 3403 judicum
1243 3345 1359 3394 animos

264 3441 292 3476 ea
302 3425 467 3487 nomionqore
477 3421 557 3474 calles.
570 3420 684 3468 adhibere
695 3421 776 3469 soles?
819 3421 1011 3470 commovendos
1019 3421 1116 3484 gravius
1124 3425 1362 3486 nequevebemen-

265 3507 286 3554 si
301 3518 388 3569 turpe,
402 3515 512 3565 curergo
523 3499 674 3559 dissimulat,
689 3511 714 3548 et
730 3515 776 3560 er,
817 3501 868 3548 tius
882 3501 929 3548 dici
942 3503 1050 3565 potuisse
1060 3501 1178 3551 videatur.

264 3601 319 3651 quie
334 3583 379 3632 tibi
398 3581 557 3628 insusurravit
578 3581 690 3638 nomina,
708 3583 777 3644 quui
809 3573 814 3580 '
857 3596 882 3627 ι.
902 3577 1067 3641 Imprudentia
1084 3579 1181 3628 laberis.
1195 3581 1292 3630 Studio
1307 3584 1363 3630 ab·

263 3665 315 3730 ipse
343 3659 459 3710 memoria
481 3669 589 3716 teneres,
612 3661 776 3722 pronuncies?
820 3659 1198 3723 reptuslntogltentioripeccae.

265 3741 375 3790 bambin.
388 3737 500 3787 emendat
510 3737 568 3786 «sin
577 3739 648 3786 etiam
658 3738 679 3785 si
692 3739 775 3798 noris,
858 3741 880 3787 3.
903 3741 930 3787 t.
946 3737 1063 3786 Catilina.
1082 3741 1141 3788 llaec
1153 3741 1290 3806 subjungit
1312 3745 1365 3792 Ci.

194 3840 197 3849 ¹
264 3834 344 3871 temen
358 3830 402 3887 per
415 3819 661 3876 monitorem,etc.·.
678 3819 773 3867 Ernest.
820 3833 889 3874 cero,
898 3827 925 3864 ut
934 3817 1047 3866 ostendat
1054 3832 1217 3884 quamquam
1227 3837 1368 3886 egressu

263 3899 336 3949 nect.
351 3895 451 3948 Schiitr.
471 3897 583 3960 probant.
603 3895 650 3944 sed
665 3895 726 3944 nibil
744 3894 776 3943 ed
819 3897 852 3944 sit
865 3897 980 3954 Catilina,
994 3896 1135 3962 reipublice
1146 3910 1226 3946 temen
1241 3903 1337 3949 esoni
1327 3905 1369 3950 ris

263 3991 359 4028 sensum
372 3977 439 4027 lecit.
819 3977 886 4038 eim,
898 3976 978 4041 quiin
993 3976 1060 4026 Urbe
1072 3979 1248 4037 remearunt,
1272 3981 1371 4029 vehe-

303 4053 341 4107 15.
357 4057 399 4106 Aa
409 4035 537 4104 rationem.
546 4054 587 4103 Ad
600 4055 775 4103 solemnemei·
820 4069 913 4105 menter
925 4058 1101 4114 metuendum
1115 4058 1195 4120 itaque
1212 4073 1270 4106 non
1298 4075 1370 4108 esse

264 4133 345 4184 citatis
358 4147 462 4184 moreto.
471 4133 662 4197 -rn'sa'ptc'nm
676 4135 774 4183 stoicae.
819 4133 962 4197 privandum
973 4137 1060 4201 optimi
1074 4135 1181 4185 consulis
1192 4137 1344 4188 custodia.
