2956 4676
238 321 306 408 rad
460 379 464 388 .
550 323 599 394 M.
625 315 664 392 T.
696 319 976 394 CICERONIS

229 441 275 514 ab
300 433 484 536 judicibus
510 433 642 513 Fausto
672 440 778 513 Sullae
802 439 847 512 de
869 439 1037 538 pecuniis
1055 437 1210 512 residuis
1228 465 1303 512 non

230 565 285 623 est
295 551 531 624 constitutus:
543 575 619 622 non
628 576 704 650 quo
719 550 770 622 illi
784 564 846 622 aut
860 551 1046 648 exlegem⁹
1058 573 1134 622 esse
1148 550 1302 640 Sullam,

231 675 294 733 aut
312 685 456 733 causam
473 666 636 760 pecuniae
651 661 804 762 publicae
817 673 1062 758 contemptam
1079 675 1189 758 atque
1203 661 1303 756 abje-

233 787 326 844 ctam
347 786 537 870 putarent3
559 770 621 844 sed
640 772 762 870 quod,
785 784 975 842 accusante
997 767 1147 840 tribuno
1166 768 1302 868 plebis,

231 881 440 954 conditione
463 907 564 982 aequa
588 882 780 981 disceptari
801 905 908 980 posse
930 905 1008 952 non
1027 889 1301 978 putaverunt¹⁰.

232 986 353 1082 Quid?
366 991 548 1064 conferam
565 994 748 1065 Sullamne
765 1016 847 1063 cum
862 991 995 1063 lunio?
1009 1015 1055 1061 au
1069 990 1170 1061 huuc
1183 990 1302 1062 tribu-

230 1127 321 1174 num
341 1101 494 1201 plebis¹¹
505 1127 589 1175 cum
601 1103 775 1195 Quintio?
793 1127 837 1174 an
857 1125 944 1174 vero
959 1116 1103 1198 tempus
1118 1125 1201 1172 cum
1216 1115 1304 1172 tem·

151 1215 155 1222 '
231 1211 350 1310 pore?
378 1211 476 1283 Sulla
501 1213 666 1284 maximis
693 1211 884 1311 opibus¹²‚
911 1211 1090 1309 cognatis,
1113 1209 1305 1302 affinibus,

230 1323 460 1408 necessariis,
481 1321 674 1394 clientibus
693 1323 873 1420 plurimis;
891 1321 967 1394 haec
984 1335 1103 1393 autem
1124 1321 1221 1418 apud
1241 1327 1303 1394 Ju-

230 1432 334 1502 nium
351 1455 476 1528 parva,
494 1448 529 1504 et
544 1430 704 1520 infirma,
718 1446 755 1504 et
767 1434 880 1532 ipsius
893 1430 1018 1503 labore
1032 1433 1181 1530 quaesita
1195 1446 1304 1530 atque

231 1540 390 1612 collecta.
416 1543 484 1612 Hic
502 1540 670 1614 tribunus
695 1541 831 1640 plebis,
862 1541 1066 1628 modestus,
1098 1541 1303 1640 pudens¹³,

231 1673 308 1720 non
329 1649 439 1722 modo
459 1675 534 1721 non
553 1651 763 1740 seditiosus,
780 1651 842 1724 sed
863 1655 969 1724 etiam
984 1651 1162 1723 seditiosis
1181 1651 1303 1723 adver-

230 1762 365 1849 sarius;
393 1760 452 1832 ille
485 1776 606 1834 autem
633 1761 802 1851 acerbus,
825 1763 1098 1849 criminosus1⁴‚
1120 1760 1304 1860 popularis

231 1868 344 1941 homo
358 1895 399 1942 ac
411 1869 657 1943 turbulentus.
674 1877 832 1970 Tempus
845 1857 916 1945 hoc
931 1872 1169 1970 tranquillum
1185 1895 1227 1943 ac
1242 1895 1304 1969 pa·

232 1994 372 2070 catum3
397 1981 487 2054 illud
510 1981 683 2055 omnib'us
709 1982 850 2054 invidiae
874 1981 1151 2080 tempestatibus
1181 1981 1302 2054 conoi-

232 2102 361 2161 tatum.
391 2093 481 2181 Quae
508 2116 624 2189 quum
641 2095 689 2165 ita
714 2109 854 2182 essent,
884 2096 921 2163 in
953 2099 1085 2165 Fausto
1109 2106 1233 2164 tamma
1252 2089 1304 2162 illi

228 2197 369 2294 judices
398 2216 621 2292 statuerunt,
642 2205 766 2301 iniqua
793 2203 1003 2276 conditione
1028 2229 1132 2276 reum
1159 2227 1302 2275 causam

232 2307 372 2399 dicere,
386 2336 502 2408 quum
515 2311 718 2385 adversario
734 2316 813 2410 ejus
826 2314 871 2385 ad
883 2315 943 2411 jus
959 2316 1196 2388 accusationis
1210 2339 1304 2386 sum·

231 2441 290 2487 ma
307 2423 361 2490 vis
381 2427 567 2517 potestatis
580 2422 776 2496 accederet.
838 2445 841 2452 ’

279 2533 421 2600 XXXV.
439 2533 557 2621 Quam
578 2529 728 2629 quidem
749 2535 927 2606 rationem
949 2558 1033 2621 vos,
1047 2532 1208 2629 judices,
1226 2531 1303 2603 dili·

230 2652 369 2736 genter,
386 2664 454 2738 pro
474 2655 586 2713 vestra
602 2644 774 2740 sapientia
788 2658 823 2716 et
835 2644 1080 2733 humanitate,
1094 2647 1254 2743 cogitare
1268 2657 1304 2714 et

230 2749 376 2847 penitus
391 2756 592 2850 perspicere
611 2752 772 2844 debetis,
795 2754 885 2852 quid
906 2753 1188 2851 mali,quantum
1209 2753 1303 2851 peri·

230 2859 303 2931 culi
322 2863 520 2960 unicuique
543 2879 708 2936 nostrum
732 2862 864 2935 inferre
890 2863 1004 2961 possit
1023 2863 1075 2933 vis
1098 2861 1303 2948 tribunitia,

185 3012 188 3020 ,
232 2969 385 3042 conflata
417 2977 613 3071 praesertim
639 2973 775 3044 invidia
809 2987 845 3045 et
872 2970 1111 3076 concionibus
1136 2969 1303 3042 seditiose

232 3081 431 3152 concitatis.
459 3083 613 3180 Optimis
643 3083 765 3157 hercle
797 3082 1038 3182 temporibus,
1057 3096 1154 3170 tum,
1187 3104 1303 3180 quum

232 3349 334 3398 Faunus
356 3349 439 3410 Sulla,
461 3351 585 3404 dictatoris
607 3352 690 3413 lilius,
710 3354 741 3403 ds
823 3370 863 3404 ro.
889 3355 929 3404 Sic
954 3355 1018 3404 MSS
1046 3355 1141 3404 Ernest.
1163 3364 1300 3418 putarsnef

231 3429 342 3492 pmnniis
362 3445 422 3493 quas
445 3429 477 3482 sd
496 3447 572 3496 remp.
593 3433 742 3498 pertinentes
786 3432 893 3494 Scbfits,
905 3435 1038 3497 putabant.
1050 3437 1076 3484 J.
1087 3437 1120 3484 V.
1132 3437 1161 3483 L.

231 3508 260 3556 1..
279 3506 344 3556 Sulla
364 3508 391 3556 in
409 3510 519 3558 sensium
537 3527 590 3560 non
605 3512 740 3570 retulisset,
824 3527 864 3562 rr.
874 3512 1071 3560 Himetrr'bunum
1078 3514 1115 3577 pl.
1127 3512 1177 3576 Qui
1186 3514 1301 3560 Faustum

231 3585 326 3648 jndices
356 3585 483 3636 definitum
511 3601 607 3656 tempus
633 3590 743 3640 dicenda
786 3601 949 3638 accusaverat.

233 3681 312 3714 esusae
324 3667 471 3717 constituere
480 3662 587 3718 noluere.
602 3670 680 3733 Supra
689 3685 743 3734 cap.
825 3685 865 3718 ra.
886 3668 1003 3717 Maximis
1021 3669 1117 3735 opibus.
1138 3673 1238 3718 Summa
1256 3683 1303 3734 po·

234 3759 283 3804 aa,
307 3745 393 3794 eodem
414 3763 486 3796 sensu
505 3748 611 3797 vidimus
632 3747 744 3813 usurpari
788 3749 997 3811 tentissegrstis.

232 3821 322 3886 locum,
330 3825 503 3887 qnodordolit
515 3843 613 3876 reorum
621 3828 646 3874 in
654 3826 743 3875 tabulis
825 3828 868 3876 13.
882 3827 945 3885 Alii,
955 3826 1071 3890 prudens.
1085 3828 1110 3876 J.
1121 3827 1154 3876 V.
1164 3829 1194 3880 1..

232 3905 344 3965 praetoris
356 3920 407 3967 qno
420 3921 515 3954 canum
528 3907 618 3955 dicant.
824 3915 865 3963 rt.
883 3905 1037 3954 Criminosus.
1053 3907 1104 3970 Qui
1116 3907 1178 3956 alios
1192 3904 1304 3953 crimini·

267 3993 293 4040 9.
308 3981 437 4046 Eulegsm.
450 3983 508 4032 Non
518 3983 586 4048 qnod
596 4000 670 4050 suprs
678 3983 742 4050 leges
785 3983 832 4032 bus
852 3996 949 4045 onerat,
969 3994 995 4033 et
1013 3984 1146 4048 premendo
1160 3985 1221 4034 alios
1234 3977 1303 4050 apud

233 4057 337 4108 eminere
346 4061 437 4110 Sullam
446 4063 627 4114 arbitrarentur.
786 4063 912 4128 populum
927 4062 1070 4114 remollit.
