2956 4676
356 313 547 382 ORATIO
571 316 671 384 rno
696 316 736 383 A.
763 314 1041 388 ocusumo.
1165 313 1231 405 145

166 431 212 508 ad
236 435 443 508 notationes
464 435 783 532 auctoritatemque
804 440 1234 537 censoriam'exemplum

165 547 246 618 illos
266 571 287 618 a
305 544 569 616 consuetudine
592 545 735 618 militari
761 546 993 620 transtulisse.
1024 554 1235 622 statuerunt

167 659 265 728 enim
283 659 333 726 ita
346 656 501 750 majores
515 655 647 743 nostri,
662 667 723 740 ut,
739 656 768 725 si
784 679 805 726 a
818 657 939 728 multis
957 673 1049 730 esset
1063 659 1235 756 flagitium

165 768 220 838 rei
229 765 392 838 militaris
409 763 624 852 admissum,
642 766 830 836 sortitione
843 766 880 836 in
901 767 1104 863 quosdam²
1120 770 1235 840 anim·

165 875 415 948 adverteretur
437 901 446 943 t
467 887 509 946 ut
533 889 651 946 metus
675 873 842 946 videlicet
864 873 909 946 ad
932 873 1105 962 omnes³,
1127 901 1237 975 poeua

164 984 212 1056 ad
227 1007 364 1083 paucos
385 988 599 1081 perveniret.
619 983 729 1074 Quod
750 981 845 1054 idem
869 981 985 1057 lacere
1008 1008 1174 1058 censores
1199 988 1238 1056 in

166 1094 313 1166 delectu
326 1093 528 1191 dignitatis,
542 1107 581 1166 et
597 1097 636 1164 in
649 1093 788 1188 judicio
803 1094 955 1181 civium,
973 1108 1010 1164 et
1027 1095 1065 1164 in
1080 1095 1239 1166 animad-

164 1205 334 1274 versione
343 1203 532 1288 vitiorum,
544 1202 608 1298 qui
616 1203 904 1274 convenitham
913 1202 1238 1300 miles,quilocum

165 1314 395 1402 contenuit,
415 1313 481 1409 qui
497 1311 657 1384 hostiurn
670 1316 851 1408 impetum
869 1313 1015 1409 vimque
1033 1315 1240 1409 pertimuit,

165 1437 288 1522 potest
302 1422 399 1496 idem
417 1437 543 1520 postea
559 1436 596 1493 et
613 1421 715 1494 miles
729 1447 805 1494 esse
819 1421 964 1509 melior,
979 1436 1015 1492 et
1028 1423 1082 1496 vir
1099 1421 1242 1514 bonus,

166 1547 205 1604 et
225 1535 314 1604 civis
336 1532 442 1604 utilis.
472 1534 613 1621 Quare,
631 1556 678 1602 ne
700 1532 739 1601 in
760 1530 879 1619 bello,
908 1546 1059 1629 propter
1080 1530 1241 1604 hostium

166 1657 331 1732 metum,
360 1641 602 1737 delinqueret,
628 1641 783 1740 amplior
802 1643 836 1714 ei
856 1645 983 1714 mortis
1011 1645 1053 1714 et‘
1072 1643 1242 1741 supplicii

167 1767 287 1824 metus
303 1767 357 1824 est
372 1776 393 1823 a
411 1750 611 1847 majoribus
629 1753 865 1839 constitutum
882 1777 929 1822 ne
946 1766 1069 1824 autem
1086 1753 1241 1826 nimium

166 1862 275 1934 multi
297 1874 444 1960 poenam
473 1861 598 1959 capitis
633 1859 816 1948 subirent,
845 1859 979 1932 idcirco
1007 1860 1069 1931 illa
1099 1863 1241 1932 sortitio

167 1988 376 2070 comparata
393 1987 458 2044 est.
477 1978 554 2044 Hoc
574 1987 616 2042 tu
635 1970 733 2042 idem
746 1969 869 2054 facies,
888 1991 1036 2052 censor,
1054 1970 1092 2039 in
1113 1984 1242 2043 senatu

150 2084 346 2182 legendo?
367 2087 397 2156 si
419 2097 528 2156 erunt
554 2081 693 2181 plures,
723 2080 788 2176 qui
814 2077 864 2150 ob
890 2080 1123 2150 innocentem
1157 2104 1243 2152 con·

166 2191 414 2266 demnandum
426 2193 619 2290 pecuniam
632 2191 859 2286 acceperint,
878 2203 920 2298 ut
932 2214 1008 2261 non
1019 2189 1243 2262 animadver-

168 2305 246 2376 tas⁴
259 2303 299 2374 in
312 2327 457 2392 omnes,
467 2300 530 2374 sed
542 2324 686 2398 carpas,
698 2315 740 2372 ut
752 2299 856 2385 velis,
870 2313 906 2370 et
918 2323 1055 2396 paucos
1064 2323 1109 2370 ex
1118 2299 1242 2376 multis

168 2413 214 2486 ad
228 2413 470 2510 ‘ignominiam
488 2409 658 2486 sortiare?
675 2407 831 2486 Habebit
850 2411 980 2506 igitur,
1002 2424 1039 2480 te
1055 2410 1190 2482 sciente
1204 2427 1242 2484 et

167 2522 333 2612 vidente,
354 2523 453 2594 curia
473 2535 695 2608 senatorem,
711 2517 869 2616 populus
881 2541 1053 2589 romanus
1063 2518 1241 2614 judicem,

167 2631 372 2730 respublica
390 2635 505 2704 civem
523 2633 600 2705 sine
622 2629 819 2725 ignominia
840 2651 1079 2725 quemquam,
1097 2630 1180 2724 qui,
1194 2629 1241 2703 ad

168 2744 366 2841 perniciem
385 2743 606 2826 innocentis,
628 2737 737 2810 fidem
757 2755 857 2818 suam
886 2750 922 2808 et
945 2735 1156 2832 religionem
1178 2761 1238 2834 pe·

168 2855 276 2926 cunia
293 2845 565 2926 commutarit⁵i
582 2855 644 2934 Et,
658 2848 856 2946 quiprotio
870 2844 1048 2926 adductus
1064 2846 1238 2941 eripuerit

168 2965 342 3062 patriam,
359 2959 537 3046 lirrtunas,
562 2957 695 3030 liberos
717 2956 785 3028 civi
800 2953 1002 3037 innocenti,
1019 2953 1050 3024 is
1067 2955 1236 3024 censoriae

169 3073 366 3154 severitatis
390 3086 478 3142 nota
501 3093 578 3140 non
596 3066 784 3138 inuretur?
800 3063 856 3134 Tu
876 3087 914 3134 es
932 3057 1237 3159 praefect11s⁶·mo·

204 3298 231 3330 n.
243 3282 274 3330 tn
283 3279 411 3344 qenedaen.
421 3273 609 3340 Qnilngiseent,
620 3271 680 3318 eole-
723 3285 805 3330 euren,
818 3268 974 3331 Obstupuere
989 3266 1079 3326 animi,
1091 3267 1234 3333 gelidusque

169 3362 266 3412 heris
278 3359 388 3408 decurias
397 3357 483 3419 ttvtffl,
492 3371 523 3402 en
532 3353 622 3418 quibu
628 3365 680 3398 tun
722 3357 768 3414 per
775 3350 823 3396 ime
833 3347 940 3396 occurrit
951 3349 1011 3395 ou·
1021 3357 1120 3410 tremor,
1129 3349 1170 3396 cru'
1183 3349 1233 3397 lete

169 3443 257 3490 titione
276 3435 365 3502 cinguli
383 3435 559 3500 deligerentur,
567 3431 611 3496 qui
622 3431 679 3478 uui·
722 3439 820 3492 parona
829 3441 903 3491 quem
913 3437 998 3490 poscet
1008 3427 1101 3490 Apsollo
1111 3449 1132 3478 ι,

169 3533 292 3570 vasorum
310 3518 389 3566 scelus
402 3517 479 3578 eapite
491 3514 593 3560 luerem.
603 3513 679 3558 vau-
759 3516 783 3564 ι.
797 3506 980 3556 Mnielnnrbin.
995 3527 1007 3550 ι
1017 3521 1069 3558 uon
1081 3507 1235 3556 animadver-

170 3611 206 3650 ευ
219 3605 275 3647 et'n
288 3593 407 3646 nonant·
420 3594 519 3640 inrecte
529 3589 679 3655 pentheo,
723 3596 807 3636 tecm..
818 3601 949 3650 saepem
967 3585 1079 3636 eolee...·.
1092 3586 1209 3634 unieret
1219 3605 1231 3629 ι

170 3667 680 3742 noniniqnn,cemeneeeeeadi,nbide·
722 3667 830 3715 tnui.
924 3685 927 3694 ·
1025 3709 1029 3716 ,

170 3759 221 3808 licei
234 3769 345 3806 numeres
358 3755 510 3818 ignorentur.
557 3765 560 3773 ¹
641 3747 645 3754 '
758 3740 966 3792 &amunte
983 3739 1136 3791 vendiderit.

207 3841 231 3886 3.
243 3837 287 3886 Ad
297 3849 387 3884 onmes.
401 3831 441 3880 ste
453 3829 519 3894 npnd
527 3827 615 3892 virgil.
625 3827 679 3874 En.
726 3841 730 3850 ·
748 3823 787 3870 ,6.
797 3819 945 3884 'erasm
954 3821 1050 3880 Ergone
1060 3827 1085 3866 te
1093 3816 1233 3868 meodian-

171 3919 208 3976 n,
223 3909 271 3963 rrss
281 3931 318 3979 sq.
328 3913 372 3962 obl
381 3911 447 3959 canit
455 3905 681 3969 sumtus-nguine·
726 3899 766 3950 din
777 3901 891 3966 publicio.⁴
902 3899 1012 3948 moribus
1030 3899 1139 3962 prudente
1151 3913 1233 3963 popu.

170 3992 295 4059 quarendi
303 3990 412 4048 melun,
425 3990 553 4050 emmaque
561 3985 682 4036 nondun
725 3981 765 4029 ins
776 3993 899 4036 manus,
910 3987 934 4024 te
946 3978 989 4040 'qni
999 3985 1068 4024 tanto
1082 3977 1172 4026 scelere
1181 3977 1236 4042 pol·

170 4074 302 4138 Argolica:
319 4071 386 4136 vulgi
400 4082 515 4133 quevox
529 4075 558 4114 nt
572 4063 683 4120 eenitnd
726 4061 807 4110 lutum
820 4060 848 4107 in
866 4067 950 4106 senatu
969 4056 1051 4106 sedere
1070 4060 1173 4122 poteria,
1190 4071 1236 4108 aar

242 4162 306 4232 III.
328 4172 373 4218 Cels.
384 4186 438 4232 pare
449 4167 557 4215 reccath.
1080 4169 1091 4212 Ι
1097 4169 1121 4214 0
