2956 4676
348 353 538 423 ORATIO
562 351 665 420 PRO
691 352 730 420 Α.
757 351 1047 424 CLUENTIO.
1162 352 1226 426 185

216 477 359 546 vatl.
383 479 509 570 Itaque
532 474 629 571 apud
656 488 815 561 ceteros,
839 475 950 545 novis‘
964 475 1059 546 inter
1081 477 1230 574 propin-

168 611 263 682 quos
294 586 468 684 susceptis
492 585 706 672 inimicitiis,
729 605 821 680 saepe
845 579 923 654 fieri
949 583 1100 656 divortia
1121 599 1230 683 atque

167 693 384 768 affinitatum
411 693 582 772 discidia²
607 694 790 766 videmus:
809 691 884 762 haec
907 693 1035 764 mulier
1061 697 1144 766 satis
1168 693 1230 764 fir·

166 829 270 876 mum
301 803 650 877 accusatoremssfllio
677 829 743 875 suo
771 801 848 873 sore
872 803 1053 874 neminem
1072 805 1229 902 putavit,
1332 881 1340 892 .

118 963 126 970 -
166 916 239 985 nisi
257 917 321 1011 qui
342 917 379 984 in
400 916 669 986 matrimonium
685 937 845 986 sororem
866 912 943 1007 ejus
961 927 1044 985 aute
1061 913 1229 988 duxisset.

166 1024 289 1094 Ceteri
307 1025 410 1095 novis
431 1022 667 1096 affinitatibus
687 1022 848 1111 adducti,
869 1037 1007 1094 veteres
1028 1025 1228 1096 inimicitias

167 1155 263 1228 saepe
277 1130 485 1228 deponunt:
505 1133 564 1204 illa
579 1131 1001 1220 sibi‚adconlim1andas
1019 1136 1231 1218 inimicitias,

166 1239 353 1312 affinitatis
370 1243 663 1338 conjunctionem
682 1246 826 1342 pignori
844 1241 922 1314 fore
938 1244 1085 1341 putavit.
1105 1248 1231 1340 Neque

166 1349 207 1418 in
224 1373 269 1420 eo
290 1350 408 1420 solum
436 1350 588 1450 diligens
611 1351 698 1440 fuit,
726 1368 769 1424 ut
796 1365 1038 1424 accusatorem
1063 1351 1138 1424 filio
1163 1372 1230 1430 suo

167 1474 412 1557 compararet3
435 1459 497 1540 sed
519 1463 626 1534 etiam
645 1464 833 1560 cogitavit,
857 1459 1095 1559 quibuscum
1118 1461 1228 1534 rebus

166 1583 357 1641 armaret².
381 1574 472 1642 Hinc
490 1573 587 1644 enim
610 1572 678 1644 illae
698 1573 967 1645 sollicitationes
989 1577 1180 1644 servotum
1194 1587 1231 1642 et

167 1678 275 1749 minis
296 1693 332 1750 et
356 1683 556 1776 promissis;
576 1680 660 1752 hinc
676 1682 745 1753 illae
762 1681 935 1754 infinitae³
961 1682 1229 1754 crudelissimae-

167 1811 240 1884 que
272 1789 318 1860 de
347 1805 463 1861 morte
496 1793 684 1888 Oppianici
711 1795 944 1888 quaestiones:
963 1792 1097 1889 quibus
1118 1790 1229 1864 linem

166 1897 364 1994 aliquando
388 1923 462 1970 non
481 1899 668 1972 muliebris
680 1900 812 1972 modus
820 1904 847 1989 ⁴,
868 1900 931 1972 sed
948 1903 1142 1973 amicorum
1165 1924 1228 1970 au·

166 2009 314 2079 ctoritas
339 2006 433 2080 fecit.
461 2007 518 2080 Ab
544 2009 671 2080 eodem
703 2011 836 2082 scelere
869 2011 936 2081 illae
965 2011 1120 2082 triennio
1146 2023 1230 2105 post

165 2114 299 2188 habitae
329 2121 448 2188 larini
479 2121 719 2214 quaestiones3
753 2119 916 2214 ejusdem
945 2121 1107 2191 amentiae
1133 2115 1229 2187 falsae

166 2225 478 2325 conscriptiones⁵
495 2232 752 2325 quaestionum3
769 2255 812 2300 ex
826 2229 954 2302 eodem
976 2227 1098 2300 surore
1120 2229 1228 2296 etiam

165 2335 227 2407 illa
255 2336 497 2408 conscelerata
530 2342 686 2410 exsectio
719 2338 898 2438 linguae⁶;
926 2340 1038 2410 totius
1067 2335 1227 2432 denique

165 2444 274 2539 hujus
296 2445 342 2516 ab
364 2445 423 2516 illa
446 2461 551 2518 estet
574 2451 737 2536 inventa,
757 2465 793 2521 et
810 2448 985 2520 adornata
1006 2448 1226 2544 comparatio

165 2555 336 2629 criminis.
359 2559 477 2652 Atque
501 2557 557 2628 his
580 2557 689 2629 rebus
710 2583 825 2655 quum
847 2561 1063 2630 instructum
1082 2579 1227 2626 accusa-

164 2679 283 2736 tor'em
312 2663 386 2736 filio
423 2685 491 2736 suo
521 2671 672 2762 Romam
708 2669 785 2766 ipsa
816 2672 986 2752 misisset,
1020 2665 1228 2764 paullisper,

165 2775 498 2874 conquirendorum
520 2791 557 2848 ct
576 2777 916 2848 conducendorum⁷
941 2777 1084 2848 testium
1102 2798 1226 2858 causa,

163 2886 287 2954 Larini
308 2899 363 2956 est
383 2901 628 2957 commorata:
649 2900 774 2985 postea
798 2902 938 2973 autern,
962 2909 1077 2981 quum
1100 2907 1228 2980 appro-

164 2995 342 3092 pinquare
359 2994 469 3091 hujus
479 2995 656 3091 judicium
671 2998 704 3068 ei
723 2997 929 3068 nuntiatum
946 3010 1018 3082 est,
1039 2990 1227 3067 confestim

163 3209 241 3259 terr.
257 3211 309 3268 Η,
328 3210 385 3276 υ)
402 3212 442 3258 Sic
461 3211 532 3259 etiam
554 3210 673 3259 editiones
717 3237 751 3247 —
769 3209 952 3259 Grudelissimoe.
971 3212 999 3258 ln
1013 3207 1101 3273 quibus
1112 3217 1190 3256 tortor
1202 3215 1226 3255 et

166 3297 247 3349 1471,
266 3290 341 3344 1480.
716 3299 835 3338 tormenta
849 3289 940 3338 delesse
951 3298 1016 3337 sunt.

197 3369 301 3415 vatt.
315 3385 336 3415 1.
345 3367 463 3416 Dimidia.
472 3368 670 3416 Dissolutionem.
752 3377 776 3425 4.
788 3371 844 3416 Nou
858 3369 979 3417 mrtliabris
991 3365 1086 3415 modus.
1107 3367 1165 3414 Nou
1178 3380 1224 3425 aa,

162 3446 203 3492 Sic
211 3445 418 3495 lauhmestss
430 3447 671 3495 correxitlectionem
715 3463 770 3512 quas
791 3448 918 3496 mulierum
940 3446 1133 3512 peculiarium,
1155 3445 1225 3491 nahe·

162 3523 672 3588 dissidia,quctemlcrectlitioucsob·
714 3525 819 3576 rtoordia
840 3541 869 3573 ac
896 3525 1039 3575 moderatio.
1063 3522 1112 3571 Alii
1135 3523 1224 3570 habent

162 3602 263 3650 κάπεί.
283 3603 347 3651 Olim
361 3604 433 3652 elitnt'
444 3604 569 3667 tegetum
587 3605 672 3652 ·vidi-
715 3605 872 3652 «multaris».

163 3697 242 3728 musu.
753 3686 775 3732 ⁵.
792 3683 990 3747 Comcrrptr'oncs.
1004 3681 1078 3728 Falsa
1091 3678 1139 3725 itta
1150 3679 1227 3725 inter-

198 3775 224 3807 a.
239 3763 364 3811 Amarea.
375 3764 548 3810 seruatorem
565 3761 671 3809 muniret
718 3764 854 3827 rogationis
868 3761 964 3810 tabula.

162 3850 189 3887 et
203 3840 341 3887 instrueret.
752 3845 779 3890 6.
793 3839 908 3888 Exsectr'o
920 3840 1015 3904 linguat.
1028 3833 1156 3884 Stratonis.

165 3935 168 3942 ·
199 3920 222 3966 3.
236 3919 353 3986 Infinita.
368 3917 464 3981 Quibus
486 3921 526 3966 vix
537 3920 671 3966 amicorum
753 3937 777 3980 7.
788 3916 1009 3966 Candaei-adoram.
1015 3915 1063 3975 Qui
1071 3913 1150 3976 pretio
1157 3923 1228 3960 testes

161 4007 184 4044 ct
193 3997 318 4061 hospitum
328 3997 445 4048 seruantia
456 3996 529 4045 linem
542 3999 674 4059 lecitque·
716 4008 785 4051 ecam
798 3994 971 4059 corrumpendi
988 4003 1012 4041 ct
1026 3993 1141 4040 adversus
1153 3989 1228 4040 lilium

161 4091 208 4142 quc
221 4075 294 4140 longo
306 4076 369 4125 ultra
380 4077 480 4125 mollum
490 4077 672 4140 fucmprolttsc.
717 4075 859 4124 adornandi.
