2976 4670
329 386 431 464 ,PRO
455 385 830 460 JURECONSULTIS
855 389 1076 467 ROMANIS.
1171 396 1239 472 litt

169 507 219 572 tiae
237 507 462 596 aequitatisque
479 505 701 574 sacerdotibus
719 509 865 598 iniquior
879 510 979 576 fuerit
996 513 1099 578 homo
1112 517 1246 584 urbani·

167 614 241 678 tatis
258 636 389 696 ainans,
404 611 584 704 perpendat
603 635 704 702 pauca
718 615 787 680 hrec
806 639 846 682 ex
864 617 974 684 multis
993 622 1154 710 exempla:
1168 654 1181 680 ι
1192 627 1246 690 Ju-

168 719 410 810 risconsulti(1)
436 721 501 786 sive
521 721 640 786 erroris
659 721 840 803 objiciundi
863 746 991 809 caussa,
1011 749 1079 814 quo
1102 729 1195 816 plum
1212 749 1246 797 et

168 824 348 890 difficiliora
377 827 459 890 scire
486 825 676 909 rideantur,
706 828 788 909 sive,
818 827 909 916 quod
931 831 1067 896 similius
1089 835 1157 898 veri
1179 854 1245 914 est,

167 933 373 1024 ignoratione
390 931 565 997 docendi...
580 955 665 1021 srepe
679 931 769 1021 quod
787 935 932 1023 positum
942 953 992 1000 est
1003 938 1036 1000 in
1052 959 1118 1003 una
1132 943 1244 1030 cogni-

167 1043 257 1107 tione
275 1040 310 1105 id
331 1040 366 1104 in
382 1039 509 1104 infinita
523 1039 796 1130 dispartiuntur»;
813 1040 934 1129 quibus
950 1044 1057 1108 verbis
1074 1045 1149 1111 addi
1165 1070 1245 1136 pos-

167 1165 260 1231 sunt,
286 1171 360 1236 quae
382 1147 416 1210 in
434 1145 590 1211 Scaetolas
609 1145 730 1211 ibidem
750 1163 828 1210 sunt
846 1145 953 1231 dicta,
981 1172 1119 1240 quaeque
1142 1156 1247 1242 capite

167 1254 265 1336 hujus
281 1245 467 1341 spdciminis
481 1253 599 1340 quinto
616 1253 759 1316 exactius
777 1253 996 1319 tractabimus.
1014 1257 1083 1322 Hos
1096 1260 1194 1324 etiam
1210 1262 1244 1326 in

167 1356 362 1432 secuudode
373 1359 510 1423 Oratore
519 1357 604 1422 libro
617 1357 824 1447 perstringit,
840 1381 942 1446 quum
953 1360 1015 1426 sub
1023 1363 1159 1428 Antonii
1173 1387 1245 1452 per·

167 1481 247 1524 sona
268 1460 313 1524 sit
326 1457 390 1548 (2):
408 1459 529 1524 «istam
549 1459 742 1524 oscitantem
759 1476 792 1523 et
807 1459 1039 1526 dormitantem
1053 1465 1244 1552 sapientiam

166 1564 382 1630 Scaevolarum
397 1581 430 1629 et
441 1580 627 1630 ceterorum
643 1563 815 1630 beatorum
828 1566 897 1632 otio
908 1567 1127 1635 concedamus
1138 1595 1169 1638 »t
1187 1595 1246 1638 ue·

167 1693 232 1759 que
249 1673 364 1737 aculeo
380 1687 506 1754 carent,
531 1693 605 1759 quae
627 1669 715 1735 idem
731 1672 914 1757 Antonius,
938 1671 1093 1741 audiente
1114 1677 1186 1765 ipso
1207 1679 1251 1762 Q,

167 1775 279 1842 Mucio
293 1775 465 1866 pontifice,
480 1775 514 1839 in
531 1777 567 1842 L.
575 1777 680 1840 Crassi
687 1776 875 1842 Tusculano
885 1777 1085 1868 disputabat,
1101 1785 1249 1872 quamvis

167 1882 266 1964 hujus
293 1882 399 1947 Crassi
421 1903 529 1946 sermo
557 1881 694 1945 Antonii
715 1879 810 1946 dictis
826 1881 993 1971 quoddam
1011 1888 1102 1974 quasi
1119 1895 1251 1954 ἀντίδοτον

79 1999 88 2016 ·
167 1987 316 2053 additum
342 2010 412 2052 esse
433 1986 593 2052 videatur.
621 1986 744 2052 Callide
767 1987 890 2052 scilicet
914 1988 948 2052 id
966 1991 1033 2079 egit
1056 1981 1188 2078 Cicero,
1212 2013 1251 2061 ut

164 2095 246 2175 jutis
263 2089 397 2184 quidem
417 2093 567 2158 notitiam
586 2093 707 2158 oratori
724 2095 936 2160 necessariam
956 2117 1025 2160 esse
1041 2099 1248 2185 ostenderet,

167 2201 213 2265 sic
231 2217 358 2283 tamen,
379 2215 418 2262 ut
430 2198 541 2288 legum
558 2197 672 2287 petitia
692 2221 752 2287 per
767 2219 801 2262 se
818 2215 957 2288 spectata
975 2201 1108 2267 humilis
1125 2207 1248 2272 tenuis-

168 2331 233 2398 que
249 2307 397 2389 scieutia',
409 2323 507 2396 atque
520 2305 681 2374 facultatis
698 2307 847 2372 oratoriae
863 2308 1065 2399 pedissequa,
1080 2311 1249 2382 dumtaxat

167 2414 316 2480 habenda
334 2416 447 2478 foret:
469 2413 608 2502 «1u(3)
629 2430 663 2478 et
685 2413 745 2479 tibi
762 2414 1015 2494 jurisconsultus
1039 2419 1108 2507 ipse
1134 2444 1194 2510 per
1211 2446 1247 2488 se

166 2522 267 2604 nihil,
287 2521 349 2585 nisi
371 2519 530 2610 leguleius
548 2519 681 2608 quidam
696 2537 812 2585 cautus
828 2537 863 2586 et
877 2540 1012 2606 acutus,
1025 2547 1132 2614 proeco
1148 2529 1249 2594 actio·

167 2651 268 2710 num,
291 2643 406 2692 cantor
423 2625 637 2691 formularum
651 2674 660 2709 ,
674 2649 793 2716 auceps
811 2627 1008 2716 syllabarum
1017 2661 1040 2694 ν.

211 2735 257 2798 Ut
277 2750 388 2798 autem
405 2733 475 2798 baec
491 2755 553 2822 pro
574 2733 713 2796 Murena
733 2733 838 2795 oratio
857 2755 973 2798 omnes
1003 2735 1245 2804 criminationes

167 2841 407 2930 complectitur,
424 2862 504 2928 quas
529 2860 687 2926 umquam
705 2838 791 2901 JCtis
812 2839 1018 2926 exprobravit
1041 2841 1185 2926 Tullius,
1204 2844 1249 2909 ita

167 2947 264 3010 etiam
281 2945 341 3010 iste
360 2944 400 3009 de
415 2942 679 3032 jurisprudentiae
702 2941 859 3032 dignitate
887 2942 1080 3010 detrahendi
1107 2965 1246 3015 conatus

166 3052 349 3140 praecipuus
363 3049 437 3136 ,ejus
462 3050 547 3132 loci,
574 3071 673 3138 quem
693 3065 888 3132 tractamus,
915 3051 977 3116 fuit
993 3049 1088 3117 linis:
1104 3083 1117 3110 ι
1130 3055 1247 3144 ltaque

167 3157 306 3248 dignitas
325 3159 359 3222 in
374 3158 434 3222 ista
450 3157 585 3221 scientia
602 3156 780 3220 consularis
795 3177 977 3244 numquam
995 3157 1075 3242 fuit,
1092 3184 1164 3249 quse
1178 3178 1248 3228 tota

167 3289 207 3331 ex
225 3266 324 3330 rebus
347 3263 427 3329 lictis
446 3263 747 3352 commentitiisque
772 3279 959 3328 constaret-
978 3288 987 3346 ;
1004 3281 1037 3330 et
1055 3290 1151 3333 mox:
1172 3269 1248 3334 ndi·

168 3370 264 3439 cendi
279 3369 487 3436 consuetudo
503 3371 602 3458 longe
619 3385 652 3433 et
671 3369 813 3434 multum
828 3369 880 3433 isti
896 3385 1009 3436 vestrae
1024 3373 1248 3441 exercitationi

168 3477 209 3543 ad
226 3479 389 3543 honorem
406 3475 601 3541 antecellit».
631 3475 669 3538 ln
696 3474 805 3562 primo
821 3474 863 3540 de
878 3475 1018 3566 Legibus
1031 3476 1080 3566 (4)
1096 3478 1180 3544 libro
1198 3479 1249 3545 di-

168 3585 264 3667 citur,
278 3582 383 3671 aquid
399 3599 465 3646 tam
480 3582 646 3670 exiguum,
655 3601 755 3668 quam
766 3597 816 3645 est
832 3604 954 3646 munus
972 3583 1037 3648 hoc
1055 3605 1170 3648 eorum
1188 3588 1247 3674 qui

168 3699 426 3777 consuluntur-»3
441 3693 554 3760 eadem
571 3693 683 3782 iubae
702 3709 806 3781 satyra
823 3711 1035 3784 repetuntur:
1049 3727 1062 3752 ι
1074 3699 1181 3764 tenuis
1197 3715 1248 3764 est

203 3889 244 3956 (r)
261 3893 300 3939 De
311 3891 390 3954 legg.
401 3889 448 3939 lib.
458 3891 499 3948 11,
517 3903 573 3954 cap.
586 3901 627 3954 tp.

204 3979 246 4046 (a)
259 3979 299 4029 Da
308 3981 381 4028 Orat.
392 3977 437 4027 lib.
448 3977 490 4039 Π,
505 3993 560 4042 cap.
572 3975 614 4029 ³3.

204 4067 244 4136 (3)
263 4067 328 4116 thid.
339 4065 383 4116 lib.
395 4067 422 4129 t,
436 4081 494 4131 cap.
508 4065 549 4114 st.

202 4153 241 4222 (t)
259 4155 315 4206 tu.
330 4159 356 4213 1,
371 4170 428 4220 up.
440 4161 466 4212 t·
