<?xml version="1.0" encoding="UTF-8"?>
<!DOCTYPE html PUBLIC "-//W3C//DTD XHTML 1.0 Transitional//EN"
    "http://www.w3.org/TR/xhtml1/DTD/xhtml1-transitional.dtd">
<html xmlns="http://www.w3.org/1999/xhtml" xml:lang="en" lang="en">
 <head>
  <title>
</title>
<meta http-equiv="Content-Type" content="text/html;charset=utf-8" />
  <meta name='ocr-system' content='tesseract 3.04.00' />
  <meta name='ocr-capabilities' content='ocr_page ocr_carea ocr_par ocr_line ocrx_word'/>
</head>
<body>
  <div class='ocr_page' id='page_1' title='image "./mtciceronisquae00lemagoog_0245.png"; bbox 0 0 2986 4670; ppageno 0'>
   <div class='ocr_carea' id='block_1_1' title="bbox 259 331 1031 438">
    <p class='ocr_par' dir='ltr' id='par_1_1' title="bbox 259 331 1031 438">
     <span class='ocr_line' id='line_1_1' title="bbox 259 331 1031 438; baseline -0.004 -2"><span class='ocrx_word' id='word_1_1' title='bbox 259 363 331 438; x_wconf 74' lang='lat'>236</span> <span class='ocrx_word' id='word_1_2' title='bbox 571 367 634 434; x_wconf 79' lang='lat' dir='ltr'>tu.</span> <span class='ocrx_word' id='word_1_3' title='bbox 655 365 695 434; x_wconf 82' lang='lat' dir='ltr'>r.</span> <span class='ocrx_word' id='word_1_4' title='bbox 717 365 996 436; x_wconf 78' lang='lat' dir='ltr'>o1cunou1s</span> <span class='ocrx_word' id='word_1_5' title='bbox 1029 331 1031 334; x_wconf 69' lang='grc'><strong>’</strong></span> 
     </span>
    </p>
   </div>
   <div class='ocr_carea' id='block_1_2' title="bbox 166 488 1329 2352">
    <p class='ocr_par' dir='ltr' id='par_1_2' title="bbox 166 488 1329 1554">
     <span class='ocr_line' id='line_1_2' title="bbox 254 488 1329 586; baseline -0.006 -25"><span class='ocrx_word' id='word_1_6' title='bbox 254 491 478 586; x_wconf 79' lang='lat' dir='ltr'>provinciam</span> <span class='ocrx_word' id='word_1_7' title='bbox 490 501 517 578; x_wconf 80' lang='lat'>⁷,</span> <span class='ocrx_word' id='word_1_8' title='bbox 546 513 667 586; x_wconf 88' lang='lat' dir='ltr'>neque</span> <span class='ocrx_word' id='word_1_9' title='bbox 692 488 890 579; x_wconf 87' lang='lat' dir='ltr'>honorem,</span> <span class='ocrx_word' id='word_1_10' title='bbox 903 497 1036 585; x_wconf 89' lang='lat' dir='ltr'>&#39;neque</span> <span class='ocrx_word' id='word_1_11' title='bbox 1068 499 1329 557; x_wconf 86' lang='lat' dir='ltr'>ornamentum</span> 
     </span>
     <span class='ocr_line' id='line_1_3' title="bbox 256 595 1329 699; baseline -0.004 -27"><span class='ocrx_word' id='word_1_12' title='bbox 256 599 423 699; x_wconf 83' lang='lat' dir='ltr'>aliquod,</span> <span class='ocrx_word' id='word_1_13' title='bbox 443 614 506 671; x_wconf 89' lang='lat' dir='ltr'>aut</span> <span class='ocrx_word' id='word_1_14' title='bbox 526 595 801 689; x_wconf 66' lang='lat' dir='ltr'>commodant,</span> <span class='ocrx_word' id='word_1_15' title='bbox 823 624 943 697; x_wconf 88' lang='lat' dir='ltr'>neque</span> <span class='ocrx_word' id='word_1_16' title='bbox 961 623 1039 670; x_wconf 92' lang='lat' dir='ltr'>rem</span> <span class='ocrx_word' id='word_1_17' title='bbox 1055 595 1184 684; x_wconf 87' lang='lat' dir='ltr'>ullam,</span> <span class='ocrx_word' id='word_1_18' title='bbox 1205 619 1288 693; x_wconf 80' lang='lat' dir='ltr'>quae</span> <span class='ocrx_word' id='word_1_19' title='bbox 1308 621 1329 668; x_wconf 82' lang='lat' dir='ltr'>a</span> 
     </span>
     <span class='ocr_line' id='line_1_4' title="bbox 255 699 1328 808; baseline -0.006 -26"><span class='ocrx_word' id='word_1_20' title='bbox 255 709 405 782; x_wconf 89' lang='lat' dir='ltr'>tribuno</span> <span class='ocrx_word' id='word_1_21' title='bbox 422 708 537 808; x_wconf 87' lang='lat' dir='ltr'>plebis</span> <span class='ocrx_word' id='word_1_22' title='bbox 557 707 724 808; x_wconf 89' lang='lat' dir='ltr'>impediri</span> <span class='ocrx_word' id='word_1_23' title='bbox 741 713 872 807; x_wconf 88' lang='lat' dir='ltr'><strong>possit,</strong></span> <span class='ocrx_word' id='word_1_24' title='bbox 892 699 1119 807; x_wconf 74' lang='lat' dir='ltr'>appetiturus</span> <span class='ocrx_word' id='word_1_25' title='bbox 1136 709 1215 776; x_wconf 90' lang='lat' dir='ltr'>sim.</span> <span class='ocrx_word' id='word_1_26' title='bbox 1231 708 1328 777; x_wconf 86' lang='lat' dir='ltr'><strong>Dicit</strong></span> 
     </span>
     <span class='ocr_line' id='line_1_5' title="bbox 255 811 1327 917; baseline -0.004 -26"><span class='ocrx_word' id='word_1_27' title='bbox 255 817 550 917; x_wconf 83' lang='lat' dir='ltr'>frequentissimo</span> <span class='ocrx_word' id='word_1_28' title='bbox 564 833 694 890; x_wconf 85' lang='lat' dir='ltr'>senatu</span> <span class='ocrx_word' id='word_1_29' title='bbox 709 819 856 907; x_wconf 84' lang='lat' dir='ltr'>consul,</span> <span class='ocrx_word' id='word_1_30' title='bbox 868 811 1031 891; x_wconf 86' lang='lat' dir='ltr'><strong>kalendis</strong></span> <span class='ocrx_word' id='word_1_31' title='bbox 1042 818 1217 913; x_wconf 83' lang='lat' dir='ltr'>januarii,</span> <span class='ocrx_word' id='word_1_32' title='bbox 1232 840 1327 900; x_wconf 78' lang='lat' dir='ltr'>sese,</span> 
     </span>
     <span class='ocr_line' id='line_1_6' title="bbox 254 925 1328 1028; baseline -0.006 -26"><span class='ocrx_word' id='word_1_33' title='bbox 254 933 285 1002; x_wconf 88' lang='lat' dir='ltr'>si</span> <span class='ocrx_word' id='word_1_34' title='bbox 303 945 417 1002; x_wconf 84' lang='lat' dir='ltr'>status</span> <span class='ocrx_word' id='word_1_35' title='bbox 435 930 495 1001; x_wconf 92' lang='lat' dir='ltr'>hic</span> <span class='ocrx_word' id='word_1_36' title='bbox 519 928 729 1028; x_wconf 83' lang='lat' dir='ltr'>reipublicae</span> <span class='ocrx_word' id='word_1_37' title='bbox 751 945 917 1018; x_wconf 83' lang='lat' dir='ltr'>maneat,</span> <span class='ocrx_word' id='word_1_38' title='bbox 936 953 1069 1026; x_wconf 82' lang='lat' dir='ltr'>¹neque</span> <span class='ocrx_word' id='word_1_39' title='bbox 1090 925 1189 998; x_wconf 89' lang='lat' dir='ltr'>aliud</span> <span class='ocrx_word' id='word_1_40' title='bbox 1213 950 1328 1024; x_wconf 85' lang='lat' dir='ltr'>nego·</span> 
     </span>
     <span class='ocr_line' id='line_1_7' title="bbox 253 1037 1328 1137; baseline -0.006 -25"><span class='ocrx_word' id='word_1_41' title='bbox 253 1040 348 1112; x_wconf 88' lang='lat' dir='ltr'>tium</span> <span class='ocrx_word' id='word_1_42' title='bbox 367 1041 542 1120; x_wconf 82' lang='lat' dir='ltr'>exstiterit</span> <span class='ocrx_word' id='word_1_43' title='bbox 553 1051 582 1129; x_wconf 80' lang='lat'>⁹,</span> <span class='ocrx_word' id='word_1_44' title='bbox 600 1039 701 1137; x_wconf 91' lang='lat' dir='ltr'>quod</span> <span class='ocrx_word' id='word_1_45' title='bbox 714 1037 1137 1135; x_wconf 84' lang='lat' dir='ltr'>honeste&#39;subterfugere</span> <span class='ocrx_word' id='word_1_46' title='bbox 1150 1063 1228 1108; x_wconf 89' lang='lat' dir='ltr'>non</span> <span class='ocrx_word' id='word_1_47' title='bbox 1246 1061 1328 1133; x_wconf 88' lang='lat' dir='ltr'>pos-</span> 
     </span>
     <span class='ocr_line' id='line_1_8' title="bbox 255 1147 1327 1248; baseline -0.005 -25"><span class='ocrx_word' id='word_1_48' title='bbox 255 1153 322 1239; x_wconf 85' lang='lat' dir='ltr'><strong>sit,</strong></span> <span class='ocrx_word' id='word_1_49' title='bbox 341 1152 379 1222; x_wconf 87' lang='lat' dir='ltr'>in</span> <span class='ocrx_word' id='word_1_50' title='bbox 401 1151 623 1248; x_wconf 83' lang='lat' dir='ltr'>provinciam</span> <span class='ocrx_word' id='word_1_51' title='bbox 640 1174 718 1222; x_wconf 90' lang='lat' dir='ltr'>non</span> <span class='ocrx_word' id='word_1_52' title='bbox 739 1151 887 1222; x_wconf 86' lang='lat' dir='ltr'>iturum.</span> <span class='ocrx_word' id='word_1_53' title='bbox 911 1153 968 1222; x_wconf 90' lang='lat' dir='ltr'>Sic</span> <span class='ocrx_word' id='word_1_54' title='bbox 990 1175 1049 1221; x_wconf 91' lang='lat' dir='ltr'>me</span> <span class='ocrx_word' id='word_1_55' title='bbox 1068 1152 1106 1219; x_wconf 90' lang='lat' dir='ltr'>in</span> <span class='ocrx_word' id='word_1_56' title='bbox 1124 1147 1197 1219; x_wconf 90' lang='lat' dir='ltr'>hoc</span> <span class='ocrx_word' id='word_1_57' title='bbox 1212 1149 1327 1244; x_wconf 79' lang='lat' dir='ltr'>magi-</span> 
     </span>
     <span class='ocr_line' id='line_1_9' title="bbox 255 1257 1326 1358; baseline -0.004 -26"><span class='ocrx_word' id='word_1_58' title='bbox 255 1273 371 1332; x_wconf 83' lang='lat' dir='ltr'>stratu</span> <span class='ocrx_word' id='word_1_59' title='bbox 392 1283 514 1358; x_wconf 79' lang='lat' dir='ltr'>geram</span> <span class='ocrx_word' id='word_1_60' title='bbox 533 1258 673 1358; x_wconf 90' lang='lat' dir='ltr'>populo</span> <span class='ocrx_word' id='word_1_61' title='bbox 692 1285 844 1332; x_wconf 87' lang='lat' dir='ltr'>romano</span> <span class='ocrx_word' id='word_1_62' title='bbox 859 1271 909 1350; x_wconf 85' lang='lat'>¹⁰,</span> <span class='ocrx_word' id='word_1_63' title='bbox 925 1274 966 1331; x_wconf 92' lang='lat' dir='ltr'>ut</span> <span class='ocrx_word' id='word_1_64' title='bbox 978 1261 1114 1358; x_wconf 87' lang='lat' dir='ltr'>possim</span> <span class='ocrx_word' id='word_1_65' title='bbox 1135 1257 1326 1330; x_wconf 87' lang='lat' dir='ltr'>tribunum</span> 
     </span>
     <span class='ocr_line' id='line_1_10' title="bbox 166 1368 1326 1470; baseline -0.003 -28"><span class='ocrx_word' id='word_1_66' title='bbox 166 1435 170 1442; x_wconf 93' lang='lat'>.</span> <span class='ocrx_word' id='word_1_67' title='bbox 254 1369 374 1470; x_wconf 89' lang='lat' dir='ltr'>plebis</span> <span class='ocrx_word' id='word_1_68' title='bbox 389 1369 599 1469; x_wconf 84' lang='lat' dir='ltr'>reipublicae</span> <span class='ocrx_word' id='word_1_69' title='bbox 614 1372 744 1442; x_wconf 82' lang='lat' dir='ltr'>iratum</span> <span class='ocrx_word' id='word_1_70' title='bbox 763 1395 950 1460; x_wconf 81' lang='lat' dir='ltr'>coercere3</span> <span class='ocrx_word' id='word_1_71' title='bbox 969 1368 1059 1440; x_wconf 89' lang='lat' dir='ltr'>mihi</span> <span class='ocrx_word' id='word_1_72' title='bbox 1073 1371 1225 1458; x_wconf 80' lang='lat' dir='ltr'>iratum,</span> <span class='ocrx_word' id='word_1_73' title='bbox 1244 1391 1326 1439; x_wconf 88' lang='lat' dir='ltr'>con·</span> 
     </span>
     <span class='ocr_line' id='line_1_11' title="bbox 257 1495 432 1554; baseline 0.006 -3"><span class='ocrx_word' id='word_1_74' title='bbox 257 1495 432 1554; x_wconf 87' lang='lat' dir='ltr'>temnere.</span> 
     </span>
    </p>

    <p class='ocr_par' dir='ltr' id='par_1_3' title="bbox 257 1589 1329 2352">
     <span class='ocr_line' id='line_1_12' title="bbox 305 1589 1326 1693; baseline -0.005 -30"><span class='ocrx_word' id='word_1_75' title='bbox 305 1596 367 1663; x_wconf 87' lang='lat' dir='ltr'>IX.</span> <span class='ocrx_word' id='word_1_76' title='bbox 395 1589 663 1681; x_wconf 82' lang='lat' dir='ltr'>Quamobrem,</span> <span class='ocrx_word' id='word_1_77' title='bbox 694 1617 760 1693; x_wconf 89' lang='lat' dir='ltr'>per</span> <span class='ocrx_word' id='word_1_78' title='bbox 787 1592 875 1666; x_wconf 86' lang='lat' dir='ltr'>deos</span> <span class='ocrx_word' id='word_1_79' title='bbox 901 1589 1139 1664; x_wconf 80' lang='lat' dir='ltr'>immortales!</span> <span class='ocrx_word' id='word_1_80' title='bbox 1170 1589 1326 1685; x_wconf 80' lang='lat' dir='ltr'>colligite</span> 
     </span>
     <span class='ocr_line' id='line_1_13' title="bbox 257 1699 1326 1801; baseline -0.004 -29"><span class='ocrx_word' id='word_1_81' title='bbox 257 1727 323 1774; x_wconf 89' lang='lat' dir='ltr'>vos</span> <span class='ocrx_word' id='word_1_82' title='bbox 338 1713 364 1792; x_wconf 87' lang='lat'>¹,</span> <span class='ocrx_word' id='word_1_83' title='bbox 377 1700 517 1776; x_wconf 87' lang='lat' dir='ltr'>tribuni</span> <span class='ocrx_word' id='word_1_84' title='bbox 533 1702 667 1801; x_wconf 87' lang='lat' dir='ltr'>plebis;</span> <span class='ocrx_word' id='word_1_85' title='bbox 683 1704 837 1776; x_wconf 84' lang='lat' dir='ltr'>deserite</span> <span class='ocrx_word' id='word_1_86' title='bbox 856 1729 938 1792; x_wconf 89' lang='lat' dir='ltr'>eos,</span> <span class='ocrx_word' id='word_1_87' title='bbox 954 1699 1140 1800; x_wconf 84' lang='lat' dir='ltr'>aquibus,</span> <span class='ocrx_word' id='word_1_88' title='bbox 1159 1700 1229 1772; x_wconf 87' lang='lat' dir='ltr'>nisi</span> <span class='ocrx_word' id='word_1_89' title='bbox 1246 1722 1326 1797; x_wconf 86' lang='lat' dir='ltr'>pro·</span> 
     </span>
     <span class='ocr_line' id='line_1_14' title="bbox 257 1807 1327 1912; baseline -0.006 -26"><span class='ocrx_word' id='word_1_90' title='bbox 257 1813 414 1910; x_wconf 83' lang='lat' dir='ltr'>spicitis,</span> <span class='ocrx_word' id='word_1_91' title='bbox 432 1810 535 1884; x_wconf 89' lang='lat' dir='ltr'>brevi</span> <span class='ocrx_word' id='word_1_92' title='bbox 554 1827 720 1912; x_wconf 88' lang='lat' dir='ltr'>tempore</span> <span class='ocrx_word' id='word_1_93' title='bbox 735 1814 969 1904; x_wconf 81' lang='lat' dir='ltr'>deseremini3</span> <span class='ocrx_word' id='word_1_94' title='bbox 987 1815 1190 1911; x_wconf 85' lang='lat' dir='ltr'>conspirate</span> <span class='ocrx_word' id='word_1_95' title='bbox 1203 1807 1327 1880; x_wconf 89' lang='lat' dir='ltr'>nobis·</span> 
     </span>
     <span class='ocr_line' id='line_1_15' title="bbox 257 1917 1327 2017; baseline -0.005 -23"><span class='ocrx_word' id='word_1_96' title='bbox 257 1945 362 2010; x_wconf 75' lang='lat' dir='ltr'>cum,</span> <span class='ocrx_word' id='word_1_97' title='bbox 384 1923 585 1995; x_wconf 88' lang='lat' dir='ltr'>consentite</span> <span class='ocrx_word' id='word_1_98' title='bbox 611 1948 695 1996; x_wconf 90' lang='lat' dir='ltr'>cum</span> <span class='ocrx_word' id='word_1_99' title='bbox 717 1923 847 2014; x_wconf 90' lang='lat' dir='ltr'>bouis;</span> <span class='ocrx_word' id='word_1_100' title='bbox 870 1925 1102 1996; x_wconf 86' lang='lat' dir='ltr'>communem</span> <span class='ocrx_word' id='word_1_101' title='bbox 1125 1917 1327 2017; x_wconf 87' lang='lat' dir='ltr'>rempubli-</span> 
     </span>
     <span class='ocr_line' id='line_1_16' title="bbox 258 2028 1329 2133; baseline -0.002 -29"><span class='ocrx_word' id='word_1_102' title='bbox 258 2055 337 2104; x_wconf 84' lang='lat' dir='ltr'>cam</span> <span class='ocrx_word' id='word_1_103' title='bbox 360 2037 546 2104; x_wconf 84' lang='lat' dir='ltr'>communi</span> <span class='ocrx_word' id='word_1_104' title='bbox 574 2034 695 2108; x_wconf 89' lang='lat' dir='ltr'>studio</span> <span class='ocrx_word' id='word_1_105' title='bbox 716 2050 825 2133; x_wconf 87' lang='lat' dir='ltr'>atque</span> <span class='ocrx_word' id='word_1_106' title='bbox 846 2059 969 2107; x_wconf 81' lang='lat' dir='ltr'>amore</span> <span class='ocrx_word' id='word_1_107' title='bbox 989 2031 1184 2106; x_wconf 85' lang='lat' dir='ltr'>defendite.</span> <span class='ocrx_word' id='word_1_108' title='bbox 1213 2028 1329 2102; x_wconf 80' lang='lat' dir='ltr'>Multa</span> 
     </span>
     <span class='ocr_line' id='line_1_17' title="bbox 259 2141 1328 2244; baseline -0.006 -29"><span class='ocrx_word' id='word_1_109' title='bbox 259 2158 346 2216; x_wconf 87' lang='lat' dir='ltr'>suut</span> <span class='ocrx_word' id='word_1_110' title='bbox 369 2143 511 2215; x_wconf 83' lang='lat' dir='ltr'>occultu</span> <span class='ocrx_word' id='word_1_111' title='bbox 542 2144 750 2244; x_wconf 68' lang='lat' dir='ltr'>reipublicae</span> <span class='ocrx_word' id='word_1_112' title='bbox 776 2145 943 2234; x_wconf 85' lang='lat' dir='ltr'>vulnera,</span> <span class='ocrx_word' id='word_1_113' title='bbox 970 2144 1083 2216; x_wconf 85' lang='lat' dir='ltr'>multa</span> <span class='ocrx_word' id='word_1_114' title='bbox 1107 2141 1328 2214; x_wconf 82' lang='lat' dir='ltr'>nefariorum</span> 
     </span>
     <span class='ocr_line' id='line_1_18' title="bbox 259 2252 1328 2352; baseline -0.006 -26"><span class='ocrx_word' id='word_1_115' title='bbox 259 2255 393 2326; x_wconf 86' lang='lat' dir='ltr'>civium</span> <span class='ocrx_word' id='word_1_116' title='bbox 415 2255 617 2352; x_wconf 88' lang='lat' dir='ltr'>perniciosa</span> <span class='ocrx_word' id='word_1_117' title='bbox 634 2255 801 2345; x_wconf 81' lang='lat' dir='ltr'>consilia3</span> <span class='ocrx_word' id='word_1_118' title='bbox 823 2256 964 2328; x_wconf 89' lang='lat' dir='ltr'>nullum</span> <span class='ocrx_word' id='word_1_119' title='bbox 984 2271 1175 2328; x_wconf 83' lang='lat' dir='ltr'>externum</span> <span class='ocrx_word' id='word_1_120' title='bbox 1190 2252 1328 2351; x_wconf 89' lang='lat' dir='ltr'>pericu·</span> 
     </span>
    </p>
   </div>
   <div class='ocr_carea' id='block_1_3' title="bbox 257 2363 1327 2567">
    <p class='ocr_par' dir='ltr' id='par_1_4' title="bbox 257 2363 1327 2567">
     <span class='ocr_line' id='line_1_19' title="bbox 257 2363 1327 2464; baseline -0.004 -28"><span class='ocrx_word' id='word_1_121' title='bbox 257 2363 336 2436; x_wconf 90' lang='lat' dir='ltr'>lum</span> <span class='ocrx_word' id='word_1_122' title='bbox 355 2379 430 2454; x_wconf 89' lang='lat' dir='ltr'>est;</span> <span class='ocrx_word' id='word_1_123' title='bbox 455 2389 533 2436; x_wconf 90' lang='lat' dir='ltr'>non</span> <span class='ocrx_word' id='word_1_124' title='bbox 559 2390 643 2455; x_wconf 85' lang='lat' dir='ltr'>rex,</span> <span class='ocrx_word' id='word_1_125' title='bbox 670 2367 750 2438; x_wconf 84' lang='lat' dir='ltr'>uon¹</span> <span class='ocrx_word' id='word_1_126' title='bbox 773 2391 861 2464; x_wconf 82' lang='lat' dir='ltr'>gens</span> <span class='ocrx_word' id='word_1_127' title='bbox 880 2367 973 2456; x_wconf 85' lang='lat' dir='ltr'>ulla,</span> <span class='ocrx_word' id='word_1_128' title='bbox 997 2391 1072 2438; x_wconf 89' lang='lat' dir='ltr'>non</span> <span class='ocrx_word' id='word_1_129' title='bbox 1097 2366 1198 2436; x_wconf 82' lang='lat' dir='ltr'>natio</span> <span class='ocrx_word' id='word_1_130' title='bbox 1215 2363 1327 2462; x_wconf 85' lang='lat' dir='ltr'>perti-</span> 
     </span>
     <span class='ocr_line' id='line_1_20' title="bbox 258 2469 1327 2567; baseline -0.004 -21"><span class='ocrx_word' id='word_1_131' title='bbox 258 2473 451 2546; x_wconf 83' lang='lat' dir='ltr'>mescenda</span> <span class='ocrx_word' id='word_1_132' title='bbox 472 2489 545 2566; x_wconf 89' lang='lat' dir='ltr'>est;</span> <span class='ocrx_word' id='word_1_133' title='bbox 571 2476 751 2550; x_wconf 88' lang='lat' dir='ltr'>inclusum</span> <span class='ocrx_word' id='word_1_134' title='bbox 778 2476 934 2567; x_wconf 86' lang='lat' dir='ltr'>malum,</span> <span class='ocrx_word' id='word_1_135' title='bbox 961 2477 1236 2549; x_wconf 78' lang='lat' dir='ltr'>intestinumue</span> <span class='ocrx_word' id='word_1_136' title='bbox 1263 2469 1327 2542; x_wconf 93' lang='lat' dir='ltr'>do·</span> 
     </span>
    </p>
   </div>
   <div class='ocr_carea' id='block_1_4' title="bbox 185 2643 1329 4145">
    <p class='ocr_par' dir='ltr' id='par_1_5' title="bbox 257 2643 1326 3350">
     <span class='ocr_line' id='line_1_21' title="bbox 296 2643 1325 2714; baseline -0.005 -20"><span class='ocrx_word' id='word_1_137' title='bbox 296 2662 320 2707; x_wconf 80' lang='lat'>7.</span> <span class='ocrx_word' id='word_1_138' title='bbox 334 2643 495 2697; x_wconf 78' lang='lat' dir='ltr'>Provinciam.</span> <span class='ocrx_word' id='word_1_139' title='bbox 509 2646 654 2696; x_wconf 72' lang='lat' dir='ltr'>Consulares</span> <span class='ocrx_word' id='word_1_140' title='bbox 668 2647 769 2713; x_wconf 81' lang='lat' dir='ltr'>provin·</span> <span class='ocrx_word' id='word_1_141' title='bbox 813 2663 888 2714; x_wconf 85' lang='lat' dir='ltr'>qnnm</span> <span class='ocrx_word' id='word_1_142' title='bbox 898 2647 1069 2697; x_wconf 78' lang='lat' dir='ltr'>Mnoedoniem</span> <span class='ocrx_word' id='word_1_143' title='bbox 1078 2656 1140 2695; x_wconf 70' lang='lat' dir='ltr'>emet</span> <span class='ocrx_word' id='word_1_144' title='bbox 1151 2643 1263 2702; x_wconf 79' lang='lat' dir='ltr'>eortime,</span> <span class='ocrx_word' id='word_1_145' title='bbox 1274 2657 1325 2690; x_wconf 78' lang='lat' dir='ltr'>enm</span> 
     </span>
     <span class='ocr_line' id='line_1_22' title="bbox 259 2721 1325 2793; baseline -0.004 -19"><span class='ocrx_word' id='word_1_146' title='bbox 259 2725 304 2775; x_wconf 70' lang='lat' dir='ltr'>nin</span> <span class='ocrx_word' id='word_1_147' title='bbox 319 2742 334 2774; x_wconf 74' lang='lat' dir='ltr'>n</span> <span class='ocrx_word' id='word_1_148' title='bbox 347 2738 444 2786; x_wconf 83' lang='lat' dir='ltr'>eeurtn,</span> <span class='ocrx_word' id='word_1_149' title='bbox 461 2727 603 2793; x_wconf 72' lang='lat' dir='ltr'>Semproni·</span> <span class='ocrx_word' id='word_1_150' title='bbox 618 2728 673 2792; x_wconf 87' lang='lat' dir='ltr'>lege</span> <span class='ocrx_word' id='word_1_151' title='bbox 685 2727 769 2776; x_wconf 87' lang='lat' dir='ltr'>deoer-</span> <span class='ocrx_word' id='word_1_152' title='bbox 813 2727 914 2792; x_wconf 71' lang='lat' dir='ltr'>collega</span> <span class='ocrx_word' id='word_1_153' title='bbox 923 2727 1034 2776; x_wconf 76' lang='lat' dir='ltr'>Antonio</span> <span class='ocrx_word' id='word_1_154' title='bbox 1043 2728 1177 2784; x_wconf 77' lang='lat' dir='ltr'>conuertit,</span> <span class='ocrx_word' id='word_1_155' title='bbox 1188 2734 1213 2772; x_wconf 84' lang='lat' dir='ltr'>et</span> <span class='ocrx_word' id='word_1_156' title='bbox 1223 2721 1325 2771; x_wconf 71' lang='lat' dir='ltr'>Gelliam</span> 
     </span>
     <span class='ocr_line' id='line_1_23' title="bbox 258 2803 1326 2874; baseline -0.002 -20"><span class='ocrx_word' id='word_1_157' title='bbox 258 2805 393 2868; x_wconf 61' lang='lat' dir='ltr'>uehentum</span> <span class='ocrx_word' id='word_1_158' title='bbox 412 2806 455 2856; x_wconf 80' lang='lat' dir='ltr'>eed</span> <span class='ocrx_word' id='word_1_159' title='bbox 468 2807 560 2856; x_wconf 87' lang='lat' dir='ltr'>tribuni</span> <span class='ocrx_word' id='word_1_160' title='bbox 572 2808 661 2874; x_wconf 61' lang='lat' dir='ltr'>ennius</span> <span class='ocrx_word' id='word_1_161' title='bbox 673 2818 770 2856; x_wconf 80' lang='lat' dir='ltr'>uenetue</span> <span class='ocrx_word' id='word_1_162' title='bbox 813 2807 925 2856; x_wconf 78' lang='lat' dir='ltr'>Antonio</span> <span class='ocrx_word' id='word_1_163' title='bbox 937 2806 1039 2858; x_wconf 82' lang='lat' dir='ltr'>Metello</span> <span class='ocrx_word' id='word_1_164' title='bbox 1060 2805 1138 2855; x_wconf 85' lang='lat' dir='ltr'>Celen&#39;</span> <span class='ocrx_word' id='word_1_165' title='bbox 1156 2803 1258 2870; x_wconf 63' lang='lat' dir='ltr'>pretori</span> <span class='ocrx_word' id='word_1_166' title='bbox 1277 2813 1326 2852; x_wconf 77' lang='lat' dir='ltr'>tre·</span> 
     </span>
     <span class='ocr_line' id='line_1_24' title="bbox 259 2884 886 2953; baseline 0 -19"><span class='ocrx_word' id='word_1_167' title='bbox 259 2884 362 2934; x_wconf 78' lang='lat' dir='ltr'>deeretin</span> <span class='ocrx_word' id='word_1_168' title='bbox 369 2886 567 2948; x_wconf 69' lang='lat' dir='ltr'>intercedebant,</span> <span class='ocrx_word' id='word_1_169' title='bbox 579 2898 603 2936; x_wconf 88' lang='lat' dir='ltr'>et</span> <span class='ocrx_word' id='word_1_170' title='bbox 616 2886 682 2952; x_wconf 77' lang='lat' dir='ltr'>tpud</span> <span class='ocrx_word' id='word_1_171' title='bbox 690 2903 771 2953; x_wconf 81' lang='lat' dir='ltr'>popu-</span> <span class='ocrx_word' id='word_1_172' title='bbox 814 2885 886 2934; x_wconf 87' lang='lat' dir='ltr'>didit.</span> 
     </span>
     <span class='ocr_line' id='line_1_25' title="bbox 257 2963 1326 3032; baseline -0.004 -18"><span class='ocrx_word' id='word_1_173' title='bbox 257 2964 311 3014; x_wconf 84' lang='lat' dir='ltr'>lum</span> <span class='ocrx_word' id='word_1_174' title='bbox 335 2967 468 3016; x_wconf 66' lang='lat' dir='ltr'>ambitione</span> <span class='ocrx_word' id='word_1_175' title='bbox 494 2983 537 3016; x_wconf 80' lang='lat' dir='ltr'>eun</span> <span class='ocrx_word' id='word_1_176' title='bbox 563 2965 716 3026; x_wconf 77' lang='lat' dir='ltr'>efficiebant,</span> <span class='ocrx_word' id='word_1_177' title='bbox 742 2978 771 3016; x_wconf 91' lang='lat' dir='ltr'>nt</span> <span class='ocrx_word' id='word_1_178' title='bbox 852 2981 893 3016; x_wconf 86' lang='lat' dir='ltr'>ro.</span> <span class='ocrx_word' id='word_1_179' title='bbox 904 2967 999 3032; x_wconf 83' lang='lat' dir='ltr'>Populo</span> <span class='ocrx_word' id='word_1_180' title='bbox 1009 2979 1120 3014; x_wconf 80' lang='lat' dir='ltr'>romano.</span> <span class='ocrx_word' id='word_1_181' title='bbox 1131 2963 1236 3012; x_wconf 81' lang='lat' dir='ltr'>Edidere</span> <span class='ocrx_word' id='word_1_182' title='bbox 1246 2964 1326 3012; x_wconf 69' lang='grc' dir='ltr'>θην.</span> 
     </span>
     <span class='ocr_line' id='line_1_26' title="bbox 258 3041 1324 3112; baseline -0.006 -16"><span class='ocrx_word' id='word_1_183' title='bbox 258 3047 393 3110; x_wconf 68' lang='lat' dir='ltr'>provincie</span> <span class='ocrx_word' id='word_1_184' title='bbox 410 3047 505 3112; x_wconf 78' lang='lat' dir='ltr'>peieret</span> <span class='ocrx_word' id='word_1_185' title='bbox 522 3046 665 3096; x_wconf 66' lang='lat' dir='ltr'>consulibus</span> <span class='ocrx_word' id='word_1_186' title='bbox 682 3047 769 3096; x_wconf 78' lang='lat' dir='ltr'>deren·</span> <span class='ocrx_word' id='word_1_187' title='bbox 813 3045 914 3095; x_wconf 76' lang='lat' dir='ltr'>hum.</span> <span class='ocrx_word' id='word_1_188' title='bbox 938 3056 963 3094; x_wconf 92' lang='lat' dir='ltr'>et</span> <span class='ocrx_word' id='word_1_189' title='bbox 983 3043 1057 3094; x_wconf 80' lang='lat' dir='ltr'>Beck.</span> <span class='ocrx_word' id='word_1_190' title='bbox 1076 3055 1163 3108; x_wconf 81' lang='lat' dir='ltr'>potres</span> <span class='ocrx_word' id='word_1_191' title='bbox 1180 3041 1324 3107; x_wconf 61' lang='lat' dir='ltr'>conscripti,</span> 
     </span>
     <span class='ocr_line' id='line_1_27' title="bbox 258 3121 1326 3188; baseline -0.005 -14"><span class='ocrx_word' id='word_1_192' title='bbox 258 3133 308 3176; x_wconf 86' lang='lat' dir='ltr'>tur.</span> <span class='ocrx_word' id='word_1_193' title='bbox 323 3127 413 3176; x_wconf 73' lang='lat' dir='ltr'>Orator</span> <span class='ocrx_word' id='word_1_194' title='bbox 430 3126 471 3174; x_wconf 85' lang='lat' dir='ltr'>hie</span> <span class='ocrx_word' id='word_1_195' title='bbox 493 3125 613 3185; x_wconf 73' lang='lat' dir='ltr'>declarat,</span> <span class='ocrx_word' id='word_1_196' title='bbox 626 3144 652 3176; x_wconf 77' lang='lat' dir='ltr'>ee</span> <span class='ocrx_word' id='word_1_197' title='bbox 668 3127 770 3176; x_wconf 86' lang='lat' dir='ltr'>omnino</span> <span class='ocrx_word' id='word_1_198' title='bbox 813 3127 928 3175; x_wconf 73' lang='lat' dir='ltr'>Manutio</span> <span class='ocrx_word' id='word_1_199' title='bbox 955 3135 980 3175; x_wconf 91' lang='lat' dir='ltr'>et</span> <span class='ocrx_word' id='word_1_200' title='bbox 1008 3123 1127 3174; x_wconf 74' lang='lat' dir='ltr'>lumbino</span> <span class='ocrx_word' id='word_1_201' title='bbox 1154 3121 1326 3188; x_wconf 67' lang='lat' dir='ltr'>praeeuntibne.</span> 
     </span>
     <span class='ocr_line' id='line_1_28' title="bbox 258 3206 1262 3272; baseline -0.003 -17"><span class='ocrx_word' id='word_1_202' title='bbox 258 3221 331 3270; x_wconf 80' lang='lat' dir='ltr'>teqno</span> <span class='ocrx_word' id='word_1_203' title='bbox 346 3207 430 3255; x_wconf 72' lang='lat' dir='ltr'>animo</span> <span class='ocrx_word' id='word_1_204' title='bbox 443 3206 550 3256; x_wconf 71' lang='lat' dir='ltr'>laturum</span> <span class='ocrx_word' id='word_1_205' title='bbox 565 3207 686 3272; x_wconf 80' lang='lat' dir='ltr'>quidquid</span> <span class='ocrx_word' id='word_1_206' title='bbox 703 3208 769 3255; x_wconf 76' lang='lat' dir='ltr'>inte</span> <span class='ocrx_word' id='word_1_207' title='bbox 811 3207 916 3255; x_wconf 74' lang='lat' dir='ltr'>J.v.1.</span> <span class='ocrx_word' id='word_1_208' title='bbox 1261 3234 1262 3244; x_wconf 75' lang='lat'>.</span> 
     </span>
     <span class='ocr_line' id='line_1_29' title="bbox 258 3279 1276 3350; baseline -0.005 -17"><span class='ocrx_word' id='word_1_209' title='bbox 258 3284 371 3334; x_wconf 76' lang='lat' dir='ltr'>tribunus</span> <span class='ocrx_word' id='word_1_210' title='bbox 383 3285 415 3333; x_wconf 85' lang='lat' dir='ltr'>de</span> <span class='ocrx_word' id='word_1_211' title='bbox 426 3285 475 3333; x_wconf 86' lang='lat' dir='ltr'>hoo</span> <span class='ocrx_word' id='word_1_212' title='bbox 485 3301 571 3350; x_wconf 87' lang='lat' dir='ltr'>genere</span> <span class='ocrx_word' id='word_1_213' title='bbox 583 3285 723 3336; x_wconf 79' lang='lat' dir='ltr'>decreverit.</span> <span class='ocrx_word' id='word_1_214' title='bbox 847 3286 895 3334; x_wconf 79' lang='lat' dir='ltr'>nt.</span> <span class='ocrx_word' id='word_1_215' title='bbox 913 3300 935 3332; x_wconf 85' lang='lat' dir='ltr'>r.</span> <span class='ocrx_word' id='word_1_216' title='bbox 948 3281 1059 3348; x_wconf 68' lang='lat' dir='ltr'>Colligitur</span> <span class='ocrx_word' id='word_1_217' title='bbox 1068 3297 1124 3330; x_wconf 78' lang='lat' dir='ltr'>vos.</span> <span class='ocrx_word' id='word_1_218' title='bbox 1135 3281 1217 3344; x_wconf 81' lang='lat' dir='ltr'>Quum</span> <span class='ocrx_word' id='word_1_219' title='bbox 1225 3279 1276 3328; x_wconf 84' lang='lat' dir='ltr'>trib</span> 
     </span>
    </p>

    <p class='ocr_par' dir='ltr' id='par_1_6' title="bbox 185 3360 1329 3828">
     <span class='ocr_line' id='line_1_30' title="bbox 296 3360 1327 3431; baseline -0.004 -19"><span class='ocrx_word' id='word_1_220' title='bbox 296 3364 320 3414; x_wconf 79' lang='grc'>8.</span> <span class='ocrx_word' id='word_1_221' title='bbox 336 3363 503 3412; x_wconf 81' lang='lat' dir='ltr'>Commodum.</span> <span class='ocrx_word' id='word_1_222' title='bbox 517 3365 607 3414; x_wconf 76' lang='lat' dir='ltr'>Vietiei</span> <span class='ocrx_word' id='word_1_223' title='bbox 620 3365 768 3430; x_wconf 75' lang='lat' dir='ltr'>mugnitndi·</span> <span class='ocrx_word' id='word_1_224' title='bbox 813 3363 890 3431; x_wconf 77' lang='lat' dir='ltr'>plebio</span> <span class='ocrx_word' id='word_1_225' title='bbox 897 3363 1013 3424; x_wconf 81' lang='lat' dir='ltr'>ostendit,</span> <span class='ocrx_word' id='word_1_226' title='bbox 1021 3372 1083 3426; x_wconf 87' lang='lat' dir='ltr'>quot</span> <span class='ocrx_word' id='word_1_227' title='bbox 1089 3371 1115 3410; x_wconf 87' lang='lat' dir='ltr'>et</span> <span class='ocrx_word' id='word_1_228' title='bbox 1121 3372 1211 3424; x_wconf 77' lang='lat' dir='ltr'>qunntn</span> <span class='ocrx_word' id='word_1_229' title='bbox 1220 3360 1327 3425; x_wconf 80' lang='lat' dir='ltr'>perienln</span> 
     </span>
     <span class='ocr_line' id='line_1_31' title="bbox 258 3439 1328 3508; baseline -0.005 -16"><span class='ocrx_word' id='word_1_230' title='bbox 258 3459 330 3504; x_wconf 82' lang='lat' dir='ltr'>nem,</span> <span class='ocrx_word' id='word_1_231' title='bbox 353 3453 378 3490; x_wconf 90' lang='lat' dir='ltr'>et</span> <span class='ocrx_word' id='word_1_232' title='bbox 400 3443 534 3508; x_wconf 69' lang='lat' dir='ltr'>provincio</span> <span class='ocrx_word' id='word_1_233' title='bbox 557 3444 726 3505; x_wconf 80' lang='lat' dir='ltr'>letltntlinem,</span> <span class='ocrx_word' id='word_1_234' title='bbox 743 3453 769 3493; x_wconf 87' lang='lat' dir='ltr'>et</span> <span class='ocrx_word' id='word_1_235' title='bbox 812 3445 840 3492; x_wconf 88' lang='lat' dir='ltr'>in</span> <span class='ocrx_word' id='word_1_236' title='bbox 863 3442 1039 3508; x_wconf 68' lang='lat' dir='ltr'>rempublicam</span> <span class='ocrx_word' id='word_1_237' title='bbox 1062 3440 1183 3500; x_wconf 76' lang='lat' dir='ltr'>concitet,</span> <span class='ocrx_word' id='word_1_238' title='bbox 1207 3453 1285 3504; x_wconf 83' lang='lat' dir='ltr'>quum</span> <span class='ocrx_word' id='word_1_239' title='bbox 1305 3439 1328 3487; x_wconf 86' lang='lat' dir='ltr'>ei</span> 
     </span>
     <span class='ocr_line' id='line_1_32' title="bbox 185 3511 1327 3595; baseline -0.006 -23"><span class='ocrx_word' id='word_1_240' title='bbox 185 3585 189 3595; x_wconf 35' lang='lat'><strong><em>¹</em></strong></span> <span class='ocrx_word' id='word_1_241' title='bbox 257 3511 768 3590; x_wconf 66' lang='lat' dir='ltr'>omniaquohnjumodicomqniponet,</span> <span class='ocrx_word' id='word_1_242' title='bbox 813 3521 944 3572; x_wconf 77' lang='lat' dir='ltr'>deelnnvit</span> <span class='ocrx_word' id='word_1_243' title='bbox 962 3538 989 3570; x_wconf 86' lang='lat' dir='ltr'>ee</span> <span class='ocrx_word' id='word_1_244' title='bbox 1008 3519 1075 3586; x_wconf 72' lang='lat' dir='ltr'>apud</span> <span class='ocrx_word' id='word_1_245' title='bbox 1092 3517 1213 3585; x_wconf 81' lang='lat' dir='ltr'>populum</span> <span class='ocrx_word' id='word_1_246' title='bbox 1226 3517 1327 3566; x_wconf 85' lang='lat' dir='ltr'>eonoio·</span> 
     </span>
     <span class='ocr_line' id='line_1_33' title="bbox 256 3596 1327 3668; baseline -0.007 -16"><span class='ocrx_word' id='word_1_247' title='bbox 256 3601 387 3668; x_wconf 82' lang='lat' dir='ltr'>intelligit,</span> <span class='ocrx_word' id='word_1_248' title='bbox 401 3617 503 3666; x_wconf 70' lang='lat' dir='ltr'>qunque</span> <span class='ocrx_word' id='word_1_249' title='bbox 519 3613 548 3652; x_wconf 91' lang='lat' dir='ltr'>nt</span> <span class='ocrx_word' id='word_1_250' title='bbox 560 3615 714 3668; x_wconf 74' lang='lat' dir='ltr'>negarentur,</span> <span class='ocrx_word' id='word_1_251' title='bbox 728 3606 768 3652; x_wconf 91' lang='lat' dir='ltr'>in·</span> <span class='ocrx_word' id='word_1_252' title='bbox 812 3611 942 3650; x_wconf 71' lang='lat' dir='ltr'>naturum:</span> <span class='ocrx_word' id='word_1_253' title='bbox 955 3617 997 3649; x_wconf 80' lang='lat' dir='ltr'>eoe</span> <span class='ocrx_word' id='word_1_254' title='bbox 1006 3599 1151 3656; x_wconf 71' lang='lat' dir='ltr'>obtestetur,</span> <span class='ocrx_word' id='word_1_255' title='bbox 1163 3608 1190 3646; x_wconf 90' lang='lat' dir='ltr'>nt</span> <span class='ocrx_word' id='word_1_256' title='bbox 1200 3596 1229 3646; x_wconf 80' lang='lat' dir='ltr'>nb</span> <span class='ocrx_word' id='word_1_257' title='bbox 1240 3597 1327 3644; x_wconf 73' lang='lat' dir='ltr'>inuno</span> 
     </span>
     <span class='ocr_line' id='line_1_34' title="bbox 255 3665 1329 3748; baseline -0.006 -18"><span class='ocrx_word' id='word_1_258' title='bbox 255 3680 564 3747; x_wconf 77' lang='lat' dir='ltr'>terponerenuetoritntenr</span> <span class='ocrx_word' id='word_1_259' title='bbox 577 3699 645 3732; x_wconf 77' lang='lat' dir='ltr'>suem</span> <span class='ocrx_word' id='word_1_260' title='bbox 655 3682 769 3732; x_wconf 63' lang='lat' dir='ltr'>tubunas</span> <span class='ocrx_word' id='word_1_261' title='bbox 812 3679 941 3748; x_wconf 71' lang='lat' dir='ltr'>proposito</span> <span class='ocrx_word' id='word_1_262' title='bbox 967 3679 1099 3740; x_wconf 77' lang='lat' dir='ltr'>deeieunt,</span> <span class='ocrx_word' id='word_1_263' title='bbox 1123 3665 1177 3726; x_wconf 79' lang='lat' dir='ltr'>oret</span> <span class='ocrx_word' id='word_1_264' title='bbox 1195 3687 1226 3724; x_wconf 88' lang='lat' dir='ltr'>nt</span> <span class='ocrx_word' id='word_1_265' title='bbox 1241 3675 1329 3724; x_wconf 73' lang='lat' dir='ltr'>oculo·</span> 
     </span>
     <span class='ocr_line' id='line_1_35' title="bbox 257 3756 1328 3828; baseline -0.008 -18"><span class='ocrx_word' id='word_1_266' title='bbox 257 3761 337 3828; x_wconf 71' lang='lat' dir='ltr'>plebis</span> <span class='ocrx_word' id='word_1_267' title='bbox 350 3771 457 3826; x_wconf 81' lang='lat' dir='ltr'>poteret.</span> <span class='ocrx_word' id='word_1_268' title='bbox 811 3759 839 3807; x_wconf 81' lang='lat' dir='ltr'>in</span> <span class='ocrx_word' id='word_1_269' title='bbox 848 3759 1007 3806; x_wconf 72' lang='lat' dir='ltr'>miserrimum</span> <span class='ocrx_word' id='word_1_270' title='bbox 1017 3756 1159 3822; x_wconf 67' lang='lat' dir='ltr'>reipublice</span> <span class='ocrx_word' id='word_1_271' title='bbox 1168 3765 1259 3804; x_wconf 71' lang='lat' dir='ltr'>netum</span> <span class='ocrx_word' id='word_1_272' title='bbox 1268 3769 1328 3802; x_wconf 87' lang='lat' dir='ltr'>eon-</span> 
     </span>
    </p>

    <p class='ocr_par' dir='ltr' id='par_1_7' title="bbox 255 3825 1329 4145">
     <span class='ocr_line' id='line_1_36' title="bbox 291 3825 1328 3906; baseline -0.008 -17"><span class='ocrx_word' id='word_1_273' title='bbox 291 3857 316 3906; x_wconf 81' lang='lat'>9.</span> <span class='ocrx_word' id='word_1_274' title='bbox 341 3839 420 3889; x_wconf 81' lang='lat' dir='ltr'>Aliud</span> <span class='ocrx_word' id='word_1_275' title='bbox 441 3839 564 3906; x_wconf 83' lang='lat' dir='ltr'>negotium</span> <span class='ocrx_word' id='word_1_276' title='bbox 583 3841 710 3890; x_wconf 73' lang='lat' dir='ltr'>exstiterit.</span> <span class='ocrx_word' id='word_1_277' title='bbox 734 3841 769 3890; x_wconf 86' lang='lat' dir='ltr'>Ut</span> <span class='ocrx_word' id='word_1_278' title='bbox 809 3837 910 3900; x_wconf 81' lang='lat' dir='ltr'>jicient,</span> <span class='ocrx_word' id='word_1_279' title='bbox 923 3848 961 3886; x_wconf 92' lang='lat' dir='ltr'>tot</span> <span class='ocrx_word' id='word_1_280' title='bbox 977 3825 1140 3886; x_wconf 71' lang='lat' dir='ltr'>reditionibus</span> <span class='ocrx_word' id='word_1_281' title='bbox 1153 3835 1328 3894; x_wconf 75' lang='lat' dir='ltr'>lnoemtae,t0t</span> 
     </span>
     <span class='ocr_line' id='line_1_37' title="bbox 257 3917 1329 3985; baseline -0.007 -15"><span class='ocrx_word' id='word_1_282' title='bbox 257 3937 349 3970; x_wconf 85' lang='lat' dir='ltr'>novum</span> <span class='ocrx_word' id='word_1_283' title='bbox 378 3919 487 3978; x_wconf 83' lang='lat' dir='ltr'>bellum,</span> <span class='ocrx_word' id='word_1_284' title='bbox 519 3919 587 3985; x_wconf 86' lang='lat' dir='ltr'>qnod</span> <span class='ocrx_word' id='word_1_285' title='bbox 618 3919 768 3970; x_wconf 78' lang='lat' dir='ltr'>ooneulerem</span> <span class='ocrx_word' id='word_1_286' title='bbox 812 3918 883 3968; x_wconf 71' lang='lat' dir='ltr'>bellis</span> <span class='ocrx_word' id='word_1_287' title='bbox 906 3918 1047 3984; x_wconf 72' lang='lat' dir='ltr'>longinquis</span> <span class='ocrx_word' id='word_1_288' title='bbox 1068 3917 1209 3976; x_wconf 66' lang='lat' dir='ltr'>exhonetn,</span> <span class='ocrx_word' id='word_1_289' title='bbox 1231 3926 1256 3964; x_wconf 88' lang='lat' dir='ltr'>et</span> <span class='ocrx_word' id='word_1_290' title='bbox 1279 3929 1329 3963; x_wconf 80' lang='lat' dir='ltr'>nne</span> 
     </span>
     <span class='ocr_line' id='line_1_38' title="bbox 256 3993 1329 4062; baseline -0.006 -12"><span class='ocrx_word' id='word_1_291' title='bbox 256 3999 390 4050; x_wconf 82' lang='lat' dir='ltr'>exereitum</span> <span class='ocrx_word' id='word_1_292' title='bbox 407 3998 533 4048; x_wconf 77' lang='lat' dir='ltr'>derideret.</span> <span class='ocrx_word' id='word_1_293' title='bbox 554 3999 629 4062; x_wconf 89' lang='lat' dir='ltr'>Quod</span> <span class='ocrx_word' id='word_1_294' title='bbox 645 4011 727 4049; x_wconf 81' lang='lat' dir='ltr'>tutem</span> <span class='ocrx_word' id='word_1_295' title='bbox 743 4016 769 4047; x_wconf 82' lang='lat' dir='ltr'>ee</span> <span class='ocrx_word' id='word_1_296' title='bbox 813 4014 869 4046; x_wconf 85' lang='lat' dir='ltr'>enm</span> <span class='ocrx_word' id='word_1_297' title='bbox 880 3997 1021 4047; x_wconf 69' lang='lat' dir='ltr'>oonsulibus</span> <span class='ocrx_word' id='word_1_298' title='bbox 1029 3996 1062 4046; x_wconf 80' lang='lat' dir='ltr'>ed</span> <span class='ocrx_word' id='word_1_299' title='bbox 1071 4011 1225 4046; x_wconf 73' lang='lat' dir='ltr'>communem</span> <span class='ocrx_word' id='word_1_300' title='bbox 1235 3993 1329 4044; x_wconf 81' lang='lat' dir='ltr'>utitin-</span> 
     </span>
     <span class='ocr_line' id='line_1_39' title="bbox 255 4075 1270 4145; baseline -0.006 -15"><span class='ocrx_word' id='word_1_301' title='bbox 255 4077 375 4130; x_wconf 71' lang='lat' dir='ltr'>nomn</span> <span class='ocrx_word' id='word_1_302' title='bbox 379 4077 510 4144; x_wconf 83' lang='lat' dir='ltr'>pollicetur</span> <span class='ocrx_word' id='word_1_303' title='bbox 518 4095 600 4128; x_wconf 76' lang='lat' dir='ltr'>revera</span> <span class='ocrx_word' id='word_1_304' title='bbox 607 4079 696 4128; x_wconf 80' lang='lat' dir='ltr'>effecit.</span> <span class='ocrx_word' id='word_1_305' title='bbox 706 4078 768 4128; x_wconf 76' lang='lat' dir='ltr'>Nam</span> <span class='ocrx_word' id='word_1_306' title='bbox 812 4087 862 4127; x_wconf 85' lang='lat' dir='ltr'>tem</span> <span class='ocrx_word' id='word_1_307' title='bbox 871 4090 896 4128; x_wconf 81' lang='lat' dir='ltr'>et</span> <span class='ocrx_word' id='word_1_308' title='bbox 905 4093 991 4145; x_wconf 79' lang='lat' dir='ltr'>preern</span> <span class='ocrx_word' id='word_1_309' title='bbox 1000 4093 1060 4144; x_wconf 72' lang='lat' dir='ltr'>open</span> <span class='ocrx_word' id='word_1_310' title='bbox 1069 4093 1124 4126; x_wconf 76' lang='lat' dir='ltr'>enne</span> <span class='ocrx_word' id='word_1_311' title='bbox 1133 4075 1270 4126; x_wconf 68' lang='lat' dir='ltr'>conluunt.</span> 
     </span>
    </p>
   </div>
   <div class='ocr_carea' id='block_1_5' title="bbox 0 0 1498 4670">
    <p class='ocr_par' dir='ltr' id='par_1_8' title="bbox 0 0 1498 4670">
     <span class='ocr_line' id='line_1_40' title="bbox 0 0 1498 4670; baseline 0 0"><span class='ocrx_word' id='word_1_312' title='bbox 0 0 1498 4670; x_wconf 95' lang='lat' dir='ltr'> </span> 
     </span>
    </p>
   </div>
  </div>
 </body>
</html>
