<?xml version="1.0" encoding="UTF-8"?>
<!DOCTYPE html PUBLIC "-//W3C//DTD XHTML 1.0 Transitional//EN"
    "http://www.w3.org/TR/xhtml1/DTD/xhtml1-transitional.dtd">
<html xmlns="http://www.w3.org/1999/xhtml" xml:lang="en" lang="en">
 <head>
  <title>
</title>
<meta http-equiv="Content-Type" content="text/html;charset=utf-8" />
  <meta name='ocr-system' content='tesseract 3.04.00' />
  <meta name='ocr-capabilities' content='ocr_page ocr_carea ocr_par ocr_line ocrx_word'/>
</head>
<body>
  <div class='ocr_page' id='page_1' title='image "./mtciceronisquae00lemagoog_0137.png"; bbox 0 0 2912 4654; ppageno 0'>
   <div class='ocr_carea' id='block_1_1' title="bbox 247 381 987 454">
    <p class='ocr_par' dir='ltr' id='par_1_1' title="bbox 247 381 987 454">
     <span class='ocr_line' id='line_1_1' title="bbox 247 381 987 454; baseline -0.008 0"><span class='ocrx_word' id='word_1_1' title='bbox 247 384 314 454; x_wconf 78' lang='lat'><strong>123</strong></span> <span class='ocrx_word' id='word_1_2' title='bbox 544 385 615 450; x_wconf 91' lang='grc' dir='ltr'><strong>·Μ.</strong></span> <span class='ocrx_word' id='word_1_3' title='bbox 640 383 679 450; x_wconf 92' lang='grc' dir='ltr'><strong>Τ.</strong></span> <span class='ocrx_word' id='word_1_4' title='bbox 706 381 987 450; x_wconf 88' lang='lat' dir='ltr'>CICERONIS</span> 
     </span>
    </p>
   </div>
   <div class='ocr_carea' id='block_1_2' title="bbox 132 499 1317 3462">
    <p class='ocr_par' dir='ltr' id='par_1_2' title="bbox 219 499 1316 1046">
     <span class='ocr_line' id='line_1_2' title="bbox 219 499 1315 600; baseline -0.002 -24"><span class='ocrx_word' id='word_1_5' title='bbox 219 581 220 584; x_wconf 51' lang='lat'><strong>,</strong></span> <span class='ocrx_word' id='word_1_6' title='bbox 242 509 315 576; x_wconf 86' lang='lat' dir='ltr'><strong>vita</strong></span> <span class='ocrx_word' id='word_1_7' title='bbox 334 507 373 576; x_wconf 92' lang='lat' dir='ltr'><strong>in</strong></span> <span class='ocrx_word' id='word_1_8' title='bbox 393 500 572 600; x_wconf 90' lang='lat' dir='ltr'><strong>ejusmodi</strong></span> <span class='ocrx_word' id='word_1_9' title='bbox 590 503 730 573; x_wconf 87' lang='lat' dir='ltr'><strong>ratione</strong></span> <span class='ocrx_word' id='word_1_10' title='bbox 749 514 888 573; x_wconf 88' lang='lat' dir='ltr'><strong>versata</strong></span> <span class='ocrx_word' id='word_1_11' title='bbox 907 499 1156 598; x_wconf 82' lang='lat' dir='ltr'><strong>aperiebatur3</strong></span> <span class='ocrx_word' id='word_1_12' title='bbox 1175 515 1315 599; x_wconf 77' lang='lat' dir='ltr'><strong>egestas</strong></span> 
     </span>
     <span class='ocr_line' id='line_1_3' title="bbox 242 609 1315 712; baseline -0.005 -25"><span class='ocrx_word' id='word_1_13' title='bbox 242 615 456 702; x_wconf 88' lang='lat' dir='ltr'><strong>domestica,</strong></span> <span class='ocrx_word' id='word_1_14' title='bbox 473 627 632 712; x_wconf 82' lang='lat' dir='ltr'><strong>quaestus</strong></span> <span class='ocrx_word' id='word_1_15' title='bbox 649 611 801 683; x_wconf 86' lang='lat' dir='ltr'><strong>sorensis</strong></span> <span class='ocrx_word' id='word_1_16' title='bbox 817 613 856 682; x_wconf 90' lang='lat' dir='ltr'><strong>in</strong></span> <span class='ocrx_word' id='word_1_17' title='bbox 872 609 1033 683; x_wconf 91' lang='lat' dir='ltr'><strong>medium</strong></span> <span class='ocrx_word' id='word_1_18' title='bbox 1045 609 1315 710; x_wconf 81' lang='lat' dir='ltr'><strong>proferebatur3</strong></span> 
     </span>
     <span class='ocr_line' id='line_1_4' title="bbox 243 720 1316 820; baseline -0.004 -23"><span class='ocrx_word' id='word_1_19' title='bbox 243 727 467 797; x_wconf 87' lang='lat' dir='ltr'><strong>nummarius</strong></span> <span class='ocrx_word' id='word_1_20' title='bbox 488 724 669 820; x_wconf 84' lang='lat' dir='ltr'><strong>interpres</strong></span> <span class='ocrx_word' id='word_1_21' title='bbox 689 723 787 820; x_wconf 85' lang='lat' dir='ltr'>pacis</span> <span class='ocrx_word' id='word_1_22' title='bbox 806 735 842 792; x_wconf 88' lang='lat' dir='ltr'><strong>et</strong></span> <span class='ocrx_word' id='word_1_23' title='bbox 866 721 1069 792; x_wconf 70' lang='lat' dir='ltr'><strong>concordiae</strong></span> <span class='ocrx_word' id='word_1_24' title='bbox 1088 747 1164 792; x_wconf 92' lang='lat' dir='ltr'><strong>non</strong></span> <span class='ocrx_word' id='word_1_25' title='bbox 1184 720 1316 818; x_wconf 88' lang='lat' dir='ltr'><strong>proha·</strong></span> 
     </span>
     <span class='ocr_line' id='line_1_5' title="bbox 241 828 1315 932; baseline -0.007 -24"><span class='ocrx_word' id='word_1_26' title='bbox 241 837 381 908; x_wconf 82' lang='lat' dir='ltr'><strong>batur7.</strong></span> <span class='ocrx_word' id='word_1_27' title='bbox 403 840 529 932; x_wconf 87' lang='lat' dir='ltr'><strong>ltaque</strong></span> <span class='ocrx_word' id='word_1_28' title='bbox 543 847 619 904; x_wconf 92' lang='lat' dir='ltr'><strong>tum</strong></span> <span class='ocrx_word' id='word_1_29' title='bbox 636 832 820 919; x_wconf 87' lang='lat' dir='ltr'><strong>Staienus,</strong></span> <span class='ocrx_word' id='word_1_30' title='bbox 838 855 953 928; x_wconf 90' lang='lat' dir='ltr'><strong>quum</strong></span> <span class='ocrx_word' id='word_1_31' title='bbox 970 828 1068 901; x_wconf 86' lang='lat' dir='ltr'><strong>idem</strong></span> <span class='ocrx_word' id='word_1_32' title='bbox 1086 828 1315 919; x_wconf 79' lang='lat' dir='ltr'><strong>defenderet,</strong></span> 
     </span>
     <span class='ocr_line' id='line_1_6' title="bbox 242 940 1316 1046; baseline -0.006 -28"><span class='ocrx_word' id='word_1_33' title='bbox 242 947 344 1046; x_wconf 92' lang='lat' dir='ltr'><strong>quod</strong></span> <span class='ocrx_word' id='word_1_34' title='bbox 364 947 510 1033; x_wconf 71' lang='lat' dir='ltr'><strong>Attius,</strong></span> <span class='ocrx_word' id='word_1_35' title='bbox 542 943 805 1015; x_wconf 87' lang='lat' dir='ltr'><strong>condemnatus</strong></span> <span class='ocrx_word' id='word_1_36' title='bbox 834 956 899 1013; x_wconf 87' lang='lat' dir='ltr'><strong>est.</strong></span> <span class='ocrx_word' id='word_1_37' title='bbox 929 942 1084 1012; x_wconf 89' lang='lat' dir='ltr'><strong>Cominii</strong></span> <span class='ocrx_word' id='word_1_38' title='bbox 1106 966 1223 1038; x_wconf 92' lang='lat' dir='ltr'><strong>quum</strong></span> <span class='ocrx_word' id='word_1_39' title='bbox 1245 940 1316 1012; x_wconf 92' lang='lat' dir='ltr'><strong>hoc</strong></span> 
     </span>
    </p>

    <p class='ocr_par' dir='ltr' id='par_1_3' title="bbox 132 1049 1313 1153">
     <span class='ocr_line' id='line_1_7' title="bbox 132 1049 1313 1153; baseline -0.005 -26"><span class='ocrx_word' id='word_1_40' title='bbox 132 1099 141 1106; x_wconf 90' lang='lat'><strong>·</strong></span> <span class='ocrx_word' id='word_1_41' title='bbox 223 1068 407 1153; x_wconf 84' lang='lat' dir='ltr'><strong>agerent,</strong></span> <span class='ocrx_word' id='word_1_42' title='bbox 426 1053 527 1151; x_wconf 94' lang='lat' dir='ltr'><strong>quod</strong></span> <span class='ocrx_word' id='word_1_43' title='bbox 538 1077 606 1123; x_wconf 91' lang='lat' dir='ltr'><strong>nos</strong></span> <span class='ocrx_word' id='word_1_44' title='bbox 619 1053 655 1122; x_wconf 93' lang='lat' dir='ltr'><strong>in</strong></span> <span class='ocrx_word' id='word_1_45' title='bbox 670 1065 746 1123; x_wconf 88' lang='lat' dir='ltr'><strong>tota</strong></span> <span class='ocrx_word' id='word_1_46' title='bbox 760 1075 868 1122; x_wconf 87' lang='lat' dir='ltr'><strong>causa</strong></span> <span class='ocrx_word' id='word_1_47' title='bbox 881 1051 1036 1147; x_wconf 85' lang='lat' dir='ltr'><strong>egimus,</strong></span> <span class='ocrx_word' id='word_1_48' title='bbox 1055 1049 1313 1148; x_wconf 83' lang='lat' dir='ltr'><strong>provaberunt.</strong></span> 
     </span>
    </p>

    <p class='ocr_par' dir='ltr' id='par_1_4' title="bbox 217 1158 1317 1481">
     <span class='ocr_line' id='line_1_8' title="bbox 217 1158 1314 1258; baseline -0.006 -19"><span class='ocrx_word' id='word_1_49' title='bbox 217 1158 514 1254; x_wconf 73' lang='lat' dir='ltr'><strong>¹Quamobreml</strong></span> <span class='ocrx_word' id='word_1_50' title='bbox 545 1163 575 1233; x_wconf 90' lang='lat' dir='ltr'><strong>si</strong></span> <span class='ocrx_word' id='word_1_51' title='bbox 602 1160 738 1233; x_wconf 86' lang='lat' dir='ltr'><strong>Staieni</strong></span> <span class='ocrx_word' id='word_1_52' title='bbox 776 1159 1033 1248; x_wconf 82' lang='lat' dir='ltr'><strong>damnatione,</strong></span> <span class='ocrx_word' id='word_1_53' title='bbox 1071 1161 1314 1258; x_wconf 87' lang='lat' dir='ltr'><strong>Oppianicum</strong></span> 
     </span>
     <span class='ocr_line' id='line_1_9' title="bbox 238 1270 1317 1372; baseline -0.002 -26"><span class='ocrx_word' id='word_1_54' title='bbox 238 1275 414 1372; x_wconf 88' lang='lat' dir='ltr'><strong>judicium</strong></span> <span class='ocrx_word' id='word_1_55' title='bbox 432 1296 666 1371; x_wconf 89' lang='lat' dir='ltr'><strong>corrumpere</strong></span> <span class='ocrx_word' id='word_1_56' title='bbox 682 1271 859 1360; x_wconf 86' lang='lat' dir='ltr'><strong>voluisse,</strong></span> <span class='ocrx_word' id='word_1_57' title='bbox 880 1272 1123 1369; x_wconf 83' lang='lat' dir='ltr'><strong>Oppianicum</strong></span> <span class='ocrx_word' id='word_1_58' title='bbox 1141 1270 1253 1368; x_wconf 90' lang='lat' dir='ltr'><strong>judici</strong></span> <span class='ocrx_word' id='word_1_59' title='bbox 1272 1271 1317 1344; x_wconf 88' lang='lat' dir='ltr'><strong>ad</strong></span> 
     </span>
     <span class='ocr_line' id='line_1_10' title="bbox 241 1380 1315 1481; baseline -0.002 -25"><span class='ocrx_word' id='word_1_60' title='bbox 241 1385 411 1457; x_wconf 87' lang='lat' dir='ltr'><strong>emendas</strong></span> <span class='ocrx_word' id='word_1_61' title='bbox 427 1387 623 1456; x_wconf 89' lang='lat' dir='ltr'><strong>sententias</strong></span> <span class='ocrx_word' id='word_1_62' title='bbox 635 1381 777 1453; x_wconf 87' lang='lat' dir='ltr'><strong>dedisse</strong></span> <span class='ocrx_word' id='word_1_63' title='bbox 795 1383 1004 1481; x_wconf 88' lang='lat' dir='ltr'><strong>pecuniam,</strong></span> <span class='ocrx_word' id='word_1_64' title='bbox 1021 1380 1223 1477; x_wconf 90' lang='lat' dir='ltr'><strong>judicatum</strong></span> <span class='ocrx_word' id='word_1_65' title='bbox 1242 1396 1315 1470; x_wconf 89' lang='lat' dir='ltr'><strong>est;</strong></span> 
     </span>
    </p>

    <p class='ocr_par' dir='ltr' id='par_1_5' title="bbox 223 1491 1317 2130">
     <span class='ocr_line' id='line_1_11' title="bbox 223 1491 1317 1592; baseline 0 -28"><span class='ocrx_word' id='word_1_66' title='bbox 223 1585 225 1588; x_wconf 15' lang='grc' dir='ltr'>Ι</span> <span class='ocrx_word' id='word_1_67' title='bbox 243 1519 356 1592; x_wconf 91' lang='lat' dir='ltr'><strong>quum</strong></span> <span class='ocrx_word' id='word_1_68' title='bbox 378 1497 428 1565; x_wconf 88' lang='lat' dir='ltr'><strong>ita</strong></span> <span class='ocrx_word' id='word_1_69' title='bbox 450 1491 688 1565; x_wconf 82' lang='lat' dir='ltr'><strong>constitutum</strong></span> <span class='ocrx_word' id='word_1_70' title='bbox 703 1494 770 1580; x_wconf 92' lang='lat' dir='ltr'><strong>sit,</strong></span> <span class='ocrx_word' id='word_1_71' title='bbox 790 1496 845 1562; x_wconf 88' lang='lat' dir='ltr'><strong>uti</strong></span> <span class='ocrx_word' id='word_1_72' title='bbox 858 1493 895 1561; x_wconf 90' lang='lat' dir='ltr'><strong>in</strong></span> <span class='ocrx_word' id='word_1_73' title='bbox 909 1491 968 1562; x_wconf 91' lang='lat' dir='ltr'><strong>illa</strong></span> <span class='ocrx_word' id='word_1_74' title='bbox 982 1491 1089 1589; x_wconf 90' lang='lat' dir='ltr'><strong>culpa</strong></span> <span class='ocrx_word' id='word_1_75' title='bbox 1104 1506 1167 1564; x_wconf 88' lang='lat' dir='ltr'><strong>aut</strong></span> <span class='ocrx_word' id='word_1_76' title='bbox 1185 1492 1317 1566; x_wconf 90' lang='lat' dir='ltr'><strong>Cluen·</strong></span> 
     </span>
     <span class='ocr_line' id='line_1_12' title="bbox 240 1601 1316 1700; baseline -0.001 -26"><span class='ocrx_word' id='word_1_77' title='bbox 240 1607 312 1674; x_wconf 91' lang='lat' dir='ltr'><strong>tius</strong></span> <span class='ocrx_word' id='word_1_78' title='bbox 328 1605 388 1690; x_wconf 86' lang='lat' dir='ltr'><strong>sit,</strong></span> <span class='ocrx_word' id='word_1_79' title='bbox 413 1618 475 1673; x_wconf 89' lang='lat' dir='ltr'><strong>aut</strong></span> <span class='ocrx_word' id='word_1_80' title='bbox 495 1605 737 1700; x_wconf 89' lang='lat' dir='ltr'><strong>Oppianicus:</strong></span> <span class='ocrx_word' id='word_1_81' title='bbox 751 1601 909 1673; x_wconf 82' lang='lat' dir='ltr'><strong>Cluentii</strong></span> <span class='ocrx_word' id='word_1_82' title='bbox 924 1627 1095 1673; x_wconf 89' lang='lat' dir='ltr'><strong>nummus</strong></span> <span class='ocrx_word' id='word_1_83' title='bbox 1113 1602 1236 1673; x_wconf 90' lang='lat' dir='ltr'><strong>nullus</strong></span> <span class='ocrx_word' id='word_1_84' title='bbox 1254 1603 1316 1698; x_wconf 85' lang='lat' dir='ltr'><strong>ju·</strong></span> 
     </span>
     <span class='ocr_line' id='line_1_13' title="bbox 243 1700 1317 1812; baseline 0.002 -29"><span class='ocrx_word' id='word_1_85' title='bbox 243 1713 313 1784; x_wconf 89' lang='lat' dir='ltr'><strong>dici</strong></span> <span class='ocrx_word' id='word_1_86' title='bbox 328 1711 432 1785; x_wconf 88' lang='lat' dir='ltr'><strong>datus</strong></span> <span class='ocrx_word' id='word_1_87' title='bbox 451 1700 526 1812; x_wconf 85' lang='lat' dir='ltr'><strong>ullo</strong></span> <span class='ocrx_word' id='word_1_88' title='bbox 547 1715 696 1811; x_wconf 82' lang='lat' dir='ltr'><strong>vestigio</strong></span> <span class='ocrx_word' id='word_1_89' title='bbox 711 1715 933 1811; x_wconf 80' lang='lat' dir='ltr'><strong>reperitur93</strong></span> <span class='ocrx_word' id='word_1_90' title='bbox 955 1713 1145 1811; x_wconf 86' lang='lat' dir='ltr'><strong>Oppianici</strong></span> <span class='ocrx_word' id='word_1_91' title='bbox 1161 1715 1317 1811; x_wconf 89' lang='lat' dir='ltr'><strong>pecunia</strong></span> 
     </span>
     <span class='ocr_line' id='line_1_14' title="bbox 243 1821 1316 1921; baseline 0.002 -27"><span class='ocrx_word' id='word_1_92' title='bbox 243 1838 326 1920; x_wconf 89' lang='lat' dir='ltr'><strong>post</strong></span> <span class='ocrx_word' id='word_1_93' title='bbox 340 1822 516 1917; x_wconf 88' lang='lat' dir='ltr'><strong>judicium</strong></span> <span class='ocrx_word' id='word_1_94' title='bbox 535 1821 670 1894; x_wconf 86' lang='lat' dir='ltr'><strong>sactum</strong></span> <span class='ocrx_word' id='word_1_95' title='bbox 688 1823 847 1918; x_wconf 88' lang='lat' dir='ltr'><strong>ajudice</strong></span> <span class='ocrx_word' id='word_1_96' title='bbox 863 1822 981 1895; x_wconf 88' lang='lat' dir='ltr'><strong>ablata</strong></span> <span class='ocrx_word' id='word_1_97' title='bbox 1000 1838 1053 1894; x_wconf 91' lang='lat' dir='ltr'><strong>est</strong></span> <span class='ocrx_word' id='word_1_98' title='bbox 1072 1849 1080 1893; x_wconf 79' lang='grc' dir='ltr'><strong><em>ε</em></strong></span> <span class='ocrx_word' id='word_1_99' title='bbox 1098 1838 1218 1921; x_wconf 92' lang='lat' dir='ltr'><strong>potest</strong></span> <span class='ocrx_word' id='word_1_100' title='bbox 1238 1847 1316 1896; x_wconf 88' lang='lat' dir='ltr'><strong>esse</strong></span> 
     </span>
     <span class='ocr_line' id='line_1_15' title="bbox 244 1931 1315 2032; baseline 0.001 -27"><span class='ocrx_word' id='word_1_101' title='bbox 244 1933 416 2021; x_wconf 89' lang='lat' dir='ltr'><strong>dubium,</strong></span> <span class='ocrx_word' id='word_1_102' title='bbox 439 1936 528 2032; x_wconf 89' lang='lat' dir='ltr'><strong>quin</strong></span> <span class='ocrx_word' id='word_1_103' title='bbox 550 1935 611 2006; x_wconf 88' lang='lat' dir='ltr'><strong>illa</strong></span> <span class='ocrx_word' id='word_1_104' title='bbox 629 1934 813 2005; x_wconf 88' lang='lat' dir='ltr'><strong>damnatio</strong></span> <span class='ocrx_word' id='word_1_105' title='bbox 833 1934 987 2020; x_wconf 81' lang='lat' dir='ltr'><strong>Staieni,</strong></span> <span class='ocrx_word' id='word_1_106' title='bbox 1006 1959 1080 2005; x_wconf 93' lang='lat' dir='ltr'><strong>non</strong></span> <span class='ocrx_word' id='word_1_107' title='bbox 1101 1931 1215 2005; x_wconf 91' lang='lat' dir='ltr'><strong>modo&#39;</strong></span> <span class='ocrx_word' id='word_1_108' title='bbox 1239 1959 1315 2006; x_wconf 89' lang='lat' dir='ltr'><strong>non</strong></span> 
     </span>
     <span class='ocr_line' id='line_1_16' title="bbox 244 2042 1315 2130; baseline -0.002 -14"><span class='ocrx_word' id='word_1_109' title='bbox 244 2046 289 2116; x_wconf 91' lang='lat' dir='ltr'><strong>sit</strong></span> <span class='ocrx_word' id='word_1_110' title='bbox 315 2060 442 2116; x_wconf 92' lang='lat' dir='ltr'><strong>contra</strong></span> <span class='ocrx_word' id='word_1_111' title='bbox 466 2044 698 2130; x_wconf 89' lang='lat' dir='ltr'><strong>Cluentium,</strong></span> <span class='ocrx_word' id='word_1_112' title='bbox 722 2042 785 2116; x_wconf 91' lang='lat' dir='ltr'><strong>sed</strong></span> <span class='ocrx_word' id='word_1_113' title='bbox 812 2045 966 2116; x_wconf 82' lang='lat' dir='ltr'><strong>maxime</strong></span> <span class='ocrx_word' id='word_1_114' title='bbox 989 2058 1150 2114; x_wconf 89' lang='lat' dir='ltr'><strong>nostram</strong></span> <span class='ocrx_word' id='word_1_115' title='bbox 1171 2067 1315 2115; x_wconf 91' lang='lat' dir='ltr'><strong>causam</strong></span> 
     </span>
    </p>

    <p class='ocr_par' dir='ltr' id='par_1_6' title="bbox 210 2139 954 2251">
     <span class='ocr_line' id='line_1_17' title="bbox 210 2139 954 2251; baseline -0.003 -25"><span class='ocrx_word' id='word_1_116' title='bbox 210 2139 566 2251; x_wconf 83' lang='lat' dir='ltr'><strong>&#39;defensionemque</strong></span> <span class='ocrx_word' id='word_1_117' title='bbox 586 2153 798 2226; x_wconf 81' lang='lat' dir='ltr'><strong>confirmet?</strong></span> <span class='ocrx_word' id='word_1_118' title='bbox 880 2145 883 2159; x_wconf 79' lang='grc'>’</span> <span class='ocrx_word' id='word_1_119' title='bbox 947 2143 954 2168; x_wconf 43' lang='lat' dir='ltr'><strong>i</strong></span> 
     </span>
    </p>

    <p class='ocr_par' dir='ltr' id='par_1_7' title="bbox 227 2262 1316 3462">
     <span class='ocr_line' id='line_1_18' title="bbox 289 2262 1315 2362; baseline -0.001 -26"><span class='ocrx_word' id='word_1_120' title='bbox 289 2271 468 2336; x_wconf 83' lang='lat' dir='ltr'><strong>XXXVII.</strong></span> <span class='ocrx_word' id='word_1_121' title='bbox 494 2271 588 2362; x_wconf 86' lang='lat' dir='ltr'><strong>Ergo</strong></span> <span class='ocrx_word' id='word_1_122' title='bbox 622 2265 742 2336; x_wconf 87' lang='lat' dir='ltr'><strong>adhuc</strong></span> <span class='ocrx_word' id='word_1_123' title='bbox 769 2265 867 2334; x_wconf 88' lang='lat' dir='ltr'><strong>Junii</strong></span> <span class='ocrx_word' id='word_1_124' title='bbox 899 2262 1078 2360; x_wconf 87' lang='lat' dir='ltr'><strong>judicium</strong></span> <span class='ocrx_word' id='word_1_125' title='bbox 1106 2263 1212 2336; x_wconf 84' lang='lat' dir='ltr'><strong>video</strong></span> <span class='ocrx_word' id='word_1_126' title='bbox 1238 2287 1315 2335; x_wconf 90' lang='lat' dir='ltr'><strong>esse</strong></span> 
     </span>
     <span class='ocr_line' id='line_1_19' title="bbox 242 2373 1316 2471; baseline -0.003 -24"><span class='ocrx_word' id='word_1_127' title='bbox 242 2375 434 2470; x_wconf 86' lang='lat' dir='ltr'><strong>ejusmodi,</strong></span> <span class='ocrx_word' id='word_1_128' title='bbox 453 2388 494 2443; x_wconf 93' lang='lat' dir='ltr'><strong>ut</strong></span> <span class='ocrx_word' id='word_1_129' title='bbox 508 2375 757 2446; x_wconf 81' lang='lat' dir='ltr'><strong>incursionem</strong></span> <span class='ocrx_word' id='word_1_130' title='bbox 773 2377 895 2471; x_wconf 90' lang='lat' dir='ltr'><strong>potius</strong></span> <span class='ocrx_word' id='word_1_131' title='bbox 913 2373 1119 2459; x_wconf 82' lang='lat' dir='ltr'><strong>seditionis;</strong></span> <span class='ocrx_word' id='word_1_132' title='bbox 1134 2376 1206 2444; x_wconf 89' lang='lat' dir='ltr'><strong>vim</strong></span> <span class='ocrx_word' id='word_1_133' title='bbox 1226 2373 1316 2444; x_wconf 93' lang='lat' dir='ltr'><strong>mul·</strong></span> 
     </span>
     <span class='ocr_line' id='line_1_20' title="bbox 242 2482 1315 2581; baseline -0.003 -26"><span class='ocrx_word' id='word_1_134' title='bbox 242 2484 424 2571; x_wconf 91' lang='lat' dir='ltr'><strong>titudinis,</strong></span> <span class='ocrx_word' id='word_1_135' title='bbox 452 2484 629 2580; x_wconf 90' lang='lat' dir='ltr'><strong>impetum</strong></span> <span class='ocrx_word' id='word_1_136' title='bbox 652 2483 905 2571; x_wconf 88' lang='lat' dir='ltr'><strong>tribunitium,</strong></span> <span class='ocrx_word' id='word_1_137' title='bbox 927 2507 1035 2581; x_wconf 87' lang='lat' dir='ltr'><strong>quam</strong></span> <span class='ocrx_word' id='word_1_138' title='bbox 1054 2482 1315 2580; x_wconf 85' lang='lat' dir='ltr'><strong>judiciumap·</strong></span> 
     </span>
     <span class='ocr_line' id='line_1_21' title="bbox 228 2591 1316 2692; baseline -0.004 -26"><span class='ocrx_word' id='word_1_139' title='bbox 228 2592 452 2692; x_wconf 85' lang='lat' dir='ltr'><strong>pellandum</strong></span> <span class='ocrx_word' id='word_1_140' title='bbox 466 2608 602 2690; x_wconf 92' lang='lat' dir='ltr'><strong>putem.</strong></span> <span class='ocrx_word' id='word_1_141' title='bbox 621 2593 731 2682; x_wconf 92' lang='lat' dir='ltr'><strong>Quod</strong></span> <span class='ocrx_word' id='word_1_142' title='bbox 751 2596 780 2665; x_wconf 91' lang='lat' dir='ltr'><strong>si</strong></span> <span class='ocrx_word' id='word_1_143' title='bbox 800 2595 881 2690; x_wconf 92' lang='lat' dir='ltr'><strong>quis</strong></span> <span class='ocrx_word' id='word_1_144' title='bbox 900 2593 990 2665; x_wconf 91' lang='lat' dir='ltr'><strong>illud</strong></span> <span class='ocrx_word' id='word_1_145' title='bbox 1001 2592 1179 2689; x_wconf 88' lang='lat' dir='ltr'><strong>judicium</strong></span> <span class='ocrx_word' id='word_1_146' title='bbox 1193 2591 1316 2691; x_wconf 89' lang='lat' dir='ltr'><strong>appel·</strong></span> 
     </span>
     <span class='ocr_line' id='line_1_22' title="bbox 240 2700 1315 2793; baseline 0 -19"><span class='ocrx_word' id='word_1_147' title='bbox 240 2705 306 2793; x_wconf 92' lang='lat' dir='ltr'><strong>let,</strong></span> <span class='ocrx_word' id='word_1_148' title='bbox 329 2720 449 2775; x_wconf 88' lang='lat' dir='ltr'><strong>tamen</strong></span> <span class='ocrx_word' id='word_1_149' title='bbox 475 2703 545 2774; x_wconf 90' lang='lat' dir='ltr'><strong>hoc</strong></span> <span class='ocrx_word' id='word_1_150' title='bbox 569 2701 787 2775; x_wconf 89' lang='lat' dir='ltr'><strong>confiteatur</strong></span> <span class='ocrx_word' id='word_1_151' title='bbox 808 2729 954 2776; x_wconf 87' lang='lat' dir='ltr'><strong>necesse</strong></span> <span class='ocrx_word' id='word_1_152' title='bbox 983 2717 1056 2792; x_wconf 88' lang='lat' dir='ltr'><strong>est,</strong></span> <span class='ocrx_word' id='word_1_153' title='bbox 1079 2703 1179 2775; x_wconf 92' lang='lat' dir='ltr'><strong>nullo</strong></span> <span class='ocrx_word' id='word_1_154' title='bbox 1201 2700 1315 2774; x_wconf 91' lang='lat' dir='ltr'><strong>modo</strong></span> 
     </span>
     <span class='ocr_line' id='line_1_23' title="bbox 242 2812 1316 2911; baseline -0.001 -27"><span class='ocrx_word' id='word_1_155' title='bbox 242 2813 339 2886; x_wconf 90' lang='lat' dir='ltr'><strong>illam</strong></span> <span class='ocrx_word' id='word_1_156' title='bbox 360 2813 533 2899; x_wconf 89' lang='lat' dir='ltr'><strong>multam,</strong></span> <span class='ocrx_word' id='word_1_157' title='bbox 552 2839 632 2911; x_wconf 87' lang='lat' dir='ltr'><strong>quae</strong></span> <span class='ocrx_word' id='word_1_158' title='bbox 656 2838 676 2884; x_wconf 89' lang='lat' dir='ltr'><strong>a</strong></span> <span class='ocrx_word' id='word_1_159' title='bbox 695 2814 804 2884; x_wconf 90' lang='lat' dir='ltr'><strong>Junio</strong></span> <span class='ocrx_word' id='word_1_160' title='bbox 821 2817 933 2910; x_wconf 84' lang='lat' dir='ltr'><strong>petita</strong></span> <span class='ocrx_word' id='word_1_161' title='bbox 953 2818 1017 2900; x_wconf 89' lang='lat' dir='ltr'><strong>sit,</strong></span> <span class='ocrx_word' id='word_1_162' title='bbox 1046 2837 1129 2884; x_wconf 92' lang='lat' dir='ltr'><strong>cum</strong></span> <span class='ocrx_word' id='word_1_163' title='bbox 1158 2812 1316 2885; x_wconf 89' lang='lat' dir='ltr'><strong>Cluentii</strong></span> 
     </span>
     <span class='ocr_line' id='line_1_24' title="bbox 227 2909 1315 3021; baseline -0.004 -25"><span class='ocrx_word' id='word_1_164' title='bbox 227 2909 348 2996; x_wconf 48' lang='lat' dir='ltr'><strong>&#39;causa</strong></span> <span class='ocrx_word' id='word_1_165' title='bbox 366 2948 471 3021; x_wconf 89' lang='lat' dir='ltr'><strong>posse</strong></span> <span class='ocrx_word' id='word_1_166' title='bbox 494 2923 678 3019; x_wconf 83' lang='lat' dir='ltr'><strong>conjungi.</strong></span> <span class='ocrx_word' id='word_1_167' title='bbox 698 2921 792 2993; x_wconf 90' lang='lat' dir='ltr'><strong>Illud</strong></span> <span class='ocrx_word' id='word_1_168' title='bbox 815 2925 926 3018; x_wconf 84' lang='lat' dir='ltr'><strong>igitur</strong></span> <span class='ocrx_word' id='word_1_169' title='bbox 943 2923 1137 2994; x_wconf 83' lang='lat' dir='ltr'><strong>lunianum</strong></span> <span class='ocrx_word' id='word_1_170' title='bbox 1156 2946 1222 3020; x_wconf 91' lang='lat' dir='ltr'><strong>per</strong></span> <span class='ocrx_word' id='word_1_171' title='bbox 1241 2925 1315 2992; x_wconf 91' lang='lat' dir='ltr'><strong>vim</strong></span> 
     </span>
     <span class='ocr_line' id='line_1_25' title="bbox 241 3029 1312 3128; baseline -0.002 -24"><span class='ocrx_word' id='word_1_172' title='bbox 241 3032 374 3104; x_wconf 85' lang='lat' dir='ltr'><strong>factum</strong></span> <span class='ocrx_word' id='word_1_173' title='bbox 391 3047 463 3120; x_wconf 87' lang='lat' dir='ltr'><strong>est;</strong></span> <span class='ocrx_word' id='word_1_174' title='bbox 481 3029 603 3118; x_wconf 93' lang='lat' dir='ltr'><strong>Bulbi,</strong></span> <span class='ocrx_word' id='word_1_175' title='bbox 619 3047 654 3102; x_wconf 89' lang='lat' dir='ltr'><strong>et</strong></span> <span class='ocrx_word' id='word_1_176' title='bbox 666 3031 826 3128; x_wconf 91' lang='lat' dir='ltr'><strong>Popillii,</strong></span> <span class='ocrx_word' id='word_1_177' title='bbox 839 3047 874 3103; x_wconf 87' lang='lat' dir='ltr'><strong>et</strong></span> <span class='ocrx_word' id='word_1_178' title='bbox 885 3037 1025 3118; x_wconf 88' lang='lat' dir='ltr'><strong>Guttae‚</strong></span> <span class='ocrx_word' id='word_1_179' title='bbox 1045 3047 1168 3103; x_wconf 87' lang='lat' dir='ltr'><strong>contra</strong></span> <span class='ocrx_word' id='word_1_180' title='bbox 1180 3032 1312 3102; x_wconf 92' lang='lat' dir='ltr'><strong>Cluen·</strong></span> 
     </span>
     <span class='ocr_line' id='line_1_26' title="bbox 242 3141 1315 3241; baseline 0 -28"><span class='ocrx_word' id='word_1_181' title='bbox 242 3145 331 3213; x_wconf 89' lang='lat' dir='ltr'><strong>tium</strong></span> <span class='ocrx_word' id='word_1_182' title='bbox 348 3168 424 3212; x_wconf 91' lang='lat' dir='ltr'><strong>non</strong></span> <span class='ocrx_word' id='word_1_183' title='bbox 442 3157 517 3231; x_wconf 90' lang='lat' dir='ltr'><strong>est;</strong></span> <span class='ocrx_word' id='word_1_184' title='bbox 539 3142 692 3228; x_wconf 88' lang='lat' dir='ltr'><strong>Staleni,</strong></span> <span class='ocrx_word' id='word_1_185' title='bbox 711 3144 818 3212; x_wconf 90' lang='lat' dir='ltr'><strong>etiam</strong></span> <span class='ocrx_word' id='word_1_186' title='bbox 835 3167 901 3241; x_wconf 93' lang='lat' dir='ltr'><strong>pro</strong></span> <span class='ocrx_word' id='word_1_187' title='bbox 917 3142 1087 3213; x_wconf 90' lang='lat' dir='ltr'><strong>Cluentio</strong></span> <span class='ocrx_word' id='word_1_188' title='bbox 1106 3158 1170 3214; x_wconf 91' lang='lat' dir='ltr'><strong>est.</strong></span> <span class='ocrx_word' id='word_1_189' title='bbox 1182 3141 1315 3214; x_wconf 89' lang='lat' dir='ltr'><strong>Videa-</strong></span> 
     </span>
     <span class='ocr_line' id='line_1_27' title="bbox 240 3249 1314 3350; baseline 0 -28"><span class='ocrx_word' id='word_1_190' title='bbox 240 3277 321 3323; x_wconf 89' lang='lat' dir='ltr'><strong>mus</strong></span> <span class='ocrx_word' id='word_1_191' title='bbox 349 3251 491 3348; x_wconf 88' lang='lat' dir='ltr'><strong>ecquod</strong></span> <span class='ocrx_word' id='word_1_192' title='bbox 516 3250 613 3321; x_wconf 89' lang='lat' dir='ltr'><strong>aliud</strong></span> <span class='ocrx_word' id='word_1_193' title='bbox 630 3251 829 3346; x_wconf 89' lang='lat' dir='ltr'><strong>judicium,</strong></span> <span class='ocrx_word' id='word_1_194' title='bbox 851 3249 951 3350; x_wconf 89' lang='lat' dir='ltr'><strong>quod</strong></span> <span class='ocrx_word' id='word_1_195' title='bbox 971 3275 1040 3350; x_wconf 95' lang='lat' dir='ltr'><strong>pro</strong></span> <span class='ocrx_word' id='word_1_196' title='bbox 1063 3251 1230 3322; x_wconf 87' lang='lat' dir='ltr'><strong>Cluentio</strong></span> <span class='ocrx_word' id='word_1_197' title='bbox 1250 3253 1314 3338; x_wconf 90' lang='lat' dir='ltr'><strong>sit,</strong></span> 
     </span>
     <span class='ocr_line' id='line_1_28' title="bbox 243 3359 613 3462; baseline -0.005 -28"><span class='ocrx_word' id='word_1_198' title='bbox 243 3359 405 3462; x_wconf 86' lang='lat' dir='ltr'><strong>proferre</strong></span> <span class='ocrx_word' id='word_1_199' title='bbox 424 3361 613 3460; x_wconf 91' lang='lat' dir='ltr'><strong>possimus.</strong></span> 
     </span>
    </p>
   </div>
   <div class='ocr_carea' id='block_1_3' title="bbox 233 3569 1317 4198">
    <p class='ocr_par' dir='ltr' id='par_1_8' title="bbox 233 3569 1317 3954">
     <span class='ocr_line' id='line_1_29' title="bbox 280 3569 1317 3638; baseline -0.001 -18"><span class='ocrx_word' id='word_1_200' title='bbox 280 3591 303 3635; x_wconf 84' lang='lat'><strong>7.</strong></span> <span class='ocrx_word' id='word_1_201' title='bbox 318 3572 541 3636; x_wconf 82' lang='lat' dir='ltr'><strong>Nonprobabatur.</strong></span> <span class='ocrx_word' id='word_1_202' title='bbox 555 3573 676 3621; x_wconf 77' lang='lat' dir='ltr'><strong>Pessimus</strong></span> <span class='ocrx_word' id='word_1_203' title='bbox 688 3572 756 3638; x_wconf 78' lang='lat' dir='ltr'><strong>pacis</strong></span> <span class='ocrx_word' id='word_1_204' title='bbox 800 3587 896 3620; x_wconf 79' lang='lat' dir='ltr'><strong>necesse</strong></span> <span class='ocrx_word' id='word_1_205' title='bbox 908 3579 944 3619; x_wconf 79' lang='lat' dir='ltr'><strong>est</strong></span> <span class='ocrx_word' id='word_1_206' title='bbox 958 3572 1023 3618; x_wconf 83' lang='lat' dir='ltr'><strong>enim</strong></span> <span class='ocrx_word' id='word_1_207' title='bbox 1034 3580 1076 3618; x_wconf 82' lang='lat' dir='ltr'><strong>aut</strong></span> <span class='ocrx_word' id='word_1_208' title='bbox 1085 3569 1259 3635; x_wconf 84' lang='lat' dir='ltr'><strong>Oppianicum,</strong></span> <span class='ocrx_word' id='word_1_209' title='bbox 1272 3582 1317 3619; x_wconf 77' lang='lat' dir='ltr'><strong>aut</strong></span> 
     </span>
     <span class='ocr_line' id='line_1_30' title="bbox 233 3648 1317 3722; baseline -0.003 -21"><span class='ocrx_word' id='word_1_210' title='bbox 233 3664 267 3722; x_wconf 82' lang='lat' dir='ltr'><strong>¹ct</strong></span> <span class='ocrx_word' id='word_1_211' title='bbox 283 3652 422 3701; x_wconf 67' lang='lat' dir='ltr'><strong>concordia</strong></span> <span class='ocrx_word' id='word_1_212' title='bbox 437 3663 560 3717; x_wconf 77' lang='lat' dir='ltr'><strong>sequester</strong></span> <span class='ocrx_word' id='word_1_213' title='bbox 573 3651 702 3701; x_wconf 82' lang='lat' dir='ltr'><strong>videbatur</strong></span> <span class='ocrx_word' id='word_1_214' title='bbox 714 3668 757 3700; x_wconf 83' lang='lat' dir='ltr'><strong>ve·</strong></span> <span class='ocrx_word' id='word_1_215' title='bbox 801 3649 942 3701; x_wconf 84' lang='lat' dir='ltr'><strong>Cluentium</strong></span> <span class='ocrx_word' id='word_1_216' title='bbox 956 3651 1044 3707; x_wconf 76' lang='lat' dir='ltr'><strong>suirsc3</strong></span> <span class='ocrx_word' id='word_1_217' title='bbox 1055 3651 1124 3714; x_wconf 78' lang='lat' dir='ltr'><strong>atqui</strong></span> <span class='ocrx_word' id='word_1_218' title='bbox 1136 3665 1211 3714; x_wconf 85' lang='lat' dir='ltr'><strong>quum</strong></span> <span class='ocrx_word' id='word_1_219' title='bbox 1224 3648 1317 3698; x_wconf 84' lang='lat' dir='ltr'><strong>Cluen·</strong></span> 
     </span>
     <span class='ocr_line' id='line_1_31' title="bbox 243 3728 1316 3796; baseline -0.004 -16"><span class='ocrx_word' id='word_1_220' title='bbox 243 3731 305 3780; x_wconf 81' lang='lat' dir='ltr'><strong>nulis</strong></span> <span class='ocrx_word' id='word_1_221' title='bbox 318 3733 363 3780; x_wconf 83' lang='lat' dir='ltr'><strong>iste</strong></span> <span class='ocrx_word' id='word_1_222' title='bbox 378 3733 469 3791; x_wconf 87' lang='lat' dir='ltr'><strong>homo,</strong></span> <span class='ocrx_word' id='word_1_223' title='bbox 482 3749 562 3796; x_wconf 85' lang='lat' dir='ltr'><strong>neque</strong></span> <span class='ocrx_word' id='word_1_224' title='bbox 577 3732 600 3780; x_wconf 85' lang='lat' dir='ltr'><strong>ci</strong></span> <span class='ocrx_word' id='word_1_225' title='bbox 615 3731 758 3779; x_wconf 84' lang='lat' dir='ltr'><strong>credebatur</strong></span> <span class='ocrx_word' id='word_1_226' title='bbox 801 3732 862 3778; x_wconf 88' lang='lat' dir='ltr'><strong>tium</strong></span> <span class='ocrx_word' id='word_1_227' title='bbox 877 3731 1004 3794; x_wconf 80' lang='lat' dir='ltr'><strong>pecuniam</strong></span> <span class='ocrx_word' id='word_1_228' title='bbox 1019 3729 1113 3777; x_wconf 73' lang='lat' dir='ltr'><strong>dedisce</strong></span> <span class='ocrx_word' id='word_1_229' title='bbox 1130 3728 1200 3776; x_wconf 87' lang='lat' dir='ltr'><strong>nullo</strong></span> <span class='ocrx_word' id='word_1_230' title='bbox 1212 3729 1316 3791; x_wconf 67' lang='lat' dir='ltr'><strong>vangio</strong></span> 
     </span>
     <span class='ocr_line' id='line_1_32' title="bbox 244 3808 1317 3874; baseline -0.004 -16"><span class='ocrx_word' id='word_1_231' title='bbox 244 3810 336 3860; x_wconf 82' lang='lat' dir='ltr'><strong>dicenti</strong></span> <span class='ocrx_word' id='word_1_232' title='bbox 356 3809 389 3858; x_wconf 93' lang='lat' dir='ltr'><strong>ob</strong></span> <span class='ocrx_word' id='word_1_233' title='bbox 405 3811 469 3860; x_wconf 79' lang='lat' dir='ltr'><strong>hauc</strong></span> <span class='ocrx_word' id='word_1_234' title='bbox 482 3825 578 3859; x_wconf 77' lang='lat' dir='ltr'><strong>causam</strong></span> <span class='ocrx_word' id='word_1_235' title='bbox 592 3825 617 3858; x_wconf 81' lang='lat' dir='ltr'><strong>ac</strong></span> <span class='ocrx_word' id='word_1_236' title='bbox 630 3810 757 3874; x_wconf 83' lang='lat' dir='ltr'><strong>pecuniam</strong></span> <span class='ocrx_word' id='word_1_237' title='bbox 801 3810 1009 3874; x_wconf 82' lang='lat' dir='ltr'><strong>deprehendatur,</strong></span> <span class='ocrx_word' id='word_1_238' title='bbox 1025 3808 1158 3873; x_wconf 77' lang='lat' dir='ltr'><strong>Oppianici</strong></span> <span class='ocrx_word' id='word_1_239' title='bbox 1173 3819 1255 3856; x_wconf 86' lang='lat' dir='ltr'><strong>autern</strong></span> <span class='ocrx_word' id='word_1_240' title='bbox 1272 3823 1317 3871; x_wconf 81' lang='lat' dir='ltr'><strong>pe-</strong></span> 
     </span>
     <span class='ocr_line' id='line_1_33' title="bbox 244 3887 1316 3954; baseline -0.001 -18"><span class='ocrx_word' id='word_1_241' title='bbox 244 3891 373 3954; x_wconf 78' lang='lat' dir='ltr'><strong>accepime.</strong></span> <span class='ocrx_word' id='word_1_242' title='bbox 802 3893 874 3938; x_wconf 86' lang='lat' dir='ltr'><strong>cunia</strong></span> <span class='ocrx_word' id='word_1_243' title='bbox 895 3907 909 3937; x_wconf 88' lang='lat' dir='ltr'><strong>e</strong></span> <span class='ocrx_word' id='word_1_244' title='bbox 931 3889 1041 3938; x_wconf 80' lang='lat' dir='ltr'><strong>manibus</strong></span> <span class='ocrx_word' id='word_1_245' title='bbox 1063 3887 1155 3949; x_wconf 83' lang='lat' dir='ltr'><strong>judicit</strong></span> <span class='ocrx_word' id='word_1_246' title='bbox 1175 3889 1316 3946; x_wconf 57' lang='lat' dir='ltr'><strong>uolentum</strong></span> 
     </span>
    </p>

    <p class='ocr_par' dir='ltr' id='par_1_9' title="bbox 242 3967 1316 4198">
     <span class='ocr_line' id='line_1_34' title="bbox 281 3967 1210 4033; baseline 0 -19"><span class='ocrx_word' id='word_1_247' title='bbox 281 3970 306 4015; x_wconf 81' lang='lat'><strong>8.</strong></span> <span class='ocrx_word' id='word_1_248' title='bbox 320 3969 488 4030; x_wconf 79' lang='lat' dir='ltr'><strong>eramobrem.</strong></span> <span class='ocrx_word' id='word_1_249' title='bbox 501 3971 587 4032; x_wconf 82' lang='lat' dir='ltr'><strong>ltaque</strong></span> <span class='ocrx_word' id='word_1_250' title='bbox 599 3969 620 4016; x_wconf 83' lang='lat' dir='ltr'><strong>si</strong></span> <span class='ocrx_word' id='word_1_251' title='bbox 633 3967 757 4015; x_wconf 82' lang='lat' dir='ltr'><strong>Stalenum</strong></span> <span class='ocrx_word' id='word_1_252' title='bbox 801 3979 882 4032; x_wconf 79' lang='lat' dir='ltr'><strong>porcat</strong></span> <span class='ocrx_word' id='word_1_253' title='bbox 891 3983 950 4033; x_wconf 76' lang='lat' dir='ltr'><strong>crgo</strong></span> <span class='ocrx_word' id='word_1_254' title='bbox 962 3969 1016 4032; x_wconf 83' lang='lat' dir='ltr'><strong>quir</strong></span> <span class='ocrx_word' id='word_1_255' title='bbox 1029 3967 1152 4024; x_wconf 83' lang='lat' dir='ltr'><strong>dubitare,</strong></span> <span class='ocrx_word' id='word_1_256' title='bbox 1161 3975 1210 4014; x_wconf 85' lang='lat' dir='ltr'><strong>cte.</strong></span> 
     </span>
     <span class='ocr_line' id='line_1_35' title="bbox 245 4043 1315 4110; baseline 0.004 -20"><span class='ocrx_word' id='word_1_257' title='bbox 245 4043 381 4092; x_wconf 64' lang='lat' dir='ltr'><strong>&amp;mnando</strong></span> <span class='ocrx_word' id='word_1_258' title='bbox 403 4046 583 4094; x_wconf 83' lang='lat' dir='ltr'><strong>constituerunt</strong></span> <span class='ocrx_word' id='word_1_259' title='bbox 606 4044 702 4106; x_wconf 80' lang='lat' dir='ltr'><strong>judices</strong></span> <span class='ocrx_word' id='word_1_260' title='bbox 726 4045 757 4092; x_wconf 85' lang='lat' dir='ltr'><strong>ab</strong></span> <span class='ocrx_word' id='word_1_261' title='bbox 837 4061 862 4110; x_wconf 84' lang='lat'><strong>9.</strong></span> <span class='ocrx_word' id='word_1_262' title='bbox 875 4047 976 4096; x_wconf 82' lang='lat' dir='ltr'><strong>Rectius</strong></span> <span class='ocrx_word' id='word_1_263' title='bbox 990 4047 1067 4106; x_wconf 83' lang='lat' dir='ltr'><strong>sorte,</strong></span> <span class='ocrx_word' id='word_1_264' title='bbox 1083 4045 1151 4110; x_wconf 87' lang='lat' dir='ltr'><strong>quod</strong></span> <span class='ocrx_word' id='word_1_265' title='bbox 1165 4047 1215 4106; x_wconf 81' lang='lat' dir='ltr'><strong>jam</strong></span> <span class='ocrx_word' id='word_1_266' title='bbox 1229 4044 1315 4094; x_wconf 66' lang='lat' dir='ltr'><strong>lamb.</strong></span> 
     </span>
     <span class='ocr_line' id='line_1_36' title="bbox 242 4123 1316 4198; baseline 0.002 -26"><span class='ocrx_word' id='word_1_267' title='bbox 242 4123 381 4188; x_wconf 86' lang='lat' dir='ltr'><strong>Oppianico</strong></span> <span class='ocrx_word' id='word_1_268' title='bbox 398 4135 517 4175; x_wconf 77' lang='lat' dir='ltr'><strong>tentatura</strong></span> <span class='ocrx_word' id='word_1_269' title='bbox 532 4125 605 4174; x_wconf 79' lang='lat' dir='ltr'><strong>fuisse</strong></span> <span class='ocrx_word' id='word_1_270' title='bbox 621 4123 758 4193; x_wconf 62' lang='lat' dir='ltr'><strong>judicium</strong></span> <span class='ocrx_word' id='word_1_271' title='bbox 796 4125 890 4191; x_wconf 86' lang='lat' dir='ltr'><strong>innuit,</strong></span> <span class='ocrx_word' id='word_1_272' title='bbox 900 4125 1042 4198; x_wconf 61' lang='lat' dir='ltr'><strong>reperiente,</strong></span> <span class='ocrx_word' id='word_1_273' title='bbox 1054 4135 1159 4194; x_wconf 77' lang='lat' dir='ltr'><strong>etpost,</strong></span> <span class='ocrx_word' id='word_1_274' title='bbox 1174 4125 1263 4174; x_wconf 75' lang='lat' dir='ltr'><strong>ablata</strong></span> <span class='ocrx_word' id='word_1_275' title='bbox 1275 4123 1316 4174; x_wconf 80' lang='lat' dir='ltr'><strong>sit.</strong></span> 
     </span>
    </p>
   </div>
   <div class='ocr_carea' id='block_1_4' title="bbox 0 0 1460 4654">
    <p class='ocr_par' dir='ltr' id='par_1_10' title="bbox 0 0 1460 4654">
     <span class='ocr_line' id='line_1_37' title="bbox 0 0 1460 4654; baseline 0 0"><span class='ocrx_word' id='word_1_276' title='bbox 0 0 1460 4654; x_wconf 95' lang='lat' dir='ltr'><strong> </strong></span> 
     </span>
    </p>
   </div>
  </div>
 </body>
</html>
