2986 4670
429 360 1042 448 DELEGEAGRAR1A‚11.·
1190 381 1259 456 297

183 483 344 582 ctigalia,
362 505 474 580 regna
489 479 710 568 vendiderit3
730 495 809 552 tum
826 505 972 554 arenam
986 479 1145 578 aliquam
1156 477 1184 569 ⁵,
1199 495 1262 552 aut

184 592 339 693 paludes
354 607 473 662 emat:
492 589 530 662 id
547 615 613 661 vos
633 592 807 689 potestis,
825 616 967 689 quaeso,
992 589 1213 662 concedere?

238 707 471 801 Quamquam
488 699 578 771 illud
595 715 649 772 est
668 703 873 799 egregium,
892 700 992 799 quod
1004 702 1162 799 haclege
1179 715 1264 773 aute

187 813 314 884 omnia
341 826 523 900 veneunt,
550 825 634 882 ante
662 815 823 908 pecunia
849 825 1033 908 coguntur
1059 826 1097 883 et
1119 836 1263 883 coacer-

187 937 342 1012 vantur,
364 947 476 1020 quam
496 921 601 1019 gleba
624 946 698 992 una
720 938 872 994 ematur.
894 922 1035 996 Deinde
1054 926 1125 994 emi
1143 923 1264 1019 jubet3

189 1033 239 1104 ab
258 1033 373 1104 invito
391 1047 497 1105 vetat.
518 1037 650 1123 Quaero
662 1030 692 1123 ⁶,
710 1034 757 1120 si,
780 1035 844 1131 qui
862 1034 975 1106 velint
989 1033 1167 1123 vendere,
1189 1060 1266 1107 non

190 1143 346 1234 fuerint,
377 1142 467 1242 quid
491 1145 646 1242 pecunia
669 1141 754 1216 fiet?
780 1142 928 1217 Referre
952 1146 989 1217 in
1016 1149 1180 1216 aerarium
1209 1144 1266 1216 lex

190 1267 304 1342 vetat3
318 1254 412 1350 exigi
426 1252 608 1350 prohibet.
625 1256 740 1352 Igitur
752 1255 943 1353 pecuniam
960 1269 1105 1328 omnem
1123 1257 1267 1328 decem·

191 1365 263 1435 viri
285 1362 484 1454 tenebunt3
506 1363 612 1435 vobis
638 1389 722 1462 ager
745 1391 822 1436 non
847 1380 1000 1437 emetur.
1027 1366 1270 1464 Vectigalibus

193 1473 419 1563 abalienatis,
432 1475 537 1546 sociis
550 1475 702 1564 vexatis,
714 1474 861 1572 regibus
874 1491 984 1573 atque
998 1477 1170 1548 omnibus
1181 1501 1270 1574 geu-

196 1585 295 1658 tibus
315 1587 505 1657 exinanitis
516 1597 542 1675 ⁷,
571 1586 622 1657 illi
643 1590 815 1685 pecunias
838 1585 1047 1674 habebunt,
1077 1613 1141 1659 vos
1167 1611 1272 1685 agros

195 1694 488 1768 nonhabebitis.
521 1697 657 1784 Facile,
684 1698 825 1794 inquit,
854 1696 1084 1769 adducentur
1110 1701 1272 1793 pecuniae

196 1807 467 1906 magnitudine,
495 1821 537 1877 nt
558 1807 672 1878 velint
696 1807 865 1879 vendere.
899 1813 995 1905 Ergo
1021 1832 1064 1879 ea
1088 1803 1175 1878 lex⁸
1202 1820 1274 1892 est,

198 1941 274 2016 qua
296 1933 420 1989 nostra
435 1917 653 2006 vendamus,
674 1919 803 2015 quanti
821 1921 1021 2017 possimus;
1039 1917 1154 1989 aliena
1176 1940 1275 1989 ema·
1356 1939 1360 1946 ·

199 2053 303 2115 mus,
323 2029 452 2126 quanti
471 2052 695 2127 possessores
712 2029 834 2099 velint.

252 2143 371 2234 Atque
385 2142 422 2208 in
443 2136 510 2208 hos
532 2161 653 2235 agros,
675 2140 739 2236 qui
756 2139 823 2210 hac
837 2138 915 2236 lege
933 2138 1048 2236 empti
1066 2141 1154 2225 sint,
1177 2135 1276 2207 colo-

201 2250 282 2320 nias
300 2248 345 2320 ab
368 2250 411 2320 iis
437 2237 648 2321 decemdiris
671 2248 803 2320 deduci
824 2248 940 2346 jubet.
965 2245 1090 2337 Quid?
1112 2249 1278 2318 omnisne

203 2359 384 2454 ejusmodi
404 2361 505 2432 locus
524 2375 596 2449 est,
614 2374 656 2431 ut
671 2359 762 2429 nihil
778 2359 917 2430 intersit
934 2356 1160 2455 reipublicae,
1179 2355 1278 2426 colo-

204 2471 268 2542 nia
290 2469 493 2542 deducatur
519 2473 558 2541 in
581 2494 665 2541 enm
684 2468 824 2558 locum,
847 2468 985 2541 necne?
1006 2471 1060 2538 An
1080 2483 1134 2539 est
1161 2465 1280 2555 locus,

205 2583 273 2680 qui
293 2581 473 2653 coloniam
490 2581 675 2680 postulet?
696 2578 770 2678 [est
789 2579 896 2678 plane
913 2608 921 2651 ε
939 2580 1091 2667 rectius,
1107 2577 1187 2677 ete]
1206 2601 1281 2677 quo

205 2695 246 2763 in
268 2715 402 2788 genere
416 2697 461 2777 ¹⁰,
482 2691 574 2762 sicut
589 2691 628 2760 in
651 2693 780 2792 ceteris
800 2689 1008 2789 reipublicae
1028 2688 1209 2787 partibus,
1229 2703 1284 2761 est

207 2827 331 2901 operae
353 2805 512 2901 pretium
541 2800 763 2899 diligentiam
790 2803 971 2898 majorum
999 2801 1203 2872 recordari:
1220 2803 1284 2899 qui

209 2912 370 2984 colonias
389 2914 439 2984 sic
458 2911 598 2985 idoneis
618 2917 655 2984 in
674 2913 764 2985 locis
781 2927 909 2984 contra
931 2913 1173 3011 suspicionem
1193 2913 1286 3010 pen'-

210 3021 285 3094 culi
306 3021 550 3113 collocarunt,
570 3037 612 3094 ut
627 3047 703 3095 esse
721 3047 796 3094 non
816 3023 953 3122 oppida
969 3022 1096 3109 ltaliae,
1117 3021 1182 3092 scd
1199 3045 1285 3119 pro·

250 3229 519 3294 5.Arenama1lquam.
527 3228 637 3278 sterilem
645 3245 728 3293 quem·
771 3227 1286 3294 nontamvoblsqurmposseesoribnscon

213 3311 270 3360 dam
280 3311 413 3375 mgioncrn.
420 3307 577 3358 -Patudec
587 3309 728 3356 Pestilentee
772 3311 876 3359 solatur.

213 3407 295 3457 agros.
809 3397 834 3446 9.
863 3381 910 3428 Est
924 3379 1002 3444 plane
1022 3395 1032 3426 .·
1059 3378 1157 3436 rectius,
1184 3389 1217 3426 et.
1238 3380 1287 3425 Lo·

252 3469 278 3516 6.
291 3471 389 3534 eroero.
400 3470 452 3515 Vos
464 3467 606 3530 interrogo,
620 3466 642 3512 si
656 3481 729 3514 nemo
774 3479 818 3512 cus
830 3471 977 3527 corruptus,
990 3476 1062 3524 quem
1079 3459 1114 3507 sie
1130 3456 1288 3507 Lauredrnus

216 3559 341 3609 occurrat,
354 3547 398 3610 qui
417 3545 523 3594 rendere
535 3545 607 3610 velit,
627 3544 689 3609 quid
701 3543 733 3591 de
776 3542 928 3600 emendavit,
942 3539 1061 3589 lambino
1079 3539 1185 3604 primurn
1198 3551 1291 3599 appro-

217 3628 321 3694 pecunie
335 3625 394 3676 siet?
776 3622 864 3680 bento,
885 3643 897 3662 ιι
910 3631 962 3684 est,
992 3620 1035 3682 qni
1057 3618 1130 3683 plane
1152 3625 1246 3663 recuset
1262 3615 1287 3661 l·

257 3724 280 3769 7.
290 3703 441 3754 exinanitis.
451 3705 603 3754 Exhaustiu
613 3703 733 3752 decemvi·
776 3704 868 3750 Verum
881 3710 980 3765 praestet
991 3699 1042 3763 ipsa
1053 3696 1166 3744 codicum
1181 3691 1291 3741 exhiberi

218 3785 264 3845 ris,
274 3788 316 3850 qui
328 3802 371 3835 eos
384 3786 490 3834 fortunis
507 3794 532 3832 et
549 3785 629 3849 regnis
642 3783 732 3848 spolia·
777 3781 883 3842 menda,
900 3795 973 3844 quam
996 3775 1211 3842 interpolationem
1229 3771 1291 3821 alto·

218 3865 292 3914 hunt.
778 3877 841 3909 rum.

257 3946 397 4011 &Ergoea
407 3941 733 4006 leustllnncergolegem
817 3954 856 3985 ro.
873 3939 926 3999 Quo
936 3951 1033 4001 genere.
1048 3935 1102 3996 Qua
1120 3931 1146 3977 in
1165 3945 1203 3988 re,
1223 3939 1250 3976 ut
1264 3929 1291 3977 in

219 4023 400 4087 constituistis,
415 4035 443 4072 nt
453 4023 555 4072 minimo
565 4021 663 4087 publica
672 4036 734 4068 ven·
779 4018 877 4075 ceteris,
888 4017 1007 4077 maiorum
1021 4011 1131 4076 exempla
1145 4019 1203 4058 sunt
1215 4008 1291 4075 inspi-

221 4102 324 4168 drntur,
343 4119 432 4167 magno
450 4103 545 4167 privata
563 4111 691 4160 ementur3
707 4108 736 4146 nt
780 4095 874 4145 cienda.
