<?xml version="1.0" encoding="UTF-8"?>
<!DOCTYPE html PUBLIC "-//W3C//DTD XHTML 1.0 Transitional//EN"
    "http://www.w3.org/TR/xhtml1/DTD/xhtml1-transitional.dtd">
<html xmlns="http://www.w3.org/1999/xhtml" xml:lang="en" lang="en">
 <head>
  <title>
</title>
<meta http-equiv="Content-Type" content="text/html;charset=utf-8" />
  <meta name='ocr-system' content='tesseract 3.04.00' />
  <meta name='ocr-capabilities' content='ocr_page ocr_carea ocr_par ocr_line ocrx_word'/>
</head>
<body>
  <div class='ocr_page' id='page_1' title='image "./mtciceronisquae00lemagoog_0436.png"; bbox 0 0 3018 4664; ppageno 0'>
   <div class='ocr_carea' id='block_1_1' title="bbox 485 411 1274 508">
    <p class='ocr_par' dir='ltr' id='par_1_1' title="bbox 485 411 1274 508">
     <span class='ocr_line' id='line_1_1' title="bbox 485 411 1274 508; baseline 0.003 -30"><span class='ocrx_word' id='word_1_1' title='bbox 485 411 540 480; x_wconf 82' lang='lat' dir='ltr'><strong>ur</strong></span> <span class='ocrx_word' id='word_1_2' title='bbox 565 412 604 478; x_wconf 77' lang='lat' dir='ltr'><strong>u.</strong></span> <span class='ocrx_word' id='word_1_3' title='bbox 631 411 944 496; x_wconf 69' lang='lat' dir='ltr'><strong>urrunnu,</strong></span> <span class='ocrx_word' id='word_1_4' title='bbox 969 412 1017 479; x_wconf 91' lang='lat'><strong>11.</strong></span> <span class='ocrx_word' id='word_1_5' title='bbox 1204 413 1274 508; x_wconf 69' lang='lat'><strong>4²7</strong></span> 
     </span>
    </p>
   </div>
   <div class='ocr_carea' id='block_1_2' title="bbox 207 527 1371 2831">
    <p class='ocr_par' dir='ltr' id='par_1_2' title="bbox 207 527 1371 2831">
     <span class='ocr_line' id='line_1_2' title="bbox 213 527 1274 629; baseline 0.003 -28"><span class='ocrx_word' id='word_1_6' title='bbox 213 527 290 602; x_wconf 78' lang='lat' dir='ltr'><strong>larii</strong></span> <span class='ocrx_word' id='word_1_7' title='bbox 310 530 510 628; x_wconf 84' lang='lat' dir='ltr'><strong>periculum</strong></span> <span class='ocrx_word' id='word_1_8' title='bbox 529 529 741 629; x_wconf 77' lang='lat' dir='ltr'><strong>depellatur.</strong></span> <span class='ocrx_word' id='word_1_9' title='bbox 767 533 915 604; x_wconf 84' lang='lat' dir='ltr'><strong>Dicatur</strong></span> <span class='ocrx_word' id='word_1_10' title='bbox 935 555 1021 602; x_wconf 87' lang='lat' dir='ltr'><strong>sane</strong></span> <span class='ocrx_word' id='word_1_11' title='bbox 1041 531 1175 625; x_wconf 87' lang='lat' dir='ltr'><strong>ejectus</strong></span> <span class='ocrx_word' id='word_1_12' title='bbox 1197 555 1274 604; x_wconf 88' lang='lat' dir='ltr'><strong>esse</strong></span> 
     </span>
     <span class='ocr_line' id='line_1_3' title="bbox 212 637 1273 729; baseline 0.004 -19"><span class='ocrx_word' id='word_1_13' title='bbox 212 645 333 726; x_wconf 87' lang='lat' dir='ltr'><strong>a‘me,</strong></span> <span class='ocrx_word' id='word_1_14' title='bbox 356 639 555 712; x_wconf 87' lang='lat' dir='ltr'><strong>dummodo</strong></span> <span class='ocrx_word' id='word_1_15' title='bbox 574 655 631 712; x_wconf 89' lang='lat' dir='ltr'><strong>eat</strong></span> <span class='ocrx_word' id='word_1_16' title='bbox 652 643 688 712; x_wconf 93' lang='lat' dir='ltr'><strong>iu</strong></span> <span class='ocrx_word' id='word_1_17' title='bbox 709 641 892 729; x_wconf 78' lang='lat' dir='ltr'><strong>exsilium3</strong></span> <span class='ocrx_word' id='word_1_18' title='bbox 919 637 981 710; x_wconf 84' lang='lat' dir='ltr'><strong>sed</strong></span> <span class='ocrx_word' id='word_1_19' title='bbox 1004 639 1095 710; x_wconf 89' lang='lat' dir='ltr'><strong>mihi</strong></span> <span class='ocrx_word' id='word_1_20' title='bbox 1117 639 1273 728; x_wconf 80' lang='lat' dir='ltr'><strong>credite,</strong></span> 
     </span>
     <span class='ocr_line' id='line_1_4' title="bbox 214 746 1276 848; baseline 0 -28"><span class='ocrx_word' id='word_1_21' title='bbox 214 765 364 821; x_wconf 85' lang='lat' dir='ltr'><strong>nonest</strong></span> <span class='ocrx_word' id='word_1_22' title='bbox 387 750 515 822; x_wconf 85' lang='lat' dir='ltr'><strong>iturus.</strong></span> <span class='ocrx_word' id='word_1_23' title='bbox 545 755 753 847; x_wconf 76' lang='lat' dir='ltr'><strong>Numquam</strong></span> <span class='ocrx_word' id='word_1_24' title='bbox 779 775 847 848; x_wconf 85' lang='lat' dir='ltr'><strong>ego</strong></span> <span class='ocrx_word' id='word_1_25' title='bbox 874 775 894 820; x_wconf 95' lang='lat' dir='ltr'><strong>a</strong></span> <span class='ocrx_word' id='word_1_26' title='bbox 920 748 989 820; x_wconf 88' lang='lat' dir='ltr'><strong>diis</strong></span> <span class='ocrx_word' id='word_1_27' title='bbox 1012 746 1276 822; x_wconf 81' lang='lat' dir='ltr'><strong>immortalibus</strong></span> 
     </span>
     <span class='ocr_line' id='line_1_5' title="bbox 212 856 1278 958; baseline -0.006 -26"><span class='ocrx_word' id='word_1_28' title='bbox 212 858 368 958; x_wconf 81' lang='lat' dir='ltr'><strong>optab0,</strong></span> <span class='ocrx_word' id='word_1_29' title='bbox 386 860 568 948; x_wconf 84' lang='lat' dir='ltr'><strong>Quirites,</strong></span> <span class='ocrx_word' id='word_1_30' title='bbox 597 859 735 932; x_wconf 85' lang='lat' dir='ltr'><strong>iuvidiae</strong></span> <span class='ocrx_word' id='word_1_31' title='bbox 762 856 875 940; x_wconf 79' lang='lat' dir='ltr'><strong>meae³</strong></span> <span class='ocrx_word' id='word_1_32' title='bbox 900 857 1058 930; x_wconf 74' lang='lat' dir='ltr'><strong>levanda</strong></span> <span class='ocrx_word' id='word_1_33' title='bbox 1085 881 1216 944; x_wconf 85' lang='lat' dir='ltr'><strong>causa,</strong></span> <span class='ocrx_word' id='word_1_34' title='bbox 1237 871 1278 926; x_wconf 91' lang='lat' dir='ltr'><strong>ut</strong></span> 
     </span>
     <span class='ocr_line' id='line_1_6' title="bbox 210 968 1277 1065; baseline -0.005 -22"><span class='ocrx_word' id='word_1_35' title='bbox 210 975 251 1043; x_wconf 87' lang='lat' dir='ltr'><strong>L.</strong></span> <span class='ocrx_word' id='word_1_36' title='bbox 266 970 467 1043; x_wconf 81' lang='lat' dir='ltr'><strong>&#39;Catilinam</strong></span> <span class='ocrx_word' id='word_1_37' title='bbox 494 971 627 1044; x_wconf 85' lang='lat' dir='ltr'><strong>ducere</strong></span> <span class='ocrx_word' id='word_1_38' title='bbox 656 974 855 1044; x_wconf 87' lang='lat' dir='ltr'><strong>exercitum</strong></span> <span class='ocrx_word' id='word_1_39' title='bbox 883 968 1068 1056; x_wconf 86' lang='lat' dir='ltr'><strong>hostium,</strong></span> <span class='ocrx_word' id='word_1_40' title='bbox 1101 983 1211 1065; x_wconf 87' lang='lat' dir='ltr'><strong>atque</strong></span> <span class='ocrx_word' id='word_1_41' title='bbox 1239 968 1277 1038; x_wconf 92' lang='lat' dir='ltr'><strong>iu</strong></span> 
     </span>
     <span class='ocr_line' id='line_1_7' title="bbox 207 1068 1276 1162; baseline 0.002 -14"><span class='ocrx_word' id='word_1_42' title='bbox 207 1081 320 1152; x_wconf 83' lang='lat' dir='ltr'><strong>armis</strong></span> <span class='ocrx_word' id='word_1_43' title='bbox 342 1081 491 1154; x_wconf 82' lang='lat' dir='ltr'><strong>volitare</strong></span> <span class='ocrx_word' id='word_1_44' title='bbox 517 1068 668 1155; x_wconf 82' lang='lat' dir='ltr'><strong>audiatis</strong></span> <span class='ocrx_word' id='word_1_45' title='bbox 695 1109 703 1151; x_wconf 92' lang='lat'>:</span> <span class='ocrx_word' id='word_1_46' title='bbox 726 1082 788 1154; x_wconf 86' lang='lat' dir='ltr'><strong>sed</strong></span> <span class='ocrx_word' id='word_1_47' title='bbox 811 1079 933 1153; x_wconf 87' lang='lat' dir='ltr'><strong>triduo</strong></span> <span class='ocrx_word' id='word_1_48' title='bbox 960 1093 1081 1153; x_wconf 87' lang='lat' dir='ltr'><strong>tamen</strong></span> <span class='ocrx_word' id='word_1_49' title='bbox 1107 1077 1276 1162; x_wconf 53' lang='lat' dir='ltr'><strong>audierim</strong></span> 
     </span>
     <span class='ocr_line' id='line_1_8' title="bbox 210 1187 1278 1286; baseline -0.002 -26"><span class='ocrx_word' id='word_1_50' title='bbox 210 1189 401 1286; x_wconf 89' lang='lat' dir='ltr'><strong>multoque</strong></span> <span class='ocrx_word' id='word_1_51' title='bbox 419 1194 531 1286; x_wconf 82' lang='lat' dir='ltr'><strong>magis</strong></span> <span class='ocrx_word' id='word_1_52' title='bbox 549 1191 638 1264; x_wconf 88' lang='lat' dir='ltr'><strong>illud</strong></span> <span class='ocrx_word' id='word_1_53' title='bbox 660 1192 806 1281; x_wconf 71' lang='lat' dir='ltr'><strong>timent,</strong></span> <span class='ocrx_word' id='word_1_54' title='bbox 825 1217 872 1264; x_wconf 87' lang='lat' dir='ltr'><strong>ne</strong></span> <span class='ocrx_word' id='word_1_55' title='bbox 887 1189 976 1262; x_wconf 89' lang='lat' dir='ltr'><strong>mihi</strong></span> <span class='ocrx_word' id='word_1_56' title='bbox 994 1191 1043 1262; x_wconf 89' lang='lat' dir='ltr'><strong>sit</strong></span> <span class='ocrx_word' id='word_1_57' title='bbox 1061 1187 1278 1262; x_wconf 88' lang='lat' dir='ltr'><strong>invidiosum</strong></span> 
     </span>
     <span class='ocr_line' id='line_1_9' title="bbox 208 1285 1276 1400; baseline -0.003 -28"><span class='ocrx_word' id='word_1_58' title='bbox 208 1299 425 1397; x_wconf 82' lang='lat' dir='ltr'><strong>aliquaud0‚</strong></span> <span class='ocrx_word' id='word_1_59' title='bbox 446 1285 545 1397; x_wconf 59' lang='lat' dir='ltr'><strong>quod</strong></span> <span class='ocrx_word' id='word_1_60' title='bbox 560 1302 661 1374; x_wconf 88' lang='lat' dir='ltr'><strong>illum</strong></span> <span class='ocrx_word' id='word_1_61' title='bbox 681 1304 858 1376; x_wconf 81' lang='lat' dir='ltr'><strong>emiserim</strong></span> <span class='ocrx_word' id='word_1_62' title='bbox 881 1302 1024 1400; x_wconf 85' lang='lat' dir='ltr'><strong>potius,</strong></span> <span class='ocrx_word' id='word_1_63' title='bbox 1046 1325 1156 1397; x_wconf 85' lang='lat' dir='ltr'><strong>quam</strong></span> <span class='ocrx_word' id='word_1_64' title='bbox 1176 1298 1276 1394; x_wconf 88' lang='lat' dir='ltr'><strong>quud</strong></span> 
     </span>
     <span class='ocr_line' id='line_1_10' title="bbox 208 1408 1276 1509; baseline -0.006 -25"><span class='ocrx_word' id='word_1_65' title='bbox 208 1410 389 1504; x_wconf 84' lang='lat' dir='ltr'><strong>ejecerim.</strong></span> <span class='ocrx_word' id='word_1_66' title='bbox 412 1410 481 1486; x_wconf 86' lang='lat' dir='ltr'><strong>Sed</strong></span> <span class='ocrx_word' id='word_1_67' title='bbox 498 1437 612 1509; x_wconf 87' lang='lat' dir='ltr'><strong>quum</strong></span> <span class='ocrx_word' id='word_1_68' title='bbox 633 1414 704 1486; x_wconf 89' lang='lat' dir='ltr'><strong>sint</strong></span> <span class='ocrx_word' id='word_1_69' title='bbox 720 1412 887 1486; x_wconf 86' lang='lat' dir='ltr'><strong>homines</strong></span> <span class='ocrx_word' id='word_1_70' title='bbox 898 1408 924 1500; x_wconf 81' lang='lat'><strong>⁵,</strong></span> <span class='ocrx_word' id='word_1_71' title='bbox 934 1411 999 1507; x_wconf 86' lang='lat' dir='ltr'><strong>qui</strong></span> <span class='ocrx_word' id='word_1_72' title='bbox 1018 1410 1142 1491; x_wconf 82' lang='lat' dir='ltr'><strong>illurn,</strong></span> <span class='ocrx_word' id='word_1_73' title='bbox 1161 1432 1276 1504; x_wconf 89' lang='lat' dir='ltr'><strong>quum</strong></span> 
     </span>
     <span class='ocr_line' id='line_1_11' title="bbox 213 1517 1278 1624; baseline -0.005 -34"><span class='ocrx_word' id='word_1_74' title='bbox 213 1517 399 1616; x_wconf 81' lang='lat' dir='ltr'><strong>profectus</strong></span> <span class='ocrx_word' id='word_1_75' title='bbox 418 1525 481 1609; x_wconf 75' lang='lat' dir='ltr'><strong>sil,</strong></span> <span class='ocrx_word' id='word_1_76' title='bbox 506 1522 662 1624; x_wconf 88' lang='lat' dir='ltr'><strong>ejectum</strong></span> <span class='ocrx_word' id='word_1_77' title='bbox 683 1547 762 1596; x_wconf 88' lang='lat' dir='ltr'><strong>esse</strong></span> <span class='ocrx_word' id='word_1_78' title='bbox 786 1520 931 1609; x_wconf 82' lang='lat' dir='ltr'><strong>dicant,</strong></span> <span class='ocrx_word' id='word_1_79' title='bbox 960 1518 1069 1592; x_wconf 90' lang='lat' dir='ltr'><strong>iidem</strong></span> <span class='ocrx_word' id='word_1_80' title='bbox 1082 1543 1100 1606; x_wconf 83' lang='grc'><strong>,·</strong></span> <span class='ocrx_word' id='word_1_81' title='bbox 1118 1520 1148 1588; x_wconf 81' lang='lat' dir='ltr'><strong>si</strong></span> <span class='ocrx_word' id='word_1_82' title='bbox 1166 1519 1278 1586; x_wconf 90' lang='lat' dir='ltr'><strong>iuter-</strong></span> 
     </span>
     <span class='ocr_line' id='line_1_12' title="bbox 211 1625 1279 1727; baseline -0.002 -29"><span class='ocrx_word' id='word_1_83' title='bbox 211 1626 327 1700; x_wconf 82' lang='lat' dir='ltr'><strong>fectus</strong></span> <span class='ocrx_word' id='word_1_84' title='bbox 347 1644 455 1717; x_wconf 88' lang='lat' dir='ltr'><strong>esset,</strong></span> <span class='ocrx_word' id='word_1_85' title='bbox 474 1631 562 1727; x_wconf 87' lang='lat' dir='ltr'><strong>quid</strong></span> <span class='ocrx_word' id='word_1_86' title='bbox 578 1632 759 1704; x_wconf 82' lang='lat' dir='ltr'><strong>dicerent?</strong></span> <span class='ocrx_word' id='word_1_87' title='bbox 775 1634 1005 1727; x_wconf 88' lang='lat' dir='ltr'><strong>Quamquam</strong></span> <span class='ocrx_word' id='word_1_88' title='bbox 1021 1625 1114 1714; x_wconf 81' lang='lat' dir='ltr'><strong>isti⁶,</strong></span> <span class='ocrx_word' id='word_1_89' title='bbox 1133 1626 1197 1724; x_wconf 91' lang='lat' dir='ltr'><strong>qui</strong></span> <span class='ocrx_word' id='word_1_90' title='bbox 1214 1629 1279 1697; x_wconf 89' lang='lat' dir='ltr'><strong>Ca·</strong></span> 
     </span>
     <span class='ocr_line' id='line_1_13' title="bbox 213 1737 1280 1834; baseline -0.005 -26"><span class='ocrx_word' id='word_1_91' title='bbox 213 1738 351 1816; x_wconf 84' lang='lat' dir='ltr'><strong>tiliuam</strong></span> <span class='ocrx_word' id='word_1_92' title='bbox 367 1741 630 1818; x_wconf 80' lang='lat' dir='ltr'><strong>Massiliamire</strong></span> <span class='ocrx_word' id='word_1_93' title='bbox 650 1741 834 1825; x_wconf 85' lang='lat' dir='ltr'><strong>dictitant,</strong></span> <span class='ocrx_word' id='word_1_94' title='bbox 850 1766 928 1813; x_wconf 85' lang='lat' dir='ltr'><strong>nou</strong></span> <span class='ocrx_word' id='word_1_95' title='bbox 946 1755 1019 1810; x_wconf 87' lang='lat' dir='ltr'><strong>tam</strong></span> <span class='ocrx_word' id='word_1_96' title='bbox 1035 1737 1106 1808; x_wconf 92' lang='lat' dir='ltr'><strong>hoc</strong></span> <span class='ocrx_word' id='word_1_97' title='bbox 1121 1759 1280 1834; x_wconf 87' lang='lat' dir='ltr'><strong>querun-</strong></span> 
     </span>
     <span class='ocr_line' id='line_1_14' title="bbox 213 1844 1279 1946; baseline -0.01 -20"><span class='ocrx_word' id='word_1_98' title='bbox 213 1863 290 1938; x_wconf 80' lang='lat' dir='ltr'><strong>tur,</strong></span> <span class='ocrx_word' id='word_1_99' title='bbox 311 1874 418 1946; x_wconf 77' lang='lat' dir='ltr'><strong>quam</strong></span> <span class='ocrx_word' id='word_1_100' title='bbox 439 1862 643 1928; x_wconf 66' lang='lat' dir='ltr'><strong>verenturt.</strong></span> <span class='ocrx_word' id='word_1_101' title='bbox 664 1855 779 1928; x_wconf 80' lang='lat' dir='ltr'><strong>Nemo</strong></span> <span class='ocrx_word' id='word_1_102' title='bbox 799 1863 852 1922; x_wconf 77' lang='lat' dir='ltr'><strong>est</strong></span> <span class='ocrx_word' id='word_1_103' title='bbox 874 1855 1024 1920; x_wconf 88' lang='lat' dir='ltr'><strong>istorum</strong></span> <span class='ocrx_word' id='word_1_104' title='bbox 1050 1861 1122 1918; x_wconf 89' lang='lat' dir='ltr'><strong>tam</strong></span> <span class='ocrx_word' id='word_1_105' title='bbox 1142 1844 1279 1917; x_wconf 87' lang='lat' dir='ltr'><strong>miseri·</strong></span> 
     </span>
     <span class='ocr_line' id='line_1_15' title="bbox 207 1954 1280 2056; baseline -0.009 -24"><span class='ocrx_word' id='word_1_106' title='bbox 207 1956 327 2047; x_wconf 80' lang='lat' dir='ltr'><strong>cors⁸‚</strong></span> <span class='ocrx_word' id='word_1_107' title='bbox 341 1962 403 2056; x_wconf 84' lang='lat' dir='ltr'><strong>qui</strong></span> <span class='ocrx_word' id='word_1_108' title='bbox 417 1959 519 2034; x_wconf 88' lang='lat' dir='ltr'><strong>illum</strong></span> <span class='ocrx_word' id='word_1_109' title='bbox 533 1958 660 2031; x_wconf 87' lang='lat' dir='ltr'><strong>uouad</strong></span> <span class='ocrx_word' id='word_1_110' title='bbox 671 1959 832 2031; x_wconf 87' lang='lat' dir='ltr'><strong>Mallium</strong></span> <span class='ocrx_word' id='word_1_111' title='bbox 842 2011 853 2042; x_wconf 90' lang='lat'><strong>,</strong></span> <span class='ocrx_word' id='word_1_112' title='bbox 863 1981 972 2055; x_wconf 87' lang='lat' dir='ltr'><strong>quam</strong></span> <span class='ocrx_word' id='word_1_113' title='bbox 986 1956 1031 2026; x_wconf 86' lang='lat' dir='ltr'><strong>ad</strong></span> <span class='ocrx_word' id='word_1_114' title='bbox 1042 1954 1280 2026; x_wconf 82' lang='lat' dir='ltr'><strong>Massilienses</strong></span> 
     </span>
     <span class='ocr_line' id='line_1_16' title="bbox 210 2062 1280 2161; baseline -0.008 -20"><span class='ocrx_word' id='word_1_115' title='bbox 210 2069 265 2142; x_wconf 84' lang='lat' dir='ltr'><strong>ire</strong></span> <span class='ocrx_word' id='word_1_116' title='bbox 286 2069 397 2143; x_wconf 82' lang='lat' dir='ltr'><strong>malit.</strong></span> <span class='ocrx_word' id='word_1_117' title='bbox 417 2069 662 2154; x_wconf 72' lang='lat' dir='ltr'><strong>ttleuuteuu,</strong></span> <span class='ocrx_word' id='word_1_118' title='bbox 681 2071 711 2140; x_wconf 89' lang='lat' dir='ltr'><strong>si</strong></span> <span class='ocrx_word' id='word_1_119' title='bbox 729 2066 935 2140; x_wconf 83' lang='lat' dir='ltr'><strong>mehercule</strong></span> <span class='ocrx_word' id='word_1_120' title='bbox 952 2065 1044 2154; x_wconf 89' lang='lat' dir='ltr'><strong>hoc,</strong></span> <span class='ocrx_word' id='word_1_121' title='bbox 1065 2062 1167 2161; x_wconf 87' lang='lat' dir='ltr'><strong>quod</strong></span> <span class='ocrx_word' id='word_1_122' title='bbox 1188 2065 1280 2158; x_wconf 83' lang='lat' dir='ltr'><strong>agit,</strong></span> 
     </span>
     <span class='ocr_line' id='line_1_17' title="bbox 210 2175 1280 2275; baseline -0.007 -25"><span class='ocrx_word' id='word_1_123' title='bbox 210 2203 410 2275; x_wconf 77' lang='lat' dir='ltr'><strong>numquam</strong></span> <span class='ocrx_word' id='word_1_124' title='bbox 425 2193 508 2258; x_wconf 84' lang='lat' dir='ltr'><strong>ante</strong></span> <span class='ocrx_word' id='word_1_125' title='bbox 525 2179 733 2275; x_wconf 76' lang='lat' dir='ltr'><strong>cogitasset,</strong></span> <span class='ocrx_word' id='word_1_126' title='bbox 748 2193 869 2253; x_wconf 85' lang='lat' dir='ltr'><strong>tamen</strong></span> <span class='ocrx_word' id='word_1_127' title='bbox 883 2177 1158 2249; x_wconf 87' lang='lat' dir='ltr'><strong>latrocinantem</strong></span> <span class='ocrx_word' id='word_1_128' title='bbox 1173 2197 1211 2244; x_wconf 84' lang='lat' dir='ltr'><strong>se</strong></span> <span class='ocrx_word' id='word_1_129' title='bbox 1223 2175 1280 2242; x_wconf 92' lang='lat' dir='ltr'><strong>iu·</strong></span> 
     </span>
     <span class='ocr_line' id='line_1_18' title="bbox 208 2277 1278 2384; baseline -0.008 -26"><span class='ocrx_word' id='word_1_130' title='bbox 208 2287 325 2362; x_wconf 79' lang='lat' dir='ltr'><strong>terfici</strong></span> <span class='ocrx_word' id='word_1_131' title='bbox 340 2288 476 2372; x_wconf 79' lang='lat' dir='ltr'><strong>mallet,</strong></span> <span class='ocrx_word' id='word_1_132' title='bbox 487 2277 596 2384; x_wconf 78' lang='lat' dir='ltr'><strong>quarn</strong></span> <span class='ocrx_word' id='word_1_133' title='bbox 609 2288 768 2360; x_wconf 84' lang='lat' dir='ltr'><strong>exsulem</strong></span> <span class='ocrx_word' id='word_1_134' title='bbox 778 2291 910 2358; x_wconf 84' lang='lat' dir='ltr'><strong>rivere.</strong></span> <span class='ocrx_word' id='word_1_135' title='bbox 925 2287 1032 2355; x_wconf 89' lang='lat' dir='ltr'><strong>Nunc</strong></span> <span class='ocrx_word' id='word_1_136' title='bbox 1043 2307 1149 2369; x_wconf 81' lang='lat' dir='ltr'><strong>vero,</strong></span> <span class='ocrx_word' id='word_1_137' title='bbox 1164 2303 1278 2378; x_wconf 89' lang='lat' dir='ltr'><strong>quum</strong></span> 
     </span>
     <span class='ocr_line' id='line_1_19' title="bbox 209 2393 1276 2495; baseline -0.006 -27"><span class='ocrx_word' id='word_1_138' title='bbox 209 2399 246 2468; x_wconf 81' lang='lat' dir='ltr'><strong>ei</strong></span> <span class='ocrx_word' id='word_1_139' title='bbox 273 2397 363 2470; x_wconf 89' lang='lat' dir='ltr'><strong>nihil</strong></span> <span class='ocrx_word' id='word_1_140' title='bbox 388 2397 507 2476; x_wconf 71' lang='lat' dir='ltr'><strong>adhue</strong></span> <span class='ocrx_word' id='word_1_141' title='bbox 536 2411 666 2495; x_wconf 63' lang='lat' dir='ltr'><strong>preter</strong></span> <span class='ocrx_word' id='word_1_142' title='bbox 691 2399 806 2495; x_wconf 82' lang='lat' dir='ltr'><strong>ipsius</strong></span> <span class='ocrx_word' id='word_1_143' title='bbox 835 2395 1059 2469; x_wconf 86' lang='lat' dir='ltr'><strong>voluntatem</strong></span> <span class='ocrx_word' id='word_1_144' title='bbox 1088 2393 1276 2489; x_wconf 77' lang='lat' dir='ltr'><strong>cogitatio-</strong></span> 
     </span>
     <span class='ocr_line' id='line_1_20' title="bbox 210 2501 1279 2604; baseline -0.006 -28"><span class='ocrx_word' id='word_1_145' title='bbox 210 2529 369 2603; x_wconf 80' lang='lat' dir='ltr'><strong>nemque</strong></span> <span class='ocrx_word' id='word_1_146' title='bbox 390 2505 579 2594; x_wconf 79' lang='lat' dir='ltr'><strong>acciderit‚</strong></span> <span class='ocrx_word' id='word_1_147' title='bbox 610 2507 678 2578; x_wconf 89' lang='lat' dir='ltr'><strong>nisi</strong></span> <span class='ocrx_word' id='word_1_148' title='bbox 704 2506 807 2604; x_wconf 89' lang='lat' dir='ltr'><strong>quod</strong></span> <span class='ocrx_word' id='word_1_149' title='bbox 830 2506 919 2576; x_wconf 83' lang='lat' dir='ltr'><strong>rivis</strong></span> <span class='ocrx_word' id='word_1_150' title='bbox 942 2501 1047 2582; x_wconf 91' lang='lat' dir='ltr'><strong>nobis</strong></span> <span class='ocrx_word' id='word_1_151' title='bbox 1064 2507 1177 2574; x_wconf 86' lang='lat' dir='ltr'><strong>Roma</strong></span> <span class='ocrx_word' id='word_1_152' title='bbox 1194 2525 1279 2597; x_wconf 89' lang='lat' dir='ltr'><strong>pro-</strong></span> 
     </span>
     <span class='ocr_line' id='line_1_21' title="bbox 211 2604 1371 2715; baseline -0.006 -29"><span class='ocrx_word' id='word_1_153' title='bbox 211 2613 326 2687; x_wconf 87' lang='lat' dir='ltr'><strong>fectus</strong></span> <span class='ocrx_word' id='word_1_154' title='bbox 344 2604 420 2704; x_wconf 80' lang='lat' dir='ltr'><strong>est,</strong></span> <span class='ocrx_word' id='word_1_155' title='bbox 439 2630 608 2714; x_wconf 88' lang='lat' dir='ltr'><strong>optemus</strong></span> <span class='ocrx_word' id='word_1_156' title='bbox 629 2619 768 2715; x_wconf 83' lang='lat' dir='ltr'><strong>potius,</strong></span> <span class='ocrx_word' id='word_1_157' title='bbox 788 2629 829 2686; x_wconf 90' lang='lat' dir='ltr'><strong>ut</strong></span> <span class='ocrx_word' id='word_1_158' title='bbox 846 2627 903 2685; x_wconf 87' lang='lat' dir='ltr'><strong>eat</strong></span> <span class='ocrx_word' id='word_1_159' title='bbox 916 2615 954 2684; x_wconf 91' lang='lat' dir='ltr'><strong>iu</strong></span> <span class='ocrx_word' id='word_1_160' title='bbox 970 2613 1153 2699; x_wconf 78' lang='lat' dir='ltr'><strong>exsilium,</strong></span> <span class='ocrx_word' id='word_1_161' title='bbox 1168 2634 1277 2706; x_wconf 90' lang='lat' dir='ltr'><strong>quam</strong></span> <span class='ocrx_word' id='word_1_162' title='bbox 1363 2681 1371 2692; x_wconf 65' lang='grc'>,</span> 
     </span>
     <span class='ocr_line' id='line_1_22' title="bbox 211 2747 418 2831; baseline 0 -35"><span class='ocrx_word' id='word_1_163' title='bbox 211 2747 418 2831; x_wconf 81' lang='lat' dir='ltr'><strong>queramur.</strong></span> 
     </span>
    </p>
   </div>
   <div class='ocr_carea' id='block_1_3' title="bbox 148 2905 1385 4173">
    <p class='ocr_par' dir='ltr' id='par_1_3' title="bbox 148 2905 1275 3068">
     <span class='ocr_line' id='line_1_23' title="bbox 209 2905 1275 2988; baseline -0.008 -14"><span class='ocrx_word' id='word_1_164' title='bbox 209 2905 214 2915; x_wconf 39' lang='grc' dir='ltr'>Ι</span> <span class='ocrx_word' id='word_1_165' title='bbox 245 2927 270 2974; x_wconf 82' lang='grc'><strong>3.</strong></span> <span class='ocrx_word' id='word_1_166' title='bbox 292 2925 393 2978; x_wconf 60' lang='lat' dir='ltr'><strong>Invidia</strong></span> <span class='ocrx_word' id='word_1_167' title='bbox 412 2941 483 2977; x_wconf 81' lang='lat' dir='ltr'><strong>mea.</strong></span> <span class='ocrx_word' id='word_1_168' title='bbox 501 2925 531 2974; x_wconf 86' lang='lat' dir='ltr'><strong>ld</strong></span> <span class='ocrx_word' id='word_1_169' title='bbox 550 2936 602 2985; x_wconf 81' lang='lat' dir='ltr'><strong>est,</strong></span> <span class='ocrx_word' id='word_1_170' title='bbox 621 2925 720 2974; x_wconf 78' lang='lat' dir='ltr'><strong>inridier</strong></span> <span class='ocrx_word' id='word_1_171' title='bbox 763 2939 821 2988; x_wconf 76' lang='lat' dir='ltr'><strong>crgo</strong></span> <span class='ocrx_word' id='word_1_172' title='bbox 835 2922 913 2972; x_wconf 86' lang='lat' dir='ltr'><strong>multo</strong></span> <span class='ocrx_word' id='word_1_173' title='bbox 927 2921 1002 2986; x_wconf 78' lang='lat' dir='ltr'><strong>magia</strong></span> <span class='ocrx_word' id='word_1_174' title='bbox 1022 2937 1060 2968; x_wconf 87' lang='lat' dir='ltr'><strong>me</strong></span> <span class='ocrx_word' id='word_1_175' title='bbox 1078 2917 1275 2978; x_wconf 85' lang='lat' dir='ltr'><strong>criminarentur,</strong></span> 
     </span>
     <span class='ocr_line' id='line_1_24' title="bbox 148 3003 1041 3068; baseline -0.004 -14"><span class='ocrx_word' id='word_1_176' title='bbox 148 3025 155 3040; x_wconf 95' lang='lat'><strong>·</strong></span> <span class='ocrx_word' id='word_1_177' title='bbox 209 3021 257 3068; x_wconf 78' lang='lat' dir='ltr'><strong>qur</strong></span> <span class='ocrx_word' id='word_1_178' title='bbox 266 3021 305 3052; x_wconf 81' lang='lat' dir='ltr'><strong>me</strong></span> <span class='ocrx_word' id='word_1_179' title='bbox 312 3015 503 3068; x_wconf 75' lang='lat' dir='ltr'><strong>prosequuntur.</strong></span> <span class='ocrx_word' id='word_1_180' title='bbox 763 3004 784 3054; x_wconf 84' lang='lat' dir='ltr'><strong>si</strong></span> <span class='ocrx_word' id='word_1_181' title='bbox 795 3020 850 3055; x_wconf 78' lang='lat' dir='ltr'><strong>rum</strong></span> <span class='ocrx_word' id='word_1_182' title='bbox 859 3003 1041 3051; x_wconf 72' lang='lat' dir='ltr'><strong>interfecisseru.</strong></span> 
     </span>
    </p>

    <p class='ocr_par' dir='ltr' id='par_1_4' title="bbox 246 3074 1276 3146">
     <span class='ocr_line' id='line_1_25' title="bbox 246 3074 1276 3146; baseline -0.006 -16"><span class='ocrx_word' id='word_1_183' title='bbox 246 3091 270 3140; x_wconf 65' lang='lat' dir='ltr'><strong>A.</strong></span> <span class='ocrx_word' id='word_1_184' title='bbox 279 3083 407 3145; x_wconf 75' lang='lat' dir='ltr'><strong>Multoque</strong></span> <span class='ocrx_word' id='word_1_185' title='bbox 415 3081 494 3146; x_wconf 75' lang='lat' dir='ltr'><strong>magis</strong></span> <span class='ocrx_word' id='word_1_186' title='bbox 503 3081 566 3129; x_wconf 84' lang='lat' dir='ltr'><strong>illud</strong></span> <span class='ocrx_word' id='word_1_187' title='bbox 574 3079 653 3128; x_wconf 82' lang='lat' dir='ltr'><strong>timeo.</strong></span> <span class='ocrx_word' id='word_1_188' title='bbox 662 3079 719 3130; x_wconf 85' lang='lat' dir='ltr'><strong>Nou</strong></span> <span class='ocrx_word' id='word_1_189' title='bbox 799 3083 825 3130; x_wconf 86' lang='grc'><strong>6.</strong></span> <span class='ocrx_word' id='word_1_190' title='bbox 845 3083 998 3146; x_wconf 84' lang='lat' dir='ltr'><strong>Quamquam</strong></span> <span class='ocrx_word' id='word_1_191' title='bbox 1019 3079 1067 3129; x_wconf 82' lang='lat' dir='ltr'><strong>isti.</strong></span> <span class='ocrx_word' id='word_1_192' title='bbox 1087 3074 1213 3142; x_wconf 72' lang='lat' dir='ltr'><strong>Significat</strong></span> <span class='ocrx_word' id='word_1_193' title='bbox 1232 3075 1276 3124; x_wconf 80' lang='lat' dir='ltr'><strong>has</strong></span> 
     </span>
    </p>

    <p class='ocr_par' dir='ltr' id='par_1_5' title="bbox 210 3155 1385 3698">
     <span class='ocr_line' id='line_1_26' title="bbox 211 3155 1385 3224; baseline -0.002 -18"><span class='ocrx_word' id='word_1_194' title='bbox 211 3161 301 3220; x_wconf 76' lang='lat' dir='ltr'><strong>timeo,</strong></span> <span class='ocrx_word' id='word_1_195' title='bbox 313 3159 440 3222; x_wconf 52' lang='lat' dir='ltr'><strong>inquiens</strong></span> <span class='ocrx_word' id='word_1_196' title='bbox 453 3158 513 3212; x_wconf 74' lang='lat' dir='ltr'><strong>mihi</strong></span> <span class='ocrx_word' id='word_1_197' title='bbox 526 3156 676 3206; x_wconf 76' lang='lat' dir='ltr'><strong>invidiosum</strong></span> <span class='ocrx_word' id='word_1_198' title='bbox 689 3159 720 3222; x_wconf 73' lang='lat' dir='ltr'><strong>sit</strong></span> <span class='ocrx_word' id='word_1_199' title='bbox 763 3160 871 3224; x_wconf 78' lang='lat' dir='ltr'><strong>querelas</strong></span> <span class='ocrx_word' id='word_1_200' title='bbox 884 3176 980 3208; x_wconf 75' lang='lat' dir='ltr'><strong>manare</strong></span> <span class='ocrx_word' id='word_1_201' title='bbox 1000 3160 1030 3208; x_wconf 75' lang='lat' dir='ltr'><strong>ab</strong></span> <span class='ocrx_word' id='word_1_202' title='bbox 1051 3156 1191 3206; x_wconf 83' lang='lat' dir='ltr'><strong>homiuibus</strong></span> <span class='ocrx_word' id='word_1_203' title='bbox 1211 3155 1273 3204; x_wconf 86' lang='lat' dir='ltr'><strong>male</strong></span> <span class='ocrx_word' id='word_1_204' title='bbox 1381 3167 1385 3173; x_wconf 87' lang='grc'><em>“</em></span> 
     </span>
     <span class='ocr_line' id='line_1_27' title="bbox 211 3235 1272 3306; baseline -0.003 -21"><span class='ocrx_word' id='word_1_205' title='bbox 211 3237 279 3300; x_wconf 83' lang='lat' dir='ltr'><strong>quod</strong></span> <span class='ocrx_word' id='word_1_206' title='bbox 288 3236 415 3286; x_wconf 73' lang='lat' dir='ltr'><strong>Catilinam</strong></span> <span class='ocrx_word' id='word_1_207' title='bbox 428 3237 552 3296; x_wconf 79' lang='lat' dir='ltr'><strong>ejecerim3</strong></span> <span class='ocrx_word' id='word_1_208' title='bbox 566 3251 669 3300; x_wconf 77' lang='lat' dir='ltr'><strong>namque</strong></span> <span class='ocrx_word' id='word_1_209' title='bbox 678 3253 720 3284; x_wconf 82' lang='lat' dir='ltr'><strong>ue·</strong></span> <span class='ocrx_word' id='word_1_210' title='bbox 763 3239 856 3286; x_wconf 78' lang='lat' dir='ltr'><strong>allectis</strong></span> <span class='ocrx_word' id='word_1_211' title='bbox 869 3239 895 3287; x_wconf 89' lang='lat' dir='ltr'><strong>in</strong></span> <span class='ocrx_word' id='word_1_212' title='bbox 909 3237 1081 3306; x_wconf 74' lang='lat' dir='ltr'><strong>rempublicam</strong></span> <span class='ocrx_word' id='word_1_213' title='bbox 1093 3247 1117 3286; x_wconf 85' lang='lat' dir='ltr'><strong>et</strong></span> <span class='ocrx_word' id='word_1_214' title='bbox 1129 3251 1179 3286; x_wconf 87' lang='lat' dir='ltr'><strong>nou</strong></span> <span class='ocrx_word' id='word_1_215' title='bbox 1189 3235 1272 3283; x_wconf 82' lang='lat' dir='ltr'><strong>alicnis</strong></span> 
     </span>
     <span class='ocr_line' id='line_1_28' title="bbox 211 3303 1152 3381; baseline 0.003 -18"><span class='ocrx_word' id='word_1_216' title='bbox 211 3317 342 3379; x_wconf 79' lang='lat' dir='ltr'><strong>queejeci,</strong></span> <span class='ocrx_word' id='word_1_217' title='bbox 355 3317 553 3381; x_wconf 63' lang='lat' dir='ltr'><strong>etsiriccissem,</strong></span> <span class='ocrx_word' id='word_1_218' title='bbox 567 3315 719 3380; x_wconf 78' lang='lat' dir='ltr'><strong>desperatum</strong></span> <span class='ocrx_word' id='word_1_219' title='bbox 764 3317 965 3378; x_wconf 76' lang='lat' dir='ltr'><strong>acoujuretioue.</strong></span> <span class='ocrx_word' id='word_1_220' title='bbox 1149 3303 1152 3312; x_wconf 49' lang='grc'>’</span> 
     </span>
     <span class='ocr_line' id='line_1_29' title="bbox 210 3383 1273 3461; baseline -0.006 -16"><span class='ocrx_word' id='word_1_221' title='bbox 210 3409 239 3445; x_wconf 74' lang='grc' dir='ltr'><strong>,ιο</strong></span> <span class='ocrx_word' id='word_1_222' title='bbox 250 3396 369 3448; x_wconf 70' lang='lat' dir='ltr'><strong>uerutum</strong></span> <span class='ocrx_word' id='word_1_223' title='bbox 386 3397 509 3449; x_wconf 80' lang='lat' dir='ltr'><strong>hominem</strong></span> <span class='ocrx_word' id='word_1_224' title='bbox 526 3394 663 3457; x_wconf 67' lang='lat' dir='ltr'><strong>ejecimem</strong></span> <span class='ocrx_word' id='word_1_225' title='bbox 676 3396 720 3443; x_wconf 79' lang='lat' dir='ltr'><strong>sed</strong></span> <span class='ocrx_word' id='word_1_226' title='bbox 800 3413 824 3458; x_wconf 84' lang='lat'><strong>7.</strong></span> <span class='ocrx_word' id='word_1_227' title='bbox 845 3398 925 3461; x_wconf 85' lang='lat' dir='ltr'><strong>Quam</strong></span> <span class='ocrx_word' id='word_1_228' title='bbox 943 3383 1064 3444; x_wconf 74' lang='lat' dir='ltr'><strong>verenmr.</strong></span> <span class='ocrx_word' id='word_1_229' title='bbox 1082 3396 1191 3460; x_wconf 84' lang='lat' dir='ltr'><strong>Cupiunt</strong></span> <span class='ocrx_word' id='word_1_230' title='bbox 1208 3392 1273 3440; x_wconf 85' lang='lat' dir='ltr'><strong>enirn</strong></span> 
     </span>
     <span class='ocr_line' id='line_1_30' title="bbox 210 3469 1272 3540; baseline -0.001 -21"><span class='ocrx_word' id='word_1_231' title='bbox 210 3475 272 3524; x_wconf 87' lang='lat' dir='ltr'><strong>illud</strong></span> <span class='ocrx_word' id='word_1_232' title='bbox 281 3486 364 3528; x_wconf 79' lang='lat' dir='ltr'><strong>metuo</strong></span> <span class='ocrx_word' id='word_1_233' title='bbox 376 3493 408 3524; x_wconf 85' lang='lat' dir='ltr'><strong>ue</strong></span> <span class='ocrx_word' id='word_1_234' title='bbox 417 3477 477 3533; x_wconf 78' lang='lat' dir='ltr'><strong>milri</strong></span> <span class='ocrx_word' id='word_1_235' title='bbox 486 3475 585 3524; x_wconf 80' lang='lat' dir='ltr'><strong>inridiae</strong></span> <span class='ocrx_word' id='word_1_236' title='bbox 594 3476 624 3522; x_wconf 83' lang='lat' dir='ltr'><strong>sit</strong></span> <span class='ocrx_word' id='word_1_237' title='bbox 631 3509 639 3536; x_wconf 92' lang='lat'><strong>,</strong></span> <span class='ocrx_word' id='word_1_238' title='bbox 652 3475 720 3539; x_wconf 87' lang='lat' dir='ltr'><strong>quod</strong></span> <span class='ocrx_word' id='word_1_239' title='bbox 763 3491 818 3524; x_wconf 84' lang='lat' dir='ltr'><strong>eum</strong></span> <span class='ocrx_word' id='word_1_240' title='bbox 831 3491 903 3540; x_wconf 78' lang='lat' dir='ltr'><strong>quam</strong></span> <span class='ocrx_word' id='word_1_241' title='bbox 922 3477 1025 3540; x_wconf 86' lang='lat' dir='ltr'><strong>primum</strong></span> <span class='ocrx_word' id='word_1_242' title='bbox 1041 3490 1097 3523; x_wconf 89' lang='lat' dir='ltr'><strong>cum</strong></span> <span class='ocrx_word' id='word_1_243' title='bbox 1115 3471 1223 3522; x_wconf 79' lang='lat' dir='ltr'><strong>exercitu</strong></span> <span class='ocrx_word' id='word_1_244' title='bbox 1241 3469 1272 3518; x_wconf 80' lang='lat' dir='ltr'><strong>nd</strong></span> 
     </span>
     <span class='ocr_line' id='line_1_31' title="bbox 211 3554 1273 3622; baseline -0.006 -19"><span class='ocrx_word' id='word_1_245' title='bbox 211 3557 404 3616; x_wconf 78' lang='lat' dir='ltr'><strong>eumemirerim,</strong></span> <span class='ocrx_word' id='word_1_246' title='bbox 413 3573 484 3620; x_wconf 68' lang='lat' dir='ltr'><strong>quem</strong></span> <span class='ocrx_word' id='word_1_247' title='bbox 492 3572 587 3606; x_wconf 80' lang='lat' dir='ltr'><strong>summu</strong></span> <span class='ocrx_word' id='word_1_248' title='bbox 597 3556 719 3622; x_wconf 81' lang='lat' dir='ltr'><strong>supplicio</strong></span> <span class='ocrx_word' id='word_1_249' title='bbox 763 3555 847 3614; x_wconf 81' lang='lat' dir='ltr'><strong>urbem</strong></span> <span class='ocrx_word' id='word_1_250' title='bbox 859 3554 987 3620; x_wconf 83' lang='lat' dir='ltr'><strong>accedere,</strong></span> <span class='ocrx_word' id='word_1_251' title='bbox 998 3567 1022 3603; x_wconf 79' lang='lat' dir='ltr'><strong>et</strong></span> <span class='ocrx_word' id='word_1_252' title='bbox 1032 3563 1156 3612; x_wconf 81' lang='lat' dir='ltr'><strong>metuunt,</strong></span> <span class='ocrx_word' id='word_1_253' title='bbox 1169 3569 1201 3599; x_wconf 82' lang='lat' dir='ltr'><strong>ue</strong></span> <span class='ocrx_word' id='word_1_254' title='bbox 1212 3567 1273 3600; x_wconf 83' lang='lat' dir='ltr'><strong>cou-</strong></span> 
     </span>
     <span class='ocr_line' id='line_1_32' title="bbox 211 3623 1149 3698; baseline 0.001 -16"><span class='ocrx_word' id='word_1_255' title='bbox 211 3632 307 3682; x_wconf 76' lang='lat' dir='ltr'><strong>nfficere</strong></span> <span class='ocrx_word' id='word_1_256' title='bbox 317 3635 458 3698; x_wconf 64' lang='lat' dir='ltr'><strong>debueram,</strong></span> <span class='ocrx_word' id='word_1_257' title='bbox 762 3635 843 3682; x_wconf 82' lang='lat' dir='ltr'><strong>silium</strong></span> <span class='ocrx_word' id='word_1_258' title='bbox 857 3644 942 3684; x_wconf 80' lang='lat' dir='ltr'><strong>mutet.</strong></span> <span class='ocrx_word' id='word_1_259' title='bbox 1146 3623 1149 3630; x_wconf 56' lang='grc'><strong>’</strong></span> 
     </span>
    </p>

    <p class='ocr_par' dir='ltr' id='par_1_6' title="bbox 211 3697 1332 4016">
     <span class='ocr_line' id='line_1_33' title="bbox 247 3697 1332 3778; baseline -0.006 -18"><span class='ocrx_word' id='word_1_260' title='bbox 247 3713 273 3761; x_wconf 84' lang='grc'><strong>5.</strong></span> <span class='ocrx_word' id='word_1_261' title='bbox 293 3714 341 3761; x_wconf 69' lang='lat' dir='ltr'><strong>Sed</strong></span> <span class='ocrx_word' id='word_1_262' title='bbox 354 3731 429 3778; x_wconf 78' lang='lat' dir='ltr'><strong>quum</strong></span> <span class='ocrx_word' id='word_1_263' title='bbox 447 3715 496 3773; x_wconf 75' lang='lat' dir='ltr'><strong>siut</strong></span> <span class='ocrx_word' id='word_1_264' title='bbox 508 3713 626 3764; x_wconf 74' lang='lat' dir='ltr'><strong>hornines.</strong></span> <span class='ocrx_word' id='word_1_265' title='bbox 645 3713 720 3763; x_wconf 82' lang='lat' dir='ltr'><strong>Redit</strong></span> <span class='ocrx_word' id='word_1_266' title='bbox 800 3715 824 3760; x_wconf 82' lang='lat'><strong>8.</strong></span> <span class='ocrx_word' id='word_1_267' title='bbox 839 3713 899 3762; x_wconf 81' lang='lat' dir='ltr'><strong>Tam</strong></span> <span class='ocrx_word' id='word_1_268' title='bbox 912 3711 1052 3761; x_wconf 66' lang='lat' dir='ltr'><strong>meiericors.</strong></span> <span class='ocrx_word' id='word_1_269' title='bbox 1063 3707 1198 3774; x_wconf 76' lang='lat' dir='ltr'><strong>Fingebam</strong></span> <span class='ocrx_word' id='word_1_270' title='bbox 1210 3707 1275 3754; x_wconf 85' lang='lat' dir='ltr'><strong>enirn</strong></span> <span class='ocrx_word' id='word_1_271' title='bbox 1313 3697 1332 3736; x_wconf 47' lang='grc' dir='ltr'><strong><em>Ἀ</em></strong></span> 
     </span>
     <span class='ocr_line' id='line_1_34' title="bbox 211 3789 1274 3858; baseline -0.008 -18"><span class='ocrx_word' id='word_1_272' title='bbox 211 3789 243 3840; x_wconf 78' lang='lat' dir='ltr'><strong>ad</strong></span> <span class='ocrx_word' id='word_1_273' title='bbox 255 3789 317 3840; x_wconf 84' lang='lat' dir='ltr'><strong>illutl</strong></span> <span class='ocrx_word' id='word_1_274' title='bbox 330 3793 397 3856; x_wconf 83' lang='lat' dir='ltr'><strong>quod</strong></span> <span class='ocrx_word' id='word_1_275' title='bbox 408 3794 480 3845; x_wconf 69' lang='lat' dir='ltr'><strong>tutio</strong></span> <span class='ocrx_word' id='word_1_276' title='bbox 492 3803 661 3858; x_wconf 73' lang='lat' dir='ltr'><strong>proposuerat,</strong></span> <span class='ocrx_word' id='word_1_277' title='bbox 675 3809 720 3840; x_wconf 85' lang='lat' dir='ltr'><strong>cur</strong></span> <span class='ocrx_word' id='word_1_278' title='bbox 763 3808 789 3840; x_wconf 79' lang='lat' dir='ltr'><strong>se</strong></span> <span class='ocrx_word' id='word_1_279' title='bbox 801 3793 907 3840; x_wconf 79' lang='lat' dir='ltr'><strong>miserari</strong></span> <span class='ocrx_word' id='word_1_280' title='bbox 921 3791 1032 3842; x_wconf 74' lang='lat' dir='ltr'><strong>Catilinae</strong></span> <span class='ocrx_word' id='word_1_281' title='bbox 1043 3806 1123 3838; x_wconf 77' lang='lat' dir='ltr'><strong>casum</strong></span> <span class='ocrx_word' id='word_1_282' title='bbox 1129 3822 1138 3848; x_wconf 90' lang='lat'><strong>,</strong></span> <span class='ocrx_word' id='word_1_283' title='bbox 1153 3797 1274 3850; x_wconf 82' lang='lat' dir='ltr'><strong>tamquam</strong></span> 
     </span>
     <span class='ocr_line' id='line_1_35' title="bbox 211 3863 1273 3936; baseline -0.006 -18"><span class='ocrx_word' id='word_1_284' title='bbox 211 3869 339 3918; x_wconf 77' lang='lat' dir='ltr'><strong>Catilinam</strong></span> <span class='ocrx_word' id='word_1_285' title='bbox 355 3887 407 3920; x_wconf 87' lang='lat' dir='ltr'><strong>nou</strong></span> <span class='ocrx_word' id='word_1_286' title='bbox 421 3869 579 3930; x_wconf 79' lang='lat' dir='ltr'><strong>interficeret,</strong></span> <span class='ocrx_word' id='word_1_287' title='bbox 593 3887 721 3936; x_wconf 74' lang='lat' dir='ltr'><strong>argumen-</strong></span> <span class='ocrx_word' id='word_1_288' title='bbox 764 3871 851 3932; x_wconf 81' lang='lat' dir='ltr'><strong>injuria</strong></span> <span class='ocrx_word' id='word_1_289' title='bbox 870 3870 956 3932; x_wconf 74' lang='lat' dir='ltr'><strong>ejccfi,</strong></span> <span class='ocrx_word' id='word_1_290' title='bbox 974 3881 998 3917; x_wconf 81' lang='lat' dir='ltr'><strong>et</strong></span> <span class='ocrx_word' id='word_1_291' title='bbox 1017 3867 1138 3915; x_wconf 77' lang='lat' dir='ltr'><strong>insulsam</strong></span> <span class='ocrx_word' id='word_1_292' title='bbox 1157 3863 1273 3912; x_wconf 86' lang='lat' dir='ltr'><strong>iuvidiam</strong></span> 
     </span>
     <span class='ocr_line' id='line_1_36' title="bbox 212 3950 854 4016; baseline -0.003 -16"><span class='ocrx_word' id='word_1_293' title='bbox 212 3959 323 4013; x_wconf 78' lang='lat' dir='ltr'><strong>taturqne</strong></span> <span class='ocrx_word' id='word_1_294' title='bbox 341 3951 458 3998; x_wconf 77' lang='lat' dir='ltr'><strong>amium-i</strong></span> <span class='ocrx_word' id='word_1_295' title='bbox 473 3951 521 3998; x_wconf 81' lang='lat' dir='ltr'><strong>hoc</strong></span> <span class='ocrx_word' id='word_1_296' title='bbox 539 3951 613 4000; x_wconf 84' lang='lat' dir='ltr'><strong>modo</strong></span> <span class='ocrx_word' id='word_1_297' title='bbox 625 3967 631 3998; x_wconf 89' lang='lat'>:</span> <span class='ocrx_word' id='word_1_298' title='bbox 645 3967 721 4016; x_wconf 86' lang='lat' dir='ltr'><strong>quum</strong></span> <span class='ocrx_word' id='word_1_299' title='bbox 763 3950 854 4000; x_wconf 80' lang='lat' dir='ltr'><strong>uocati.</strong></span> 
     </span>
    </p>

    <p class='ocr_par' dir='ltr' id='par_1_7' title="bbox 213 4025 1274 4173">
     <span class='ocr_line' id='line_1_37' title="bbox 213 4025 1274 4096; baseline -0.008 -18"><span class='ocrx_word' id='word_1_300' title='bbox 213 4025 317 4078; x_wconf 73' lang='lat' dir='ltr'><strong>Catilina</strong></span> <span class='ocrx_word' id='word_1_301' title='bbox 335 4046 366 4080; x_wconf 74' lang='lat' dir='ltr'><strong>ex</strong></span> <span class='ocrx_word' id='word_1_302' title='bbox 382 4029 443 4078; x_wconf 82' lang='lat' dir='ltr'><strong>urbe</strong></span> <span class='ocrx_word' id='word_1_303' title='bbox 458 4029 582 4096; x_wconf 80' lang='lat' dir='ltr'><strong>profectus</strong></span> <span class='ocrx_word' id='word_1_304' title='bbox 599 4031 646 4093; x_wconf 84' lang='lat' dir='ltr'><strong>sit,</strong></span> <span class='ocrx_word' id='word_1_305' title='bbox 662 4031 723 4078; x_wconf 87' lang='lat' dir='ltr'><strong>mihi</strong></span> <span class='ocrx_word' id='word_1_306' title='bbox 800 4045 826 4094; x_wconf 82' lang='lat'><strong>9.</strong></span> <span class='ocrx_word' id='word_1_307' title='bbox 839 4028 885 4077; x_wconf 83' lang='lat' dir='ltr'><strong>Ille</strong></span> <span class='ocrx_word' id='word_1_308' title='bbox 898 4038 986 4076; x_wconf 75' lang='lat' dir='ltr'><strong>aretem.</strong></span> <span class='ocrx_word' id='word_1_309' title='bbox 1004 4029 1180 4089; x_wconf 77' lang='lat' dir='ltr'><strong>Argumentum</strong></span> <span class='ocrx_word' id='word_1_310' title='bbox 1199 4025 1274 4072; x_wconf 84' lang='lat' dir='ltr'><strong>ami·</strong></span> 
     </span>
     <span class='ocr_line' id='line_1_38' title="bbox 213 4107 835 4173; baseline 0.003 -21"><span class='ocrx_word' id='word_1_311' title='bbox 213 4107 307 4156; x_wconf 86' lang='lat' dir='ltr'><strong>crimini</strong></span> <span class='ocrx_word' id='word_1_312' title='bbox 323 4120 434 4167; x_wconf 79' lang='lat' dir='ltr'><strong>vertunt,</strong></span> <span class='ocrx_word' id='word_1_313' title='bbox 450 4109 518 4173; x_wconf 77' lang='lat' dir='ltr'><strong>quasi</strong></span> <span class='ocrx_word' id='word_1_314' title='bbox 535 4125 589 4158; x_wconf 82' lang='lat' dir='ltr'><strong>eum</strong></span> <span class='ocrx_word' id='word_1_315' title='bbox 604 4109 724 4172; x_wconf 77' lang='lat' dir='ltr'><strong>ejecerim,</strong></span> <span class='ocrx_word' id='word_1_316' title='bbox 767 4121 835 4156; x_wconf 83' lang='lat' dir='ltr'><strong>nora.</strong></span> 
     </span>
    </p>
   </div>
   <div class='ocr_carea' id='block_1_4' title="bbox 0 0 1518 4664">
    <p class='ocr_par' dir='ltr' id='par_1_8' title="bbox 0 0 1518 4664">
     <span class='ocr_line' id='line_1_39' title="bbox 0 0 1518 4664; baseline 0 0"><span class='ocrx_word' id='word_1_317' title='bbox 0 0 1518 4664; x_wconf 95' lang='lat' dir='ltr'><strong> </strong></span> 
     </span>
    </p>
   </div>
  </div>
 </body>
</html>
