3026 4680
336 497 339 502 Α
416 407 611 478 ORATIO
634 406 737 475 PRO
760 403 1056 477 uttURENA.
1197 407 1267 484 525

203 543 331 602 testate
363 527 555 598 mulierum
586 525 870 596 continerentur.
902 528 1008 597 Sacra
1040 528 1185 603 interire
1214 533 1268 605 illi

203 642 424 713 noluerunt:
444 637 577 708 horum
595 637 742 733 ingenio
764 657 867 706 senes
889 634 935 706 ad
953 641 1199 736 coemptiones
1214 642 1268 716 sa-

204 750 347 824 ciendas
363 749 407 839 ¹⁴,
425 746 751 819 interimendorum
775 768 960 817 sacrorum
982 771 1107 836 causa,
1135 759 1269 849 reperti

204 875 301 934 suut.
318 864 361 931 Iu
382 859 485 931 omni
504 858 663 955 denique
679 855 761 951 jure
780 855 874 927 civili
892 857 1096 953 nequitatem
1113 860 1269 961 relique-

204 983 311 1058 runt,
338 968 449 1040 verba
466 969 543 1065 ipsa
560 980 781 1039 tennerunt:
808 981 869 1054 ut,
888 967 974 1063 quia
990 969 1029 1037 in
1052 969 1203 1068 alicujus
1225 973 1269 1046 li-

204 1080 297 1168 bris,
315 1078 472 1178 exempli
486 1101 610 1165 causa,
628 1075 664 1148 id
679 1100 815 1146 nomeu
829 1077 1062 1165 invenerant,
1080 1095 1269 1178 putarunt,

204 1215 331 1263 ornnes
350 1185 570 1276 mulieres¹⁵,
589 1211 669 1285 quae
688 1187 958 1284 coemptionem
980 1183 1155 1280 facerent,
1170 1194 1271 1267 Caias

205 1302 337 1372 vocari.
362 1305 441 1370 lam
469 1295 559 1368 illud
587 1296 676 1366 mihi
699 1294 845 1393 quidem
873 1296 1006 1365 mirum
1030 1295 1144 1370 videri
1160 1302 1272 1394 solet,

207 1424 263 1482 tot
294 1409 483 1495 homines,
512 1421 586 1476 tum
612 1407 837 1503 ingeniosos,
863 1428 930 1504 per
955 1418 1010 1475 tot
1030 1429 1144 1478 annos
1165 1412 1272 1483 etiam

207 1543 307 1591 nuuc
328 1531 485 1590 statuere
505 1538 582 1587 non
601 1515 760 1614 potuisse
772 1510 816 1602 ¹⁶,
839 1527 964 1585 utrum
990 1512 1086 1586 diem
1106 1519 1271 1613 tertium,

207 1691 325 1758 eligendh
336 1691 371 1739 ite
379 1689 542 1750 utisillemrn
552 1686 652 1736 erbitrio
661 1703 719 1736 con·
762 1687 813 1734 sive
831 1701 888 1745 res,
906 1699 962 1748 que
981 1686 1105 1735 cusentin
1122 1687 1271 1752 hereditate,

208 1772 307 1821 stitutus
325 1785 434 1818 severum
453 1783 505 1817 nou
520 1766 632 1815 indueret
646 1767 720 1816 Crto·
763 1763 847 1812 eibish
857 1774 966 1828 emptore
974 1763 1271 1832 hmilieeedetipuhreme,

207 1865 282 1910 uem,
294 1849 413 1898 tutoriere
426 1847 597 1912 supercilium,
609 1845 720 1910 peucine
763 1857 792 1891 tc
810 1843 897 1892 deiude
914 1859 946 1890 ex
962 1843 1119 1907 stipulatione
1135 1847 1271 1914 reciperet:

207 1930 321 1995 rigorem.
334 1931 425 1976 Lusec.
764 1937 814 1987 quo
830 1919 920 1981 hehet,
933 1933 962 1971 ut
978 1933 1058 1972 totum
1074 1940 1198 1976 umorum
1211 1943 1275 1978 onus

246 2016 287 2064 ιι.
320 2005 364 2054 Ad
391 2001 551 2068 coemptiones
575 2000 720 2068 faciendas.
763 2011 871 2049 meneret
885 2001 951 2065 epud
964 2001 1131 2067 imegiuerium
1143 2005 1272 2072 heredem,

207 2089 291 2150 Quum
303 2085 384 2132 nullus
392 2082 424 2131 sit
433 2082 459 2130 iu
471 2091 522 2130 tote
532 2081 642 2130 cretione
651 2081 720 2130 locus
763 2081 860 2130 semilite
872 2082 1020 2146 mancipem.
1036 2083 1079 2147 qui
1092 2084 1192 2148 quidem
1205 2086 1275 2135 edhi-

208 2166 252 2230 qui
265 2174 304 2214 tot
317 2160 495 2212 controversiae
509 2161 634 2226 genuerit,
650 2161 721 2208 usin
764 2160 829 2208 bitus
840 2172 893 2210 eret
907 2177 982 2209 senex
993 2161 1081 2221 orbus,
1097 2164 1231 2227 copuleris,
1250 2177 1275 2216 et

208 2245 308 2292 nimium
316 2242 405 2290 molem
415 2252 525 2290 crescent
535 2241 588 2300 hae,
598 2255 720 2303 quocum·
764 2237 795 2288 de
803 2238 892 2286 herode
900 2240 946 2286 sihi
958 2239 1040 2288 futuro
1049 2257 1135 2306 perum
1143 2243 1275 2304 sollicitus,

209 2340 258 2387 que
271 2333 341 2381 suut,
354 2321 464 2377 notulae,
477 2320 535 2368 retis
549 2319 594 2368 erit
606 2318 722 2384 explent·
764 2319 807 2382 qui
825 2330 889 2367 certe
903 2320 1005 2384 pecunie
1018 2318 1049 2366 ed
1064 2319 1197 2385 impensem
1212 2321 1275 2371 tole-

211 2403 304 2451 tionem
315 2401 400 2448 efferre
413 2414 468 2462 quse
477 2399 581 2446 mexime
594 2397 721 2462 probende
764 2396 864 2445 reudem
890 2409 1002 2462 recepte,
1029 2408 1054 2446 et
1076 2399 1166 2448 lucello
1191 2400 1275 2465 aliquo
1310 2409 1313 2416 ’

210 2478 327 2528 ridetur:
347 2499 359 2520 ι
369 2478 403 2524 Ut
416 2475 511 2540 iteque,
527 2477 562 2524 eit
579 2476 721 2534 Corradus,
764 2475 909 2540 adspersu,
921 2493 988 2524 secte
1002 2478 1122 2526 teetetorie
1134 2479 1273 2540 semilierit,

212 2557 291 2607 missis
298 2556 457 2616 conjecturis,
466 2555 620 2603 verisimilem
630 2556 665 2602 rei
673 2565 722 2602 tem
764 2571 847 2603 eccum
855 2555 1180 2614 interiture,adminietreret
1188 2581 1209 2606 ι.
1220 2563 1257 2610 ln.

213 2637 324 2686 obscures
347 2633 531 2699 explicationem
553 2650 721 2699 esseanumr,
803 2631 843 2681 15.
855 2637 945 2682 Omnes
953 2633 1072 2684 mulieres.
1080 2637 1187 2686 Noverit
1197 2649 1276 2688 temen

212 2715 352 2774 ridemus,
361 2714 422 2778 quid
428 2715 496 2763 JCtie
505 2714 625 2778 egendum
636 2713 722 2772 luerit,
753 2779 756 2782 Ι
766 2710 852 2761 Cicero
863 2729 974 2775 quoenem
992 2713 1023 2760 de
1036 2713 1109 2774 hujus
1120 2717 1277 2766 consuetudi-

212 2805 252 2856 ut,
264 2795 332 2843 selvo
337 2795 392 2855 jure
400 2791 545 2857 pontificio,
558 2793 624 2840 bone
635 2792 722 2840 delun-
765 2790 804 2837 nie
815 2791 922 2849 ratione,
932 2807 1005 2854 quem
1014 2793 1129 2857 temporis
1137 2795 1186 2854 iem
1194 2797 1277 2846 ebole-

213 2874 248 2924 cti
260 2871 438 2938 petriefsmiliee
449 2872 500 2919 sine
513 2888 637 2920 secrorum
649 2887 723 2920 onere
766 2877 834 2915 reret
842 2867 986 2931 antiquitis,
996 2885 1039 2917 sce
1048 2882 1118 2920 crete
1127 2871 1278 2938 dieputemut

212 2961 315 3017 possent
339 2949 372 2997 ed
396 2948 509 2996 heredem
536 2948 681 3012 pervenire;
698 2958 723 2996 et
766 2945 814 2994 viri
826 2945 924 2995 eruditi.
937 2947 1035 3009 Quanto
1048 2951 1152 3008 rectius,
1165 2962 1189 2999 et
1201 2955 1278 3018 megin

213 3038 314 3094 eppuret
328 3025 502 3074 inveniendum
519 3027 593 3074 luisse
609 3026 723 3083 modum,
766 3025 870 3088 ingenue
879 3023 1020 3074 Plutarchus
1032 3027 1099 3075 illius
1109 3031 1216 3079 nominis
1227 3036 1277 3098 pri-

213 3124 266 3174 quo
275 3108 341 3155 hone
354 3105 386 3154 ed
397 3103 510 3152 heredem
519 3104 659 3152 viderentur
667 3121 724 3168 per·
768 3119 830 3151 mem
837 3103 956 3167 originem
962 3104 1084 3168 exploret:
1093 3101 1173 3165 Τοῖςδι
1181 3107 1278 3180 ὀνόμασι

215 3189 297 3237 venire
324 3195 402 3234 morte
430 3184 559 3233 testntoris.
583 3186 639 3232 Hoc
666 3197 724 3230 vero
768 3179 962 3245 roirotcss'dt'oe,
979 3179 1277 3258 Poidfflucxlxpmm

215 3265 348 3316 commenti
365 3278 441 3328 genus
456 3262 541 3324 utique
560 3259 725 3326 procedebat,
768 3260 851 3317 κοινοῖς
866 3255 944 3321 οὖσιν,
957 3258 1036 3330 ὦοπορ
1052 3263 1074 3314 ol
1088 3265 1178 3334 νομικοὶ
1194 3269 1278 3334 Γάῖον,

214 3344 335 3410 siquidem
347 3344 373 3390 in
391 3351 516 3408 porterum
528 3339 589 3387 elius
602 3348 627 3386 et
639 3341 670 3387 eb
682 3341 725 3390 he·
769 3337 835 3393 Σῆῑον
848 3336 890 3389 καὶ
904 3339 1000 3390 Λούκιον
1015 3341 1104 3405 Τίτιον,
1117 3345 1158 3397 καὶ
1177 3349 1199 3400 el
1211 3350 1277 3416 φιλό.

216 3425 280 3474 redis
306 3437 411 3490 penum
437 3420 546 3468 diversus
570 3419 725 3468 adhiberetur
769 3435 837 3485 οοφοι
857 3418 933 3469 Δίωνα
950 3416 992 3470 καὶ
1012 3423 1097 3473 Θέωνα
1115 3427 1279 3498 παραλαμςά.

216 3504 313 3552 familie
333 3513 443 3567 emptum
464 3501 485 3548 ie
507 3497 569 3546 dicis
595 3515 678 3560 οοοιο,
701 3509 726 3546 et
767 3514 840 3548 νουοι.
855 3500 1199 3566 Quaest.1tom.11,271.1n.

216 3583 300 3632 eddite
316 3581 461 3646 secrelege‚
476 3577 576 3638 utille,
590 3579 671 3643 quiin
688 3587 725 3624 ta·
807 3579 849 3628 16.
880 3582 988 3628 Sternere
1013 3598 1063 3630 non
1083 3584 1195 3646 potuisse.
1220 3589 1279 3638 Non

217 3661 281 3710 bulis
290 3660 377 3710 eleusis
388 3661 493 3724 scn‘ptue
505 3668 578 3714 esset,
592 3657 658 3705 boue
668 3671 726 3704 cou-
769 3657 899 3705 eccnsendi
906 3659 975 3718 JCti,
984 3677 1068 3708 verum
1077 3662 1125 3710 illue
1133 3665 1183 3712 xit
1192 3665 1280 3716 tehulae

218 3752 367 3804 sequeretur,
381 3739 538 3786 hereditetem
557 3753 605 3785 aere
624 3747 650 3784 et
665 3735 726 3784 libre
770 3752 831 3799 ques
852 3753 896 3800 per
918 3737 997 3786 Creesi
1020 3755 1148 3802 persam
1171 3746 1279 3796 omnim

219 3815 731 3882 sibicompereret.Adhunct'smilitemeu.
775 3814 977 3880 philosophorum
994 3817 1063 3866 libris
1079 3836 1108 3867 ec
1127 3821 1284 3875 bibliothecis
1316 3849 1320 3860 ι

220 3897 299 3960 cipem
323 3909 399 3959 quum
421 3893 487 3941 boue
508 3896 629 3942 tentatorie
653 3904 732 3942 morte
775 3895 871 3957 prtet'ert
881 3895 977 3945 Cicero.
987 3895 1025 3944 lbi
1033 3899 1169 3964 repetiuit:
1184 3904 1212 3950 81
1220 3921 1285 3964 curn

220 3975 400 4041 pervenissent,
414 3984 525 4021 suctores
538 3984 605 4020 erent
618 3973 691 4034 scri,
702 3983 731 4020 ut
775 3989 865 4020 noscet
874 3989 940 4020 ruer
949 3989 1284 4035 usure,suu1crnerreorr

221 4055 289 4103 heres
302 4053 328 4101 iu
342 4051 432 4101 tubulis
449 4052 567 4116 scriptus,
586 4051 607 4099 si
622 4052 730 4101 molestie
775 4067 872 4114 trove,
887 4066 919 4100 ro
936 4067 980 4100 um
997 4070 1120 4103 urrerem
1133 4074 1207 4119 rem
1221 4073 1245 4110 et
1258 4063 1284 4111 iu

221 4149 344 4182 recrorum
361 4129 479 4193 adstringi
494 4130 585 4189 nollet,
603 4133 730 4194 pecuniam
775 4131 820 4177 elie
831 4129 956 4190 tebule,s1
967 4149 1049 4183 sunrx
1058 4149 1212 4200 tremere,
1224 4154 1269 4192 etc.
