3020 4668
248 337 317 422 314
568 341 616 410 Μ.
643 341 681 408 Τ.
708 341 988 412 CICERONIS

248 458 473 532 contendent
490 459 513 528 :''
526 459 695 548 Labicos,
724 461 927 550 Fidenasu,
955 461 1159 550 Collatiam,
1189 464 1314 560 ipsum

250 569 370 641 hercle
383 569 606 655 Iunonium,
624 573 797 659 Ariciam,
816 571 1031 661 Tusculum,
1051 597 1135 646 cum
1149 571 1315 662 Calibus,

248 682 388 768 Teano,
402 679 575 778 Neapoli,
592 681 768 770 Puteolis,
783 685 923 772 Cumis,
945 685 1142 783 Pompeiis,
1157 688 1317 756 Nuceria

246 787 519 887 comparabunt.
546 789 689 880 Quibus
711 791 763 863 illi
787 791 896 864 rebus
917 793 1001 864 elati
1022 805 1058 864 et
1076 793 1214 880 inflati,
1234 791 1314 863 for-

249 901 343 972 tasse
359 923 436 970 non
457 902 650 990 continuo,
673 901 736 973 sed
753 918 867 991 certe,
885 905 914 974 si
930 903 1089 1002 paullum
1107 922 1315 1000 assumpse-

246 1010 321 1079 rint
350 1009 597 1082 vestustatis¹⁵
628 1036 669 1084 ac
700 1011 862 1100 roboris,
892 1039 968 1086 non
998 1011 1310 1085 continebuntur:

246 1118 525 1216 progredientur
550 1120 714 1220 longius,
738 1120 947 1196 efferentur.
975 1123 1172 1218 Singularis
1199 1122 1313 1194 homo

246 1231 428 1328 privatus,
456 1235 524 1334 uisi
555 1257 684 1331 magna
716 1235 889 1330 sapientia
922 1233 1109 1330 prtcditus,
1132 1237 1193 1303 vix
1210 1230 1314 1304 facile

247 1363 323 1412 sese
338 1341 547 1439 regionibus
562 1341 593 1388 ¹⁶
607 1342 736 1432 officii,
752 1345 890 1441 magnis
903 1345 942 1415 in
959 1342 1114 1415 fortunis
1128 1358 1163 1414 et
1178 1345 1311 1440 copiis,

245 1453 437 1522 continet:
467 1452 602 1524 nedum
633 1453 713 1542 isti,
746 1453 793 1524 ab
821 1453 928 1526 Rullo
956 1467 993 1524 et
1017 1453 1112 1524 Rulli
1134 1451 1313 1524 similibus

245 1561 437 1657 conquisiti
448 1572 478 1618 ¹⁷
496 1577 605 1660 atque
622 1563 727 1636 electi
740 1563 879 1652 coloni,
900 1567 1051 1662 Capuae,
1068 1567 1106 1632 in
1126 1560 1312 1632 domicilio

245 1669 443 1768 superbire,
475 1687 585 1770 atque
614 1678 651 1743 in
681 1673 828 1746 sedibus
852 1673 1001 1744 luxoriae
1028 1671 1213 1756 collocati,
1234 1693 1312 1741 non

246 1781 366 1850 statim
389 1785 631 1880 conquisituri
655 1789 727 1856 sint
752 1783 888 1881 aliquid
913 1777 1097 1854 sceleris¹⁸
1116 1796 1155 1853 et
1173 1780 1308 1878 flagitii.

245 1891 326 1960 Imo
346 1914 432 1962 vero
449 1894 554 1963 etiam
570 1893 641 1964 hoc
660 1896 795 1992 magis,
819 1919 927 1990 quam
951 1894 1002 1964 illi
1021 1908 1162 1965 veteres
1176 1915 1312 1989 germa-

245 2001 358 2097 nique
370 2008 403 2060 Ι9
424 2006 616 2101 Campani,
634 2003 735 2101 quod
755 2007 792 2074 in
806 2019 927 2076 vetere
948 2002 1096 2075 fortuna
1112 2003 1193 2074 illos
1207 2017 1310 2073 natos

245 2125 285 2181 et
307 2109 500 2198 educatos,
524 2116 641 2185 nimios
668 2124 832 2186 tamen²⁰
858 2137 980 2204 rerum
1005 2116 1171 2184 omnium
1198 2114 1309 2209 copiae

244 2219 506 2318 depravabant3
525 2223 581 2309 bi,
605 2251 650 2297 ex
672 2249 811 2296 summa
832 2237 988 2321 egestate
1007 2225 1046 2294 iu
1069 2221 1233 2294 eamdem
1254 2245 1309 2291 re-

246 2355 327 2402 rum
345 2332 603 2408 abundantiam
619 2335 793 2421 traducti,
810 2358 886 2405 non
906 2334 1023 2406 solum
1044 2337 1166 2432 copia,
1185 2357 1308 2403 verum

245 2444 351 2512 etiam
368 2445 599 2517 insolentia²¹
621 2445 962 2516 commovebuntur.

292 2556 452 2624 xxxvl.
481 2560 563 2626 Haec
585 2571 644 2641 tu,
669 2560 705 2627 P.
728 2555 851 2642 Rulle,
873 2559 921 2626 M.
943 2558 1044 2626 Bruti
1067 2555 1229 2626 sceleris¹
1253 2575 1310 2622 ve·

236 2657 364 2758 eligia,
391 2687 500 2760 quam
520 2675 779 2736 monumenta²
801 2665 978 2760 majorum
1003 2665 1184 2762 sapientiae
1208 2663 1310 2760 sequi

245 2773 431 2844 maluisti:
454 2774 529 2846 baec
559 2789 599 2846 tu
627 2801 710 2848 cum
731 2778 807 2848 istis
826 2779 896 2846 tuis
914 2771 1148 2846 auctoribns³
1167 2775 1310 2870 excogi-

282 2969 322 3018 τι.
334 2959 753 3020 Latinos,1ddem.vieienueeuh
833 2978 875 3011 oo.
897 2964 997 3012 Tamen.
1017 2963 1134 3025 Quemvis
1152 2961 1188 3010 illi
1205 2962 1310 3009 Fortuna

168 3053 174 3076 l
244 3038 319 3096 Urbe,
331 3056 401 3105 paene
415 3041 512 3090 deserti.
798 3041 971 3098 sanctiorem,
984 3043 1048 3090 etin
1066 3041 1115 3088 illis
1132 3040 1212 3106 copiis
1221 3041 1272 3087 neti
1286 3048 1309 3085 et

282 3119 322 3166 15.
334 3121 513 3182 Assumpserine
521 3121 658 3168 onustatis.
678 3121 704 3166 Si
716 3121 754 3167 in-
799 3119 894 3168 eduoeti
906 3119 1018 3169 luissent.

244 3199 417 3257 sacraverint,
431 3199 452 3246 ei
465 3215 551 3248 eorum
570 3199 634 3247 vlree
647 3198 699 3248 dies
712 3215 754 3246 en·
834 3213 877 3246 21.
893 3197 1127 3261 Insolentia.Quod
1135 3197 1221 3245 berum
1231 3197 1310 3260 copie»

244 3276 317 3326 xerit.
800 3293 852 3326 rum
862 3276 995 3326 insolentes
1006 3289 1078 3339 ennt3
1088 3276 1157 3342 quod
1170 3278 1209 3325 bie
1222 3277 1310 3340 opibtn

283 3357 323 3407 ιδ.
337 3355 491 3422 Regioue'dns.
503 3355 585 3405 Ollioii
598 3355 695 3404 linibus.
799 3374 849 3406 nou
861 3358 1018 3406 insonuerint.

282 3449 320 3493 17.
341 3434 484 3500 Conquiritt'.
499 3439 569 3500 Quos
579 3435 703 3484 ministros
713 3453 753 3485 eu·
833 3437 956 3486 mvn
970 3451 992 3485 r.
1007 3439 1043 3484 u.
1057 3435 1126 3484 Bruti
1137 3433 1243 3484 meleis.
1260 3434 1308 3496 Qui

244 3511 320 3562 mue
340 3513 470 3562 decemiri
484 3515 599 3564 bebeent.
615 3539 650 3552 —-
664 3515 753 3563 Eleusi.
798 3527 883 3563 eontra
892 3514 1012 3579 majorum
1020 3516 1132 3563 institute
1142 3514 1311 3562 colonium&

244 3595 279 3641 Ut
291 3593 370 3640 virum
383 3594 462 3642 evito
471 3595 576 3643 electum
588 3593 687 3642 dixeris.
797 3610 872 3659 pnrm
885 3591 1027 3645 deduxerat.

282 3673 321 3720 re.
331 3671 439 3720 Scelen's.
455 3672 530 3736 Quod
540 3681 635 3720 eeteros
649 3687 700 3736 prae
713 3687 753 3720 en·
833 3689 859 3721 α.
873 3675 1041 3721 Monumenta.
1053 3671 1185 3736 Magnifice
1197 3671 1224 3720 b.
1240 3671 1258 3718 l.
1273 3685 1310 3717 se·

241 3750 325 3816 perbis
338 3763 503 3804 contemnent.
513 3779 547 3790 -
557 3752 663 3818 Flagitie'.
678 3753 753 3816 Quod
795 3751 894 3815 pientiae
906 3755 1027 3814 maiorum
1041 3761 1200 3800 monumento
1212 3750 1310 3797 nefariis

243 3847 285 3879 eos
296 3831 390 3880 luxurie
403 3833 436 3880 ed
452 3833 584 3898 nequitiem
596 3843 622 3880 et
638 3831 753 3880 libidines
796 3831 889 3878 tribuni
899 3831 1006 3894 vestigiis
1017 3841 1186 3896 opponuntur.

238 3909 355 3974 impellet
834 3911 860 3958 3.
879 3910 1032 3960 Auctoribus.
1053 3909 1142 3958 llnllne
1155 3919 1267 3957 suctores
1286 3917 1310 3955 et

280 4003 320 4051 19.
332 3989 753 4054 GermaniNerletindlgenaetnon
798 4003 907 4037 eueeoree
926 3989 986 4054 legis
999 3989 1104 4038 bnbebet
1116 3999 1211 4037 ceteros
1230 3986 1310 4052 plebis

244 4077 273 4114 nt
282 4069 365 4116 coloni
374 4067 517 4136 rdecripdtii
528 4081 553 4118 et
565 4070 664 4120 insiliri.
799 4067 922 4124 tribunos,
933 4071 975 4132 qui
988 4067 1065 4132 legen
1074 4065 1208 4116 suadebunt
1215 4075 1308 4129 aperte.
