3020 4666
460 425 530 493 uu
554 407 695 493 uuor
718 423 974 508 sensnm,
999 426 1026 493 1.
1207 425 1277 497 ωε

210 543 381 619 omnibus
398 535 566 642 gentibus
585 545 733 617 terroris
752 560 789 617 et
806 545 907 634 mali,
925 543 1067 644 quum⁶
1086 549 1278 621 mittantur

212 658 251 727 in
273 654 402 728 orbem
422 668 601 726 terrarum
623 654 816 728 decemviri
838 680 982 729 summo
1000 681 1084 728 cum
1103 658 1278 757 imperio,

211 788 350 839 summa
368 789 452 837 cum
467 767 629 854 avaritia,
648 764 863 864 infinitaque
883 767 1049 838 omnium
1070 793 1194 840 rerum
1215 763 1278 841 cn·

210 865 382 974 piditate?
396 899 553 972 quorum
566 900 683 973 quum
696 875 873 948 adventus
884 901 1026 974 graveS,
1041 904 1156 976 quum
1169 878 1281 952 fasces

212 983 437 1066 formidolosi
447 996 474 1074 ⁷,
491 999 570 1056 tum
587 1010 675 1058 vero
690 984 868 1081 judicium
886 1011 927 1058 ac
944 1001 1102 1086 potestas
1118 991 1186 1060 erit
1204 1015 1282 1062 non

212 1088 371 1167 serenda.
390 1094 530 1168 Licebit
549 1097 664 1185 enim,
687 1095 789 1194 quod
806 1095 1002 1186 videbitur,
1020 1096 1208 1196 publicum
1222 1101 1280 1195 ju·

212 1201 375 1293 dicare⁸3
390 1205 490 1301 quod
502 1203 718 1304 judicarint,
732 1205 900 1286 vendere„
913 1211 1028 1278 Etiam
1042 1208 1131 1279 illud
1138 1218 1165 1294 9,
1180 1209 1283 1306 quod

213 1313 380 1386 homines
404 1315 518 1386 sancti
539 1340 616 1388 non
640 1315 793 1405 facient,
814 1331 856 1388 ut
877 1319 1069 1415 pecuniam
1089 1320 1282 1418 accipiant,

213 1449 259 1497 ne
281 1423 462 1514 vendant;
480 1440 602 1498 tamen
621 1425 659 1497 id
678 1429 723 1498 iis
741 1430 861 1526 ipsum
872 1437 905 1472 ¹⁰
926 1452 992 1524 per
1012 1429 1129 1526 legem
1148 1429 1280 1504 licebit.

213 1538 303 1606 Hinc
320 1559 386 1606 vos
406 1559 497 1632 quas
515 1536 814 1634 spoliationes¹¹‚
837 1562 927 1634 quas
944 1540 1149 1635 pactiones,
1172 1565 1283 1636 quam

212 1643 372 1741 denique
405 1645 445 1714 in
477 1643 649 1718 omnibus
679 1647 766 1719 locis
796 1646 1097 1719 nundinationem
1122 1649 1215 1744 juris
1240 1675 1282 1723 ac

212 1754 443 1827 fortunarum
459 1755 537 1828 fore
550 1757 703 1854 putatis?
718 1758 858 1828 Etenim
869 1757 973 1858 'quod
984 1759 1169 1856 superiore
1182 1775 1282 1856 parte

215 1865 303 1962 legis
321 1863 580 1963 prefinitum¹²
599 1863 685 1954 fuit,
706 1866 802 1938 Sulla
818 1881 854 1938 et
870 1871 1043 1966 Pompeio
1061 1868 1283 1962 consulibus,

213 1974 252 2046 id
273 1999 399 2048 rursus
418 1975 572 2048 liberum
593 1975 852 2073 infinitumque
871 1975 1045 2049 fecerunt.
1342 2071 1344 2079 Ι

262 2090 323 2158 lv.
345 2085 477 2158 lubet¹
503 2087 650 2160 eosdem
672 2087 895 2172 decemriros
913 2087 1084 2161 omnibus
1100 2092 1194 2187 agris
1215 2117 1283 2190 pu·

213 2195 316 2269 blicis
330 2197 530 2296 pergrande
546 2191 944 2297 vectigalrimponere,
959 2215 1002 2271 ut
1016 2197 1125 2272 iidem
1141 2206 1281 2300 possint
1297 2281 1302 2296 ,

211 2322 250 2380 et
265 2307 417 2380 liberare
433 2301 556 2405 agros,
570 2303 663 2405 quos
680 2307 915 2381 commodum
934 2311 997 2396 sit,
1015 2325 1071 2399 et,
1086 2335 1180 2409 quos
1194 2314 1281 2412 ipsis

213 2415 339 2504 libeat,
362 2415 571 2516 publicare:
598 2442 673 2514 quo
696 2421 735 2489 in
755 2415 915 2514 judicio³
936 2421 1090 2518 perspici
1115 2447 1191 2494 uon
1216 2447 1281 2522 po·
1316 2453 1317 2456 ¹
1377 2427 1382 2438 “

249 2575 275 2624 6.
288 2575 400 2624 Gravius
418 2590 431 2624 e
443 2573 500 2623 cod.
520 2575 612 2622 llrlnrt.
625 2553 727 2636 conjicit
769 2575 925 2640 sponsiones,
940 2592 993 2624 non
1005 2577 1183 2627 contemnende
1195 2577 1280 2630 lectio.

215 2655 460 2724 immittantumcod.
476 2656 541 2703 enim
554 2654 627 2703 habet
640 2654 725 2704 immu-
764 2659 767 2666 ’
808 2671 848 2706 ra.
863 2653 1024 2724 Proefinr'turn.
1036 2657 1173 2706 Decemviri
1186 2675 1213 2707 ea
1222 2677 1280 2710 ven·

211 2747 308 2784 ταυτην.
317 2735 342 2784 J.
351 2735 382 2782 V.
395 2735 423 2786 Ι..
531 2737 536 2748 ’
769 2732 826 2783 dere
840 2733 975 2795 debebant,
991 2751 1046 2799 qua
1058 2736 1198 2801 reipublicae
1214 2739 1280 2801 adje-

253 2831 278 2877 7.
311 2816 396 2863 rascas
414 2810 580 2881 fismssiiolosi.
603 2817 726 2879 Quoniam
769 2827 808 2863 ets
821 2815 931 2875 ineunt,
945 2829 959 2861 e
972 2813 999 2860 L.
1011 2813 1084 2861 Sullae
1093 2824 1116 2862 et
1126 2818 1158 2879 Q.
1167 2818 1279 2882 Pompeii

216 2905 358 2964 promptum
376 2895 406 2944 de
424 2896 454 2944 iis
467 2897 510 2959 qni
527 2897 594 2945 dicto
616 2911 724 2944 nonan·
762 2889 905 2942 consulatu.
914 2893 988 2941 Nunc
1000 2891 1061 2940 illud
1069 2891 1193 2941 inlinitum
1201 2912 1279 2959 quen·

216 2975 311 3024 dientes
323 2974 428 3036 inerint,
441 2974 589 3042 supplicium
601 2976 650 3024 siut
659 2991 724 3023 sum·
769 2971 923 3031 delibuerit,
935 2969 1053 3028 reddent,
1063 2971 1137 3034 quum
1149 2975 1281 3036 quaeride-

217 3055 292 3121 pturi.
768 3051 861 3099 buntur
882 3061 939 3114 apte
958 3047 1047 3109 vendi,
1062 3050 1158 3116 popolo
1177 3067 1279 3104 romano

253 3137 279 3184 8.
290 3131 541 3200 Publieumjudicore.
551 3133 584 3181 tt.
593 3149 615 3182 e,
626 3132 727 3197 privatis
769 3128 961 3191 adjudicabunt,
974 3140 1002 3177 ut
1019 3139 1103 3194 postes
1116 3145 1144 3178 eo
1157 3141 1278 3197 tamquam

218 3231 248 3262 ex
261 3213 364 3264 irbitrio
373 3213 623 3280 eripere,populique
633 3211 727 3259 romani
770 3208 868 3278 publica
876 3209 908 3258 ad
920 3209 1055 3289 auctionem
1066 3219 1170 3260 statuere
1175 3215 1280 3277 possint.

218 3295 316 3344 nomine
330 3309 486 3353 consecrare,
502 3287 640 3358 utpostea',
652 3302 728 3356 prout
791 3289 851 3340 Π.
871 3305 893 3336 r.
912 3289 991 3338 iulet.
1011 3287 1075 3340 cod.
1097 3291 1188 3342 Erfurt.
1210 3293 1279 3344 addit

217 3373 331 3439 libuerit,
350 3389 377 3422 et
390 3373 499 3423 vendent
513 3389 541 3422 so
558 3377 716 3422 consumenti
771 3369 845 3418 curin.
857 3371 881 3418 J.
890 3369 924 3418 V.
934 3369 962 3418 Ι..
1070 3441 1072 3447 ,

255 3469 280 3516 9,
294 3453 380 3502 Etiam
393 3452 464 3503 iliud.
479 3453 624 3503 Gravissima
636 3467 678 3499 eos
687 3467 728 3499 ur·
763 3453 766 3460 ’
808 3447 984 3514 o.Pergrcmde
996 3449 1280 3518 uectigalblrximapo

220 3543 259 3596 get
269 3532 357 3592 irouie;
367 3547 419 3580 non
427 3533 507 3591 euim,
518 3531 568 3594 sit,
577 3531 623 3579 viri
633 3529 729 3579 illitam
774 3539 845 3578 testas
853 3529 979 3593 predandi
989 3527 1133 3578 decemviris
1142 3529 1192 3580 boc
1203 3535 1282 3598 capite

221 3614 298 3659 sancti
311 3623 406 3675 temque
419 3613 446 3660 in
460 3611 510 3660 suis
528 3611 634 3661 fortunis
646 3610 730 3658 mode·
774 3609 932 3668 concreditum
951 3611 1042 3673 quippe
1062 3609 1104 3673 qui
1115 3624 1186 3674 egros
1199 3628 1230 3659 ex
1242 3629 1282 3660 ar-

222 3693 279 3750 mti,
291 3690 418 3754 pecorum
435 3695 556 3759 accipient
571 3710 602 3740 ne
613 3691 729 3740 vendant.
772 3687 848 3737 bitrio
867 3687 1046 3752 possessoribus
1067 3689 1185 3752 eripient,
1205 3691 1284 3758 iisque

222 3773 326 3820 Possunt
348 3779 427 3818 temen
454 3772 545 3836 ubsque
568 3771 620 3821 ullo
648 3781 731 3830 metu,
776 3767 1285 3833 vectigaliaqnselibuerit,imponanttrm·

223 3848 286 3897 illud
299 3862 403 3910 nemque
413 3847 466 3912 lege
475 3852 505 3897 iis
514 3861 551 3898 est
562 3849 667 3900 licitum.
776 3865 849 3913 quom
862 3849 927 3896 sints
935 3845 1029 3913 populo
1041 3861 1142 3893 romono
1153 3852 1286 3899 retmsad.

263 3941 302 3975 so.
313 3925 346 3974 ld
361 3925 390 3974 its
403 3927 488 3991 ipsum.
499 3927 678 3986 Lambinus,et
688 3929 733 3992 qut
773 3927 885 3989 judicati.
994 3987 997 3992 Ι

224 4009 277 4068 ejus
290 4006 486 4066 'conjectationes
507 4006 625 4071 probant,
636 4030 648 4049 α
658 4007 688 4055 iis
709 4007 735 4054 id
815 4007 840 4055 3.
856 4007 910 4070 Quo
923 4002 948 4050 in
958 4001 1059 4068 judicio.
1070 4003 1133 4050 Fieri
1144 4019 1196 4052 non
1207 4017 1288 4069 potus

225 4085 396 4150 limem·
409 4086 436 4131 L.
750 4099 753 4106 ·
780 4097 808 4133 ut
820 4085 860 4131 lex
872 4083 913 4130 illa
923 4081 1021 4146 populis
1030 4095 1081 4129 non
1088 4089 1287 4146 noceat,etenim
1365 4097 1370 4110 ¹

265 4183 306 4216 ιι.
336 4165 508 4230 spoliationes.
531 4163 652 4230 Excerpte
671 4165 736 4216 Pith.
781 4165 801 4211 ei
828 4162 889 4224 insti
911 4161 961 4208 sint
986 4160 1134 4221 decemviri,
1155 4163 1290 4216 acerbiores
1329 4217 1332 4226 ,

324 4255 384 4326 ΠΙ,
405 4271 451 4316 tte.
465 4283 522 4332 pars
534 4267 637 4335 secundo.
981 4331 990 4346 .
1155 4249 1196 4320 15
