3018 4664
441 385 507 454 nu
530 386 665 455 nuce
692 387 946 473 lenanu,
969 387 1017 455 11.
1188 387 1259 486 309

200 503 290 576 nihil
306 527 412 603 posse
432 509 617 596 exsistere,
642 506 742 604 quod
757 533 832 580 non
852 523 936 580 ante
954 509 1132 607 exstingui
1151 525 1260 608 atque

200 615 357 713 opprimi
373 631 512 714 posset,
529 641 639 714 quam
656 617 762 714 plane
778 632 943 690 exortum
959 641 1001 690 ac
1014 631 1139 690 natum
1154 635 1256 692 esset.
1316 683 1318 689 Α

198 727 325 822 Neque
351 749 437 796 vero
458 749 576 798 eures
596 724 721 798 fefellit
741 728 926 816 homines,
948 728 1069 800 divina
1083 743 1206 801 mente
1224 746 1261 805 et

199 834 350 906 consilio
368 833 545 933 praeditos.
564 840 656 910 Nam
679 852 761 936 post
778 840 822 927 Q.
844 838 1029 927 Fulvium,
1050 841 1092 928 Q.
1109 838 1258 911 Fabium

199 944 385 1032 consules,
417 944 552 1042 quibus
580 946 812 1019 consulibust
843 953 964 1046 Capua
991 947 1127 1020 devicta
1151 964 1260 1046 atque

199 1068 303 1152 capta
325 1069 397 1142 est,
414 1052 505 1125 nihil
521 1070 576 1127 est
596 1057 634 1126 in
653 1081 695 1127 ea
709 1055 799 1128 urbe
817 1071 943 1128 contra
956 1056 1050 1129 hanc
1063 1056 1259 1156 rempubli-

199 1187 291 1250 cam,
303 1187 379 1234 non
392 1161 474 1236 dico
484 1162 618 1236 factum
628 1218 639 1253 ,
651 1165 713 1236 sed
724 1169 874 1238 omnino
885 1168 1136 1263 excogitatum.
1147 1167 1261 1237 Multa

198 1288 322 1370 postea
336 1271 429 1344 bella
444 1289 541 1371 gesta
556 1299 639 1346 cum
658 1277 820 1372 regibus,
837 1275 1004 1374 Philippo
1014 1271 1041 1362 ⁵,
1059 1275 1259 1364 Antiocho,

197 1387 323 1471 Persa,
349 1381 656 1483 Pseudophilippo
665 1382 694 1473 ⁶,
719 1385 945 1472 Aristonico,
968 1382 1197 1472 Mithridate,
1225 1397 1261 1454 et

198 1495 348 1583 ceteris;
378 1494 491 1564 multa
522 1508 693 1591 praeterea
720 1492 960 1592 bellegravia
988 1491 1259 1589 Carthaginien-

198 1604 312 1693 sium,
331 1604 578 1692 Corintbium,
595 1604 1009 1692 Numantinum3multae
1020 1605 1058 1674 in
1071 1602 1138 1675 hac
1151 1627 1258 1700 repu-

198 1711 294 1784 blica
316 1713 512 1786 seditiones
533 1713 758 1804 domesticae,
777 1739 867 1812 quas
890 1715 1143 1812 praetermitt03
1164 1710 1259 1783 bella

197 1845 282 1894 cum
301 1823 426 1914 sociis,
443 1822 691 1920 Fregellanum
702 1834 728 1910 ⁷,
749 1825 961 1912 Marsicum,
983 1821 1117 1919 quibus
1140 1825 1257 1910 omni-

197 1931 266 2004 bus
288 1932 494 2005 domesticis
518 1935 747 2030 externisque
772 1931 877 2004 bellis
902 1938 1024 2032 Capua
1048 1957 1123 2004 non
1146 1932 1258 2004 modo

198 2067 273 2114 non
293 2041 429 2129 obfuit3
453 2043 514 2114 sed
539 2044 883 2142 opportunissimam
908 2067 947 2115 se
974 2041 1081 2114 nobis
1106 2041 1261 2141 praebuit
1355 2106 1365 2118 .

197 2166 235 2223 et
258 2152 303 2224 ad
331 2150 467 2223 bellum
495 2151 768 2239 instruendum,
797 2167 834 2224 et
857 2151 903 2224 ad
925 2152 1102 2225 exercitus
1125 2177 1257 2224 ornan·

197 2258 304 2350 dos⁸,
325 2276 361 2334 et
382 2264 484 2334 tectis
508 2287 550 2334 ac
565 2261 710 2334 sedibus
732 2264 807 2334 suis
826 2263 1062 2360 recipiendos.
1085 2266 1258 2334 Homines

196 2394 273 2441 non
293 2371 435 2442 inerant
453 2372 492 2442 in
509 2370 621 2459 urbe,
648 2376 711 2470 qui
734 2372 835 2444 malis
856 2371 1112 2460 concionibus,
1131 2371 1258 2444 turbu·

197 2479 303 2552 lentis
321 2483 659 2570 senatusconsultis,
676 2483 809 2579 iniquis
822 2483 980 2581 imperiis
997 2482 1257 2582 rempublicam

197 2592 408 2679 miscerent,
429 2605 465 2662 et
483 2615 604 2662 rerum
626 2615 802 2664 novarum
822 2615 964 2664 causam
980 2593 1137 2691 aliquam
1158 2619 1257 2690 quar·

195 2714 346 2772 rerent:
372 2724 492 2797 neque
518 2703 615 2772 enim
641 2700 883 2773 concionandi
904 2714 1060 2800 potestas
1086 2716 1161 2773 erat
1184 2705 1258 2775 cui·

196 2833 330 2907 quarn,
360 2834 428 2882 nec
458 2809 599 2882 consilii
626 2809 797 2908 capiundi
827 2808 996 2909 publici9.
1024 2811 1107 2880 Non
1138 2809 1258 2906 gloriar

197 2915 391 3016 cupiditate
416 2915 678 3006 efferebantur,
699 2931 891 3018 propterea
909 2918 1029 3014 quod,
1052 2917 1114 2988 ubi
1141 2918 1258 2990 bonos

233 3174 256 3231 4.
275 3169 366 3235 Quibus
388 3169 532 3218 consulibus.
554 3170 671 3218 Dissentit
690 3185 703 3216 a
747 3171 856 3219 stouicus
866 3168 942 3218 Attali
956 3167 1059 3216 filinsex
1072 3166 1172 3232 pellice,
1185 3183 1199 3215 a
1213 3169 1258 3219 Μ’,

197 3249 276 3309 Livio,
287 3248 330 3314 qiai
339 3250 423 3310 XXV,
434 3257 479 3310 sl,
488 3265 501 3297 a
511 3251 543 3311 Q.
553 3249 640 3296 Fulvio
653 3263 704 3296 non
747 3247 1070 3313 Aquilliozlditbridatesrea
1077 3246 1260 3306 Ponti,aSulln,

197 3327 356 3388 comule,sed
365 3327 524 3393 proconsule,
532 3327 632 3376 biennio
640 3339 706 3386 ants,
747 3325 1010 3390 uoremmueuuoer
1019 3327 1146 3390 Pompeio,
1154 3341 1257 3390 quorum

150 3447 157 3462 .
197 3419 292 3473 captam
309 3409 417 3473 Capuam
435 3407 527 3457 scribit.
548 3406 607 3456 Vid.
627 3407 705 3456 Poris.
751 3406 1260 3472 dnoprioresantea,Lucullushooanno,

196 3488 310 3537 Animad.
322 3487 413 3535 ilistor.
425 3502 450 3550 p.
463 3485 522 3550 309.
750 3485 880 3550 Pompeius
892 3483 997 3533 triennio
1006 3493 1063 3548 post
1073 3485 1238 3549 uinrnphsrit.

234 3563 547 3629 5.Plsilr'ppo.blaoedonise
553 3564 706 3629 rege,dsqu0
787 3583 812 3626 7.
827 3563 1003 3630 Fregellanum.
1018 3564 1131 3628 Fregellae
1143 3581 1156 3612 a
1170 3567 1258 3612 Rorna-

197 3644 344 3692 i‘larnininus
371 3644 546 3707 triumphavit:
570 3641 706 3702 Antiocho,
751 3645 789 3692 nis
804 3661 878 3708 quum
901 3643 1060 3701 defecissent,
1083 3661 1097 3692 a
1118 3646 1146 3693 L.
1159 3642 1258 3706 Opimio

196 3723 286 3787 syrie,
296 3721 385 3788 dequo
396 3726 423 3770 L.
435 3723 518 3788 Scipio
531 3724 641 3772 Africani
653 3739 705 3770 ma·
751 3735 855 3788 pretore
866 3735 942 3788 captas
952 3735 977 3772 et
986 3739 1081 3771 aversan

195 3803 257 3865 joris
271 3803 362 3850 frater:
379 3805 450 3850 Persa
469 3803 574 3867 Philippi
594 3801 662 3860 filio,
676 3801 706 3849 de
786 3799 810 3851 8.
831 3802 967 3850 Ornandos.
990 3800 1072 3849 Armis
1092 3809 1200 3848 streete
1219 3799 1258 3843 in-

198 3897 249 3948 quo
262 3884 289 3932 L.
304 3881 410 3931 Paullus.
751 3881 890 3930 sta-nendos.

233 3963 259 4010 6.
278 3961 490 4028 Pseudophilippo.
506 3962 556 4024 Qui
574 3961 708 4010 Andriscus
786 3975 812 4022 9.
834 3956 931 4008 Consilii
948 3953 1065 4018 aspirandi
1075 3953 1174 4018 publici.
1196 3955 1260 4016 Quis

198 4042 338 4104 vocabatur,
352 4051 377 4090 st
388 4039 541 4090 Macedoniae
552 4055 652 4104 regnum
665 4055 707 4087 oc·
752 4039 842 4102 Capuae
855 4045 879 4085 st
891 4036 1057 4098 magistratus,
1076 4044 1100 4081 es
1113 4043 1222 4091 senatus,
1235 4043 1259 4082 st

199 4132 341 4185 oupsserat,
355 4137 368 4168 a
381 4122 413 4182 Q.
427 4120 527 4169 Metello
542 4120 635 4168 virtus:
652 4119 707 4166 Ari·
752 4117 860 4181 populas
870 4125 938 4163 erant
950 4113 1043 4162 sublati.
1116 4133 1121 4149 ν
