3018 4664
201 437 847 462 mmmmfflfflmfflmfflssl
851 435 1265 458 fflfflmmmm

443 639 501 741 Β.
541 637 611 744 G.
651 637 1020 744 Nlnnufflr
1082 781 1084 791 J

351 884 406 940 AD
426 879 577 940 RECENS
601 880 767 938 ERUTAM
787 878 1106 948 SESQUIPAGINAM

502 1011 727 1070 RABIRIANAE
748 1009 964 1069 ORATIONlS

554 1190 898 1271 PRAEFATIO.

611 1377 852 1402 -4-

196 1500 339 1608 Onarro
354 1561 409 1622 pro
423 1545 455 1602 C.
472 1540 593 1602 Rabirio
607 1560 754 1600 erearum
765 1559 888 1600 numero
904 1552 948 1600 est
960 1559 1033 1620 quas
1047 1540 1077 1598 in
1088 1541 1175 1600 unico
1187 1559 1265 1618 quo-

195 1640 263 1700 dam
284 1639 484 1718 antiquissimo
503 1638 619 1712 codice,
640 1658 657 1698 a
673 1639 839 1717 cognitione
855 1637 1005 1698 bominum
1021 1651 1159 1712 remotas,
1175 1657 1267 1717 usque

196 1737 234 1796 ad
244 1737 393 1797 literarum
403 1737 642 1796 instaurationem
656 1734 803 1796 delituisse
816 1735 891 1795 dixi:
905 1750 992 1814 atque
1004 1735 1106 1794 eodem
1118 1736 1266 1794 volumine

195 1848 339 1914 praeterea
362 1835 503 1894 orationis
529 1854 585 1914 pro
609 1837 647 1906 Q.
668 1835 776 1894 Roscio
805 1835 996 1912 fragmentum
1024 1832 1268 1912 comprehensum

196 1931 300 2005 luisse,
316 1931 422 1991 diserte
436 1944 578 1991 testantur
591 1931 706 1991 codices
720 1931 839 2010 plurimi
854 1943 883 1989 et
898 1931 1045 1990 nonnulla
1059 1932 1136 1990 inter
1155 1928 1262 1990 editio-

195 2049 247 2088 nes
258 2029 347 2109 prisci
360 2030 424 2103 aevi,
434 2029 464 2088 in
476 2029 597 2108 quibus,
613 2029 664 2089 ubi
678 2028 838 2088 Rabiriana
850 2027 1053 2108 abrumpitur,
1067 2027 1265 2106 subscriptum

195 2142 258 2188 est:
282 2142 397 2188 exsecta
414 2149 477 2187 esse
500 2147 537 2186 ex
554 2129 752 2188 vetustissimo
775 2127 878 2188 codice
900 2128 970 2186 folia
989 2127 1066 2197 duo,
1079 2147 1145 2186 curn
1162 2125 1270 2203 quibus

196 2224 283 2303 hujus
298 2226 437 2284 orationis
451 2224 516 2284 finis
532 2238 561 2284 et
575 2225 715 2284 orationis
734 2245 789 2304 pro
804 2231 840 2300 Q.
859 2223 966 2284 Roscio
980 2225 1157 2303 principium
1176 2223 1270 2282 inter-

196 2320 324 2380 ciderit:
349 2341 413 2399 quae
433 2321 598 2393 adnotatio,
621 2341 688 2380 cum
707 2321 770 2380 aliis
786 2319 915 2399 ejusdem
931 2318 1052 2392 indolis,
1069 2319 1192 2391 deinde,
1216 2339 1270 2398 per

195 2416 396 2479 incredibilem
420 2418 567 2477 editorum
592 2419 814 2498 negligentiam,
843 2417 956 2497 abjecta
981 2417 1046 2476 suit.
1063 2420 1160 2496 Atque
1183 2417 1214 2476 in
1233 2437 1269 2476 eo

196 2515 315 2596 quidem
331 2517 410 2580 viros
423 2517 542 2578 minime
556 2519 662 2591 malos,
680 2517 730 2596 qui
749 2517 812 2576 haec
830 2517 1018 2590 adnotarent,
1034 2517 1136 2597 opinio
1152 2516 1269 2588 fefellit,

197 2613 290 2692 quod,
310 2633 503 2694 quacumque
516 2615 547 2678 in
567 2627 691 2693 utraque
706 2615 841 2674 oratione
855 2613 984 2687 desunt,
1002 2614 1055 2675 ubi
1070 2635 1102 2676 se
1122 2616 1153 2674 in
1168 2613 1271 2674 codice

197 2712 394 2790 contigerant,
408 2710 524 2776 duobus
536 2711 612 2774 soliis
624 2711 767 2772 contineri
777 2711 907 2791 potuisse
921 2711 1126 2785 crediderunt;
1141 2731 1206 2790 quae
1220 2712 1271 2770 vix

197 2828 288 2872 unum
302 2811 538 2888 quaternionem,
563 2821 669 2889 praeter
684 2810 734 2868 illa
751 2809 841 2882 solia,
863 2829 969 2890 capere
983 2810 1113 2888 potuisse
1127 2809 1270 2868 arbitror:

197 2905 356 2984 praesertim
368 2909 449 2986 quia,
464 2925 525 2985 quo
539 2907 717 2985 antiquiores
731 2905 846 2966 codices
863 2919 947 2976 sunt,
967 2926 1003 2966 eo
1016 2905 1271 2983 rariorgrandior·

197 3022 254 3076 que
268 3021 371 3062 eornm
385 3003 531 3081 scriptura
544 3015 608 3062 est:
627 3014 714 3080 atque
732 3003 774 3062 ita
788 3022 820 3061 se
839 3003 869 3064 in
889 3003 941 3061 illo
958 3001 1169 3070 vetustissimo,
1183 3020 1272 3078 quem

198 3110 321 3172 vocant,
334 3097 435 3157 codice
448 3117 512 3158 rem
523 3095 675 3169 habuisse,
696 3116 733 3157 ex
748 3096 853 3156 lacuna
872 3096 1020 3176 colligitur
1039 3115 1104 3174 quae
1126 3096 1158 3154 in
1174 3095 1270 3156 media

197 3193 331 3254 oratione
345 3206 404 3264 est3
418 3194 505 3252 unius
520 3193 648 3272 paginae,
662 3206 696 3251 ut
709 3191 797 3252 iidem
813 3193 881 3253 libri
894 3193 1039 3266 indicant,
1053 3192 1173 3252 interitu
1186 3207 1269 3267 orta;

198 3311 258 3370 qno
268 3291 336 3350 loco
349 3310 419 3350 sane
434 3311 495 3350 non
515 3291 556 3350 ita
571 3291 695 3350 multum
709 3291 801 3350 deest.
813 3297 884 3352 lure
895 3304 991 3350 autern
1004 3311 1146 3351 summam
1159 3292 1202 3350 illi
1217 3312 1271 3352 co-

198 3387 256 3446 dici
271 3387 472 3467 antiquitatem
486 3386 595 3456 tribui,
617 3407 653 3446 ex
676 3379 888 3467 orthographia
907 3407 994 3466 quam
1014 3390 1044 3447 in
1063 3387 1119 3446 bac
1137 3390 1270 3449 oratione

199 3484 314 3545 codices
327 3486 487 3564 primaeque
502 3485 644 3546 editiones
657 3499 789 3560 serrant,
805 3486 974 3559 conficitur;
993 3505 1059 3564 quae
1073 3485 1167 3558 illam,
1182 3505 1270 3564 quam

198 3581 230 3638 in
255 3580 302 3639 bis
322 3581 498 3642 membranis
521 3581 729 3660 conspicimus,
754 3583 923 3661 antiquitate
943 3595 1080 3661 superat:
1110 3583 1165 3641 nisi
1189 3581 1270 3660 quod

199 3677 387 3756 synaloephen
399 3679 484 3738 verbi
506 3679 679 3740 substantivi
693 3679 827 3759 ignorat,
850 3669 916 3757 quae
935 3691 1030 3738 tamen
1051 3697 1105 3758 per
1127 3679 1271 3738 inscitiam

199 3772 350 3833 obliterari
366 3777 469 3853 potuit.
491 3781 584 3854 Atque
595 3777 636 3836 ita
649 3776 801 3836 emendate
811 3777 937 3855 scriptus
948 3788 1027 3847 erat,
1041 3787 1074 3832 ut
1086 3775 1116 3833 in
1129 3775 1186 3833 hac
1202 3776 1272 3853 qui·

200 3870 268 3956 dem
281 3855 431 3941 oratione,
444 3871 530 3930 etiam
542 3883 609 3950 post
617 3872 752 3936 indoctos
763 3872 898 3932 librarios
908 3884 938 3932 et
950 3871 1118 3932 temerarios
1130 3869 1268 3946 editores,

200 3966 356 4048 perpaucis
376 3967 447 4026 locis
469 3967 578 4046 aliquid
596 3969 634 4029 ad
654 3969 887 4032 emendationem
906 3968 1080 4046 requiratur.
1100 3971 1176 4028 Sane
1197 3989 1269 4028 vcro

200 4067 287 4136 etiam
303 4067 332 4125 in
348 4065 403 4128 hac
417 4079 500 4148 parte
510 4066 623 4126 scheda
638 4083 759 4141 nostre,
774 4067 931 4129 admodum
943 4067 1124 4146 negligenter
1134 4068 1268 4146 scripta,
