2988 4668
227 353 296 440 tao
538 357 586 423 M.
612 359 649 424 T.
675 354 964 424 CICERONIS

224 478 305 548 sitio
317 475 533 565 candidati⁵,
548 477 751 576 praenuntia
766 475 941 573 repulsam
965 499 1042 546 non
1056 479 1200 548 testium
1219 502 1286 574 po-

224 587 313 675 tius,
331 609 439 683 quam
454 585 731 685 suffragatorum
750 585 994 682 comparatio:
1008 610 1085 657 non
1097 589 1203 658 mina
1215 611 1288 658 ma-

221 701 292 794 gis,
316 721 426 793 quam
451 695 651 786 blanditiam
672 721 746 768 non
770 695 982 768 declamatio
1008 697 1149 794 potins,
1177 722 1287 795 quam

223 803 503 904 persalutatio⁶z
526 802 722 906 praesertirir
742 829 856 904 quum
869 806 942 902 jam
957 805 1028 877 hoc
1046 820 1164 878 novo⁷
1185 831 1287 878 more

217 939 350 1002 ,ornnes
371 915 447 988 fere
468 915 596 988 domos
616 918 784 988 omniurn
806 931 1044 1004 concursent,
1063 929 1099 986 et
1121 941 1165 986 ex
1185 917 1289 988 vultu

223 1024 496 1098 candidatorum
510 1027 755 1122 conjecturam
769 1023 917 1111 faciant,
931 1039 1111 1122 quantum
1133 1028 1288 1124 quisque

223 1138 334 1206 animi
354 1150 390 1206 et
407 1135 583 1209 facultatis
601 1135 736 1208 habere
753 1134 928 1206 videatur.
948 1135 1104 1207 Videsne
1127 1150 1168 1206 tu
1186 1136 1288 1207 illum

226 1247 394 1318 tristem?
412 1246 635 1318 demissum?
661 1246 772 1340 jacet,
788 1241 951 1333 diffidit,
984 1237 1138 1337 abjecit⁸
1160 1245 1287 1316 hastas.

225 1359 343 1455 Serpit
362 1357 421 1428 bic
440 1381 567 1449 rumor
583 1385 591 1427 :
609 1385 626 1422 r
641 1357 715 1428 Scis
730 1370 773 1426 tu
786 1354 888 1426 illurn
911 1355 1175 1428 accusationem
1194 1356 1287 1453 cogi·

225 1497 242 1531 a
258 1469 361 1539 tare?
379 1468 562 1564 inquirere
585 1469 623 1539 in
644 1465 932 1564 competitores?
963 1479 1072 1536 testes
1103 1467 1290 1563 quarere?

224 1605 241 1642 (ι
255 1577 365 1647 alium
378 1576 522 1666 faciam,
539 1581 709 1676 qnoniam
728 1576 800 1648 sibi.
814 1576 874 1647 hic
887 1578 964 1674 ipse
978 1575 1174 1676 desperat».
1191 1577 1289 1670 Ejus-

225 1687 323 1758 modi
346 1687 620 1760 candidatorum
644 1691 748 1758 amici
767 1687 885 1757 intimi
904 1685 1158 1775 debilitantur,
1175 1685 1291 1757 studia

225 1796 431 1894 deponunt,
446 1815 508 1870 aut
520 1813 685 1870 testatam
698 1823 774 1868 rem
790 1794 1007 1890 abjiciunt⁹‚
1020 1809 1081 1867 aut
1094 1818 1195 1866 suam
1207 1817 1291 1892 ope·

228 1930 305 1976 ram
316 1915 349 1950 ¹⁰
367 1923 405 1977 et
420 1910 569 2005 gratiam
581 1907 718 2004 jndicio
735 1921 771 1978 et
789 1907 1011 1977 accusationi
1026 1919 1219 1976 reservant.

275 2019 386 2088 XXII.
419 2017 567 2089 Accedit
593 2017 747 2104 eodem,
775 2030 818 2086 ut
842 2017 948 2086 etiam
974 2021 1054 2112 ipse
1084 2012 1291 2085 candidatus

229 2140 350 2197 totum
372 2130 533 2200 animum
553 2143 662 2227 atque
685 2151 832 2198 omnem
849 2151 996 2216 curam,
1023 2150 1193 2223 operam,
1212 2122 1291 2195 dili-

227 2238 458 2335 gentiamque
488 2263 589 2310 suam
621 2239 660 2310 in
689 2237 863 2334 petitione
896 2260 972 2306 non
998 2236 1113 2334 possit
1142 2257 1289 2332 ponere.

228 2346 445 2442 Adiungitur
455 2350 551 2418 enim
564 2347 800 2419 accusationis
813 2349 1000 2444 cogitatio,
1015 2371 1090 2417 non
1100 2369 1209 2444 parva
1220 2367 1292 2432 res,

230 2454 293 2527 sed
311 2459 481 2528 nimirum
506 2460 672 2530 omnium
693 2460 845 2530 maxima
868 2482 1068 2555 :magnum
1097 2472 1151 2530 est
1178 2457 1293 2543 enim,

228 2579 264 2636 te
281 2590 487 2664 comparare
506 2593 567 2655 ca,
581 2567 715 2667 quibus
734 2571 849 2666 possis
866 2567 1051 2652 hominem
1068 2592 1088 2638 e
1102 2576 1113 2610 ¹
1133 2567 1289 2650 civitate,

266 2731 290 2778 5.
301 2729 429 2794 Inquisitio
445 2731 580 2780 candidati.
594 2735 673 2796 Qnam
682 2731 741 2780 facit
819 2748 844 2794 9.
868 2723 989 2779 ferratam
1002 2747 1052 2778 rem
1072 2727 1198 2795 abjiciunt.
1219 2729 1293 2778 Causa

229 2809 372 2858 candidatus
386 2811 416 2860 de
428 2815 463 2860 rei
472 2813 621 2864 criminibus.
634 2813 741 2862 Accusa-
785 2811 928 2871 discedunt,
941 2810 1022 2858 testati
1045 2825 1089 2858 cnr
1113 2809 1244 2868 omittant;
1263 2823 1295 2856 na

230 2888 280 2939 tori
296 2889 361 2936 enim
383 2892 517 2940 constituto
531 2903 622 2941 certum
639 2891 741 2956 aliquod
785 2890 908 2940 scilicetai
922 2890 1027 2946 faveant,
1043 2889 1086 2954 qui
1100 2887 1296 2954 sibiipsedespe·

230 2979 325 3032 tempus
338 2969 439 3018 dabatur
452 2971 482 3018 ad
496 2970 639 3036 inquirenda
651 2971 685 3019 rei
698 2972 741 3018 eri·
785 2982 828 3018 ret.
835 2971 874 3018 Sic
881 2965 1015 3016 Manutius.
1029 2969 1114 3017 Potius
1126 2985 1181 3017 eum
1190 2967 1295 3014 Ferratio

230 3049 302 3096 mina.
784 3047 992 3114 interpretandum
1013 3063 1020 3095 ε
1040 3063 1137 3096 musam
1164 3047 1296 3104 deserunt,

266 3119 741 3193 li.Peraalatatio.signilieatcandidato
785 3145 858 3193 quam
866 3129 914 3192 ipsi
927 3126 1049 3176 candidati
1070 3128 1199 3191 pessimam
1210 3125 1294 3190 despe-

232 3207 462 3270 tempnspotiusin
481 3209 622 3272 prensandis
640 3220 664 3257 et
677 3208 741 3256 salu·
786 3209 878 3256 ratione
904 3223 945 3254 sna
969 3217 1097 3256 testantur.
1119 3203 1245 3253 Sobiitains
1265 3221 1296 3252 ex

231 3285 311 3334 tendis
334 3285 428 3334 civibus
459 3287 648 3335 consumendum
672 3303 741 3348 esse,
786 3285 904 3334 lambino
924 3287 957 3332 ita
977 3296 1056 3333 toturn
1076 3286 1158 3334 locum
1179 3285 1294 3349 reponit:

233 3379 304 3428 qnam
318 3365 344 3411 in
356 3364 523 3413 declamando.
787 3377 846 3413 «ant
859 3375 936 3412 totam
960 3379 1010 3411 rem
1028 3364 1168 3424 abjiciunt,
1187 3373 1211 3410 et
1230 3377 1296 3410 snam

270 3461 294 3504 7.
313 3445 365 3492 1100
377 3461 438 3494 novo
458 3461 532 3492 more.
544 3447 623 3508 Quem
641 3445 742 3502 ambitio
787 3461 900 3508 operam,
913 3454 959 3492 etc.
970 3465 982 3484 n

179 3511 182 3517 ¹
232 3524 341 3586 peperit;
350 3524 411 3572 alius
420 3525 541 3572 enituerat
551 3540 604 3572 mos
614 3525 741 3586 majorum.
826 3539 864 3574 ro.
874 3525 926 3571 Ant
937 3539 1006 3570 sitam
1019 3538 1127 3585 operam.
1148 3523 1173 3570 Si
1186 3519 1297 3570 candida·

234 3601 338 3652 Videtur
352 3603 399 3650 hoc
412 3604 469 3652 loco
480 3613 562 3652 orator
581 3620 631 3652 non
645 3605 678 3652 ita
688 3607 743 3672 ¹Ser·
788 3616 840 3653 tum
850 3618 899 3650 non
910 3601 1297 3660 omninodeserunt,accnsationi

234 3683 299 3730 vimn
309 3684 352 3746 qui
366 3683 426 3730 viles
436 3683 488 3732 illas
499 3683 656 3732 conciliandae
662 3687 744 3749 gratias
788 3686 953 3732 auctoritatem
960 3695 984 3731 et
991 3683 1298 3746 gratiamsuamreservant,

235 3761 340 3810 rationes
349 3763 505 3826 contempsit,
523 3779 596 3826 qnam
610 3779 652 3812 eos
662 3765 705 3829 qui
714 3764 744 3812 iis
788 3774 815 3810 nt
826 3761 954 3811 candidato
964 3761 1076 3810 advocati
1084 3773 1175 3826 praesto
1182 3762 1230 3808 sint
1240 3759 1299 3823 ,qni

234 3839 379 3898 abutuntur,
393 3841 479 3888 callide
491 3842 674 3906 reprehendere.
789 3859 863 3890 unum
884 3841 913 3888 de
932 3841 1135 3906 competitoribus
1158 3841 1187 3888 de
1207 3839 1299 3887 ambitu

271 3921 294 3964 8.
308 3920 402 3984 Abjecr't
414 3919 507 3970 hastas.
520 3921 655 3969 Translatio
665 3919 696 3968 ab
704 3919 742 3976 iis,
789 3932 944 3968 accusaturus
954 3931 1001 3968 est.

235 3996 277 4060 qni
287 4012 312 4044 se
325 3999 403 4048 victos
416 4001 441 4048 in
455 4016 534 4065 pugna
543 4034 551 4060 ,
560 4004 632 4050 armis
646 4000 745 4060 abjectis
825 4003 907 4048 xxlt.
926 4019 946 4050 t.
960 4003 982 4047 Ε
992 3999 1097 4048 civitate.
1109 3999 1223 4046 Damnati
1236 3997 1301 4044 enim

234 4073 390 4124 confitentur.
528 4105 532 4114 ι
790 4081 819 4128 de
833 4079 923 4127 arnbitn
938 4090 995 4144 post
1013 4079 1104 4142 legem,
1114 4092 1185 4140 qnam
1196 4075 1245 4122 hoc
1258 4091 1302 4122 au·
