2958 4670
269 351 338 426 508
580 357 628 437 Μ,
654 357 692 422 Τ.
719 355 1008 426 CICERONIS

266 477 407 574 imperii
431 474 599 570 dignitas,
620 479 658 545 in
680 498 822 546 summo
846 475 1007 573 periculo
1030 477 1182 562 civium,
1204 461 1335 573 postu'·

265 584 373 656 labat.
396 583 505 675 Quod
526 589 672 674 situm,
695 609 809 682 quum
829 585 1033 685 respublica
1055 588 1127 656 vim
1144 602 1181 659 et
1198 587 1334 658 severi-

267 709 376 766 tatem
400 693 648 783 desiderabat,
672 695 740 765 vici
764 691 971 783 naturam⁶‚
990 710 1118 767 ettam
1137 695 1334 768 vehemens

265 801 456 901 fui‚quam
473 805 644 902 cogebar,
662 829 735 876 non
756 829 865 903 quam
879 806 1045 878 volebam
1062 832 1070 875 :
1085 830 1200 906 nunc,
1215 831 1333 904 quum

267 938 394 986 omnes
409 939 466 986 me
479 939 592 986 causae
609 914 653 984 ad
672 914 952 986 misericordiam
970 931 1079 1012 atque
1099 916 1143 986 ad
1167 915 1334 986 humani·

266 1039 378 1096 tatem
408 1040 557 1113 vocent,
579 1039 718 1121 quanto
744 1025 887 1096 taudem
907 1025 1027 1096 studio
1049 1025 1166 1096 debeo
1195 1039 1334 1095 naturae

267 1159 355 1206 meae
373 1134 701 1232 consuetudinique
721 1137 878 1206 servire?
898 1140 963 1206 ΑΗ
991 1135 1036 1206 de
1061 1133 1183 1207 officio
1205 1131 1332 1205 delen-

268 1247 379 1318 sionis
398 1271 485 1316 meae
507 1241 572 1316 ac⁸
594 1244 640 1316 de
658 1247 799 1316 ratione
818 1247 1055 1317 accusationis
1072 1261 1162 1333 tuae,
1180 1243 1334 1318 fortasse

267 1357 376 1427 etiam
395 1355 461 1426 alia
477 1357 514 1424 in
530 1369 630 1453 parte
649 1357 822 1426 orationis
840 1355 1034 1427 dicendum
1051 1355 1158 1427 nobis
1176 1359 1253 1427 erit.

317 1463 387 1536 Sed
406 1476 509 1551 met,
535 1464 699 1559 judices,
723 1489 798 1534 non
823 1469 941 1536 minus
964 1467 1119 1537 hominis
1143 1465 1334 1564 sapientis-

269 1575 348 1645 simi
379 1589 489 1672 atqne
518 1575 761 1663 ornatissimi,
791 1578 865 1645 Ser.
897 1577 1069 1674 Sulpicii,
1097 1576 1334 1674 conquesti0‚

270 1707 380 1778 quam
397 1687 542 1756 Catonis
558 1686 735 1756 accusatio
749 1686 1002 1757 commovebat
1022 1716 1029 1757 :
1048 1691 1111 1784 qui
1128 1687 1334 1784 gravissime

271 1807 308 1862 et
327 1793 553 1866 acerbissime
573 1792 666 1866 ferre
681 1794 788 1881 dixit,
805 1820 864 1866 me
878 1793 1121 1868 familiaritatis
1139 1798 1335 1867 necessitu-

269 1901 435 2000 dinisque
448 1915 478 1953 ¹⁰
490 1904 663 1996 oblitum,
682 1929 825 1975 causam
841 1911 880 1976 L.
898 1911 1058 1978 Murenae
1077 1922 1204 1977 contra
1221 1931 1259 1976 se
1272 1905 1336 1976 de-

269 2011 428 2084 sendere.
454 2015 552 2084 Huic*
565 2037 650 2110 egn,
667 2013 824 2108 judices,
848 2015 1031 2088 satifacere
1049 2017 1179 2115 cupio,
1196 2041 1337 2112 vosque

267 2121 442 2194 adhibere
464 2122 617 2193 arbitros
628 2133 670 2191 ¹¹.
682 2127 771 2194 Nam
788 2149 902 2221 quum
918 2149 1024 2222 grave
1039 2142 1110 2215 est,
1129 2150 1213 2197 rere
1231 2149 1337 2194 accu-

267 2234 337 2302 sari
351 2236 389 2303 in
403 2235 574 2320 amicitia,
593 2248 692 2321 tum,
709 2235 848 2305 etiamsi
869 2233 957 2307 salso
972 2238 1169 2326 accuseris,
1185 2260 1260 2306 non
1279 2249 1338 2306 est

269 2342 537 2440 negligendum.

305 2457 412 2551 ¹Ego,
430 2455 501 2525 Ser.
526 2453 681 2550 Sulpici,
701 2479 760 2526 me
782 2460 820 2526 in
843 2459 1017 2554 petitione
1038 2473 1099 2528 tua
1122 2457 1188 2528 tibi
1212 2456 1338 2527 omnia

269 2562 384 2633 studia
403 2577 513 2660 atque
531 2563 669 2652 officia,
688 2589 756 2663 pro
773 2582 895 2638 nostra
912 2569 1193 2654 necessitudine,
1214 2581 1249 2636 et
1271 2565 1337 2636 de-

267 2668 389 2744 buisse
417 2673 617 2758 confiteor,
647 2689 683 2746 et
711 2678 915 2772 praestitisse
938 2679 1105 2750 arbitror.
1129 2677 1226 2751 Nihil
1247 2675 1337 2760 tibi,

268 2783 496 2854 consulatum
515 2789 671 2881 petenti,
691 2811 710 2856 a
729 2811 787 2857 mc
806 2787 921 2860 defuit
935 2789 1069 2886 ,quod
1090 2801 1182 2861 esset
1205 2801 1267 2858 aut
1288 2786 1338 2858 ab

268 2895 401 2977 amico,
425 2909 486 2964 aut
503 2919 521 2964 a
539 2899 753 3004 gratioso¹²,
771 2913 871 2969 auta
893 2903 1041 2973 consule
1065 2898 1337 3022 postulandum.

266 3001 363 3075 Abiit
377 3003 466 3074 illud
481 3019 651 3102 tempus:
670 3021 807 3077 mutata
821 3013 913 3080 ratio
929 3026 993 3082 est.
1009 3015 1066 3081 Sic
1084 3011 1264 3092 existima,
1284 3009 1338 3076 sic

269 3115 358 3184 mrhr
367 3113 578 3212 persuadeo,
588 3139 647 3184 me
662 3115 726 3184 tibi
744 3119 1056 3191 contrahonorem
1067 3117 1144 3189 ¹³1..
1156 3121 1339 3200 Murena,

301 3302 326 3348 6.
346 3301 400 3348 Vici
411 3312 534 3348 naturam.
549 3301 629 3348 Meam
642 3302 759 3350 indolem.
821 3307 926 3355 Cicero
918 3325 970 3372 ipse
983 3310 1009 3355 iu
1022 3309 1132 3356 oratioue
1143 3321 1189 3370 pro
1198 3319 1252 3368 rege
1261 3303 1339 3360 Deio-

303 3396 326 3441 7
340 3380 413 3446 Vulg.
434 3383 480 3429 Ac.
499 3381 623 3429 Paruimus
639 3383 779 3430 auctoritati
822 3388 874 3426 turo
888 3377 1247 3440 hasdansvocessxplauavit:
1265 3371 1337 3420 lanai-

264 3459 400 3515 Gunavat,
412 3459 444 3506 ad
452 3460 504 3508 Cic.
514 3460 591 3508 Acad.
602 3463 634 3518 tt,
645 3465 668 3510 8.
682 3465 706 3511 J.
708 3461 776 3509 V..L
821 3456 947 3505 lrarrtatem
955 3455 1107 3504 consuetudo
1117 3453 1210 3514 attulit
1219 3465 1338 3500 summam

254 3597 260 3608 ¹
302 3540 326 3586 8.
343 3538 441 3586 Iallem.
459 3553 489 3585 ne
508 3537 642 3602 duplicaret
660 3557 705 3601 ac,
722 3549 779 3604 post
823 3551 881 3583 vem
889 3534 1090 3583 uecessitudinem
1099 3529 1338 3596 magnaeiusofficia

267 3619 349 3677 dedit,
360 3630 384 3664 et
394 3617 426 3664 de
437 3633 457 3664 r.
470 3634 522 3665 acc.
534 3619 590 3667 tisae.
603 3619 626 3667 J.
636 3621 667 3667 V.
679 3621 706 3665 L.
727 3617 728 3622 ’
823 3616 894 3662 inrue
902 3615 1099 3662 etiusaercitum
1106 3629 1187 3661 meum
1196 3612 1338 3659 effecerunt.

304 3715 329 3762 9.
349 3696 399 3744 Sed
415 3712 461 3745 me.
488 3697 585 3746 Transit
602 3714 617 3745 a
637 3697 729 3746 Catone
747 3697 779 3744 ad
861 3709 901 3742 tr.
917 3692 1035 3742 Arbitros.
1049 3695 1150 3757 Egregie
1163 3692 1220 3740 facit
1232 3689 1340 3738 arbitros

268 3777 342 3825 altum
352 3785 516 3824 accusatorem
526 3779 577 3826 Ser
587 3776 783 3841 sulpiciumque
822 3771 916 3833 judices
932 3772 1004 3832 hujus
1019 3772 1067 3830 rel,
1084 3787 1139 3837 quae
1156 3781 1224 3819 extra
1241 3783 1338 3816 uuum

270 3856 373 3921 probare
391 3854 473 3903 studet
493 3873 517 3905 se
538 3857 605 3904 omni
628 3855 700 3920 culpa
718 3856 780 3920 laesse
824 3861 892 3899 esset.

269 3936 382 3984 amicitiae
392 3949 481 3994 carere,
490 3951 535 3983 nee
544 3935 677 3998 quidquam
684 3934 780 3999 pristini
865 3945 903 3977 rs.
914 3933 938 3977 A
946 3930 1066 3994 gratioso.
1079 3929 1119 3978 Ab
1126 3929 1225 3976 bomine
1235 3931 1277 3991 qut
1287 3939 1338 3990 gra·

270 4013 379 4062 studii
357 4031 379 4062 er
394 4014 533 4063 detraxisse.
826 4011 858 4058 tis
869 4009 948 4073 aliqua
960 4009 1058 4058 valeret.

309 4107 346 4142 to.
357 4091 539 4142 transtrorum
547 4091 780 4157 necessitudinisque.
865 4091 903 4140 13.
923 4090 1014 4137 Cotatra
1027 4089 1150 4137 Itanos-em.
1170 4087 1203 4136 Ut
1217 4085 1340 4134 obstarem
