2988 4668
281 384 352 456 608
450 385 825 455 OBSERVATIONFS
851 383 1183 457 APotoGETICAE

278 524 325 589 et,
338 507 362 569 si
380 527 414 569 se
430 493 570 568 multum
581 505 662 586 juris
679 503 821 568 scientiae
838 505 985 587 dederit,
1003 507 1183 594 plurimum
1201 505 1241 572 de
1259 507 1340 572 cultu

278 612 432 676 orationis
446 625 543 698 atque
555 613 679 698 impetu
694 611 848 676 amittet».
872 612 991 678 Praeter
1001 613 1084 694 ista,
1102 637 1208 676 unum
1223 631 1339 678 tantum

278 741 400 782 annum
419 717 461 798 Q.
479 717 626 780 Scaevolae
646 739 778 804 operam
797 713 888 781 dedit
902 717 967 804 (r),
984 735 1018 782 et
1035 735 1147 806 postea
1168 720 1211 783 ita
1229 741 1262 782 se
1277 719 1340 782 loro

279 841 311 888 et
329 823 493 887 anzbitroni
507 820 556 910 (a)
573 820 710 902 addixit,
729 837 767 885 ut
783 825 926 906 nullum,
948 825 1010 887 nisi
1030 825 1207 889 subsecivus
1227 825 1342 912 aliquas

279 930 374 994 horas
390 928 448 1017 (3),
469 929 630 1016 reliquum
646 944 774 1016 tempus
791 928 941 1012 haberet,
958 928 1048 1018 quod
1061 931 1274 1019 philosophiae
1285 947 1342 994 stu·

276 1035 330 1100 dio
351 1033 565 1122 impenderet.
585 1031 675 1116 Quid
691 1033 817 1097 multa?
838 1035 1037 1100 Humiliores
1056 1037 1138 1116 juris
1157 1052 1283 1124 partes,
1307 1035 1342 1098 de

276 1141 395 1228 quibus
412 1139 514 1202 nihilo
540 1140 649 1202 minus
678 1138 799 1228 populo
820 1137 1087 1227 respondendum
1111 1158 1201 1222 erat,
1224 1142 1342 1228 ipsese

275 1262 483 1309 contemnere
492 1243 537 1331 (4)
553 1241 733 1332 profitetur,
744 1259 778 1306 et
795 1244 871 1307 alibi
887 1243 1006 1332 ait(5):
1020 1245 1071 1308 «Ν
1074 1245 1131 1308 ihil
1145 1245 1210 1308 hoc
1223 1242 1264 1308 ad
1276 1247 1341 1324 jun

274 1350 316 1416 ad
326 1350 539 1431 Ciceronem,
558 1350 726 1438 inquiebat
736 1350 845 1414 Gallus
862 1367 985 1432 noster,
1001 1352 1029 1415 si
1045 1352 1118 1439 quis
1134 1350 1176 1415 ad
1192 1373 1268 1414 curn
1287 1349 1342 1415 tale

275 1455 354 1547 quid
377 1457 552 1538 retulerat,
578 1471 616 1518 ut
635 1453 677 1519 de
695 1455 779 1519 lacto
801 1473 1035 1544 quaereretur».
1060 1459 1109 1521 De
1121 1457 1196 1538 jure
1210 1458 1342 1521 interro·

275 1565 435 1654 gabantur
451 1565 569 1651 periti,
585 1561 625 1625 de
640 1561 727 1626 facto
744 1563 907 1646 or'atores,
924 1562 965 1627 ad
983 1586 1067 1651 quos
1086 1587 1202 1628 omnes
1221 1578 1343 1628 contro-

274 1672 383 1735 versiae
403 1670 467 1733 «ab
487 1670 542 1752 iis,
560 1691 701 1756 quorum
727 1669 895 1758 negotium
914 1686 1002 1751 erat,
1017 1670 1174 1734 consultae
1189 1685 1223 1733 et
1236 1669 1342 1756 exqui-

274 1778 342 1842 sitae
359 1776 406 1863 (6)
430 1774 701 1857 deferebantur»,
723 1790 756 1838 et
774 1775 834 1838 hac
852 1773 893 1839 de
911 1792 1030 1857 refut
1046 1776 1080 1839 in
1098 1776 1275 1865 Augurali,
1301 1775 1342 1838 sic

130 1897 133 1907 “
200 1913 202 1916 ·
273 1883 370 1946 etiam
386 1882 420 1944 in
437 1881 521 1944 civili
543 1879 736 1968 prudentia,
762 1909 775 1934 ι
791 1903 863 1967 quae
884 1903 951 1945 una
980 1904 1055 1946 cum
1077 1883 1203 1969 populo
1228 1879 1341 1944 didice-

272 2004 322 2052 rat
336 1985 401 2074 (7),
418 2009 558 2073 quaeque
574 2008 658 2073 saepe
675 1986 708 2048 in
734 1987 950 2050 concionibus
974 2009 1128 2074 responsa
1148 2003 1281 2068 erant»,
1304 1987 1342 2048 ita

272 2108 424 2174 noverat,
438 2108 476 2154 ut
490 2091 548 2155 nin
564 2091 637 2172 jure
656 2091 740 2154 civili
757 2089 814 2178 (8),
829 2093 1025 2179 praesertim,
1043 2115 1147 2179 quum
1160 2092 1197 2155 in
1215 2091 1342 2170 caussis,

272 2202 355 2265 etin
372 2199 530 2290 negotiis,
546 2198 621 2261 etin
640 2185 714 2262 foro
733 2199 967 2282 contereretur,
986 2201 1062 2264 satis
1078 2201 1263 2266 instructus
1281 2219 1342 2263 esse

273 2305 437 2394 potuerit,
469 2301 510 2367 ad
535 2303 599 2367 hoc
619 2302 789 2386 duntaxat,
823 2327 865 2368 ne
887 2305 923 2368 in
946 2305 1049 2395 patria
1071 2327 1130 2369 sua
1155 2306 1341 2396 peregrinus

272 2429 371 2500 atquc
386 2409 510 2474 advena
523 2431 593 2472 esse
609 2408 794 2474 videretur»
804 2409 862 2497 (9).

272 2622 330 2671 artis
343 2597 470 2668 rhe’toriee
480 2618 619 2666 summatim
631 2617 750 2668 collectis.
767 2620 855 2668 Exstat
864 2635 922 2686 pag.
931 2620 981 2668 302
992 2635 1064 2684 seqq.
1074 2619 1140 2668 inter
1149 2619 1272 2670 Rhetores
1284 2618 1342 2669 hri-
1445 2655 1446 2704 q

272 2727 318 2760 nos
328 2709 434 2758 aditosr
450 2711 480 2758 ll.
494 2707 600 2760 Pithoeo.
937 2707 939 2712 “

307 2813 345 2880 (ι)
363 2814 493 2878 Colligitur
503 2811 552 2861 hoc
565 2828 597 2860 ex
604 2813 695 2874 Bruto,
707 2828 761 2876 oap.
774 2812 807 2876 89
819 2826 827 2860 t
849 2828 906 2860 nam
918 2811 967 2862 ait:
981 2833 993 2856 ι
1001 2812 1167 2876 consequenti
1176 2829 1246 2862 anno
1255 2815 1287 2876 Q.
1295 2813 1338 2859 Vs·

271 2905 321 2952 rina
332 2919 374 2951 sua
384 2903 438 2966 lege
451 2902 579 2949 damnatus
590 2911 735 2950 exornent.
743 2902 795 2964 Ego
804 2911 884 2949 autem
893 2901 956 2961 juris
965 2899 1045 2948 civilis
1052 2900 1137 2949 studio
1148 2901 1253 2950 multum
1265 2914 1340 2965 opere

272 2995 371 3054 dabam,
383 3003 429 3041 etc.
437 3015 450 3034 »v
463 3007 523 3038 mox
535 2989 620 3038 addit:
639 3011 651 3032 ι
663 2991 728 3038 Huic
740 3005 806 3038 anno
821 2991 962 3055 proximus,
977 2989 1042 3038 Sulla
1053 2990 1157 3038 consule
1168 3001 1194 3038 et
1209 2991 1339 3055 Pompeio,

272 3083 330 3131 luit.
338 3117 359 3130 ..
373 3078 506 3143 eodemque
518 3089 628 3142 tempore
640 3087 718 3126 totum
731 3093 770 3125 me
782 3077 895 3140 Philoni,
908 3077 1047 3129 Academia
1057 3079 1185 3142 principi,
1199 3077 1321 3127 tradidi».
1336 3103 1341 3121 .

310 3195 349 3262 (a)
366 3193 444 3244 Acad.
454 3193 499 3242 lib.
508 3195 536 3253 1,
550 3208 604 3256 cap.
620 3193 634 3240 3
647 3208 655 3255 ;
674 3191 704 3241 de
714 3193 784 3244 Orat.
795 3193 841 3241 lib.
849 3195 870 3252 1,
884 3208 937 3257 cap.
953 3209 963 3240 r
976 3208 984 3252 ;
997 3188 1146 3244 adstetit.
1158 3195 1235 3259 1,ep.
1247 3208 1287 3241 ro.

307 3300 347 3367 (3)
359 3303 397 3348 De
411 3300 485 3364 Legg.
496 3297 542 3345 lib.
555 3301 584 3358 1,
594 3313 649 3362 cap.
662 3299 686 3346 ³.
925 3270 930 3279 Ι

308 3404 346 3474 (4)
359 3405 423 3456 ibid.
433 3405 477 3453 lib.
491 3407 517 3461 1,
533 3419 586 3468 cap.
604 3411 628 3460 4.

306 3513 346 3581 (5)
359 3511 450 3578 Topic.
462 3525 516 3574 cap.
528 3523 568 3558 ra.

305 3616 344 3684 (6)
357 3619 394 3666 Dc
407 3618 524 3674 Oratore,
534 3613 615 3671 lib.1,
632 3627 689 3678 cap.
698 3612 742 3662 ts.

304 3727 346 3794 (7)
360 3730 408 3776 Pro
422 3727 517 3783 Domo,
528 3739 583 3789 cap.
600 3721 641 3771 1⁵.

307 3833 345 3900 (8)
358 3833 395 3879 De
405 3832 474 3879 Orat.
486 3827 510 3876 d.
523 3827 541 3877 l.

306 3940 344 4007 (9)
355 3941 417 4004 Quis
434 3948 548 4003 praterea
563 3935 672 3995 miretur,
690 3935 768 3982 virum
780 3934 949 4000 ingeniosum,
962 3934 1056 3982 etiamsi
1064 3933 1147 3999 legum
1157 3950 1261 4000 prorsus
1271 3946 1337 3982 rous
1445 3929 1446 3932 ’

268 4030 407 4093 imperitum
418 4063 425 4088 ,
437 4026 551 4074 nonnihil
570 4042 601 4072 ex
614 4026 670 4085 jure
685 4023 751 4071 civili
765 4023 926 4078 addidicisse,
939 4035 1071 4088 postquam
1085 4034 1110 4070 et
1124 4037 1218 4087 prtstor
1231 4035 1331 4090 repeton

269 4117 306 4166 dis
315 4117 425 4181 pecuniis
439 4115 536 4173 munt,
547 4111 709 4178 magnamquc
719 4113 872 4177 provinciam
883 4127 929 4176 pro
941 4111 1040 4161 consule
1050 4111 1252 4162 adminismaset.
