2986 4670
249 385 317 458 262
575 391 623 458 M.
645 391 684 458 T.
711 389 992 460 CICERONIS

247 533 353 584 move
368 525 402 582 te
418 534 437 580 a
452 509 657 608 suspicione
670 509 822 605 alicujus
836 517 889 581 tui
906 509 1105 598 commodi;
1120 510 1175 584 fae
1187 511 1319 600 fidem,

246 635 283 693 te
301 619 411 707 nibil,
435 622 502 691 nisi
525 621 651 720 populi
674 621 866 694 utilitatem
892 635 928 694 et
952 619 1111 692 fructum
1134 648 1318 720 quaerere3

246 733 323 803 sine
346 731 391 802 ad
412 733 500 802 alios
524 746 756 829 potestatem,
777 732 820 802 ad
846 747 881 802 te
903 733 1052 829 gratiam
1072 730 1239 803 beneficii
1263 734 1319 804 tui

246 843 444 940 pervenire.
471 846 561 914 Nam
586 841 657 913 hoc
680 843 827 939 quidem
851 845 910 913 vix
932 856 986 913 est
1004 840 1149 912 liberi¹⁴
1167 843 1319 942 populi,

245 953 305 1021 vix
321 967 521 1022 vestrorum
539 955 744 1023 animorum
762 978 802 1024 ac
817 951 1102 1050 magnificentie.

293 1067 354 1134 IX.
377 1065 467 1152 Quis
491 1062 608 1160 legem
631 1063 738 1134 tulit?
762 1065 901 1135 Rullus.
928 1065 1019 1154 Quis
1042 1064 1217 1159 majorem
1238 1087 1320 1159 pur-

245 1189 320 1245 tem
337 1172 465 1272 populi
483 1171 661 1271 suffragiis
680 1175 878 1272 privavit¹i
900 1174 1038 1246 Rullus.
1057 1177 1148 1264 Quis
1162 1175 1319 1245 comitiis

245 1281 410 1381 praefuiti
431 1284 568 1354 Rullus.
596 1285 686 1373 Quis
710 1283 848 1372 tribus,
872 1309 963 1382 quas
983 1284 1116 1370 voluit,
1139 1285 1319 1370 vocavit²,

246 1393 351 1464 nullo
381 1391 557 1466 custode³
586 1395 760 1465 sortitus?
788 1396 926 1468 Rullus.
956 1399 1048 1486 Quis
1076 1394 1319 1480 decemviros,

247 1527 342 1601 quos
364 1503 496 1593 voluit,
520 1506 763 1577 renuntiavit?
783 1505 879 1576 idem
898 1504 1060 1576 Rullusl.
1075 1506 1192 1593 Quem
1216 1504 1321 1601 prin-

247 1610 393 1712 cipem⁵
410 1616 654 1688 renuntiavit?
666 1615 824 1687 Rullum.
837 1618 924 1701 Vix,
942 1613 1166 1702 mehercule,
1185 1610 1320 1686 servis⁶

250 1722 322 1793 hoc
338 1747 421 1794 erun
433 1726 525 1811 suis,
541 1749 616 1795 non
632 1725 735 1798 vobis
745 1737 771 1813 ⁷,
785 1727 949 1796 omnium
963 1727 1126 1822 gentium
1142 1723 1321 1812 dominis,

248 1829 488 1932 probaturum
508 1835 712 1907 arbitrarer.
730 1840 886 1934 Optimae
901 1830 1021 1932 leges⁸
1037 1835 1145 1931 igitur
1157 1833 1226 1904 hac
1241 1833 1320 1930 lege

248 1945 327 2014 sine
350 1943 424 2014 ulla
446 1947 661 2041 exceptione
687 1946 875 2017 tollentur.
901 1946 1003 2018 Idem
1030 1943 1124 2016 sibi⁹
1151 1967 1214 2015 sua
1241 1943 1322 2041 lege

249 2056 472 2123 curationem
494 2068 611 2150 petet3
630 2053 745 2142 idern,
764 2058 901 2153 majore
918 2071 1021 2154 parte
1041 2055 1170 2155 populi
1189 2053 1320 2125 suffra·

249 2164 316 2258 giis
338 2163 507 2261 spoliata,
530 2167 675 2236 comitia
699 2165 864 2256 habebit3
886 2191 979 2265 quos
1004 2167 1121 2252 volet,
1148 2179 1259 2262 atque
1283 2167 1321 2236 in

249 2274 347 2345 iisse
367 2277 487 2371 ipsum
511 2275 759 2348 renuntiabit:
788 2293 824 2350 et
850 2277 1017 2349 videlicet
1041 2275 1196 2372 collegas
1216 2299 1320 2361 suos,

250 2381 489 2480 adscriptorcs
506 2385 592 2481 legis
604 2397 636 2434 ¹⁰
654 2389 798 2484 ngrariae
812 2413 889 2458 non
904 2385 1127 2486 repudiabit,
1146 2409 1167 2456 a
1185 2385 1322 2482 quibus

288 2611 329 2660 rt.
349 2605 431 2652 Liberi
444 2606 538 2670 popuii.
563 2608 657 2655 Etenim
679 2607 761 2672 ignari
804 2617 846 2656 aut
868 2609 977 2657 centuria
1000 2609 1080 2672 elegit.
1103 2609 1201 2672 Quique
1221 2607 1322 2656 comitia

251 2693 344 2732 tantum
366 2694 391 2732 et
412 2685 495 2750 cupidi
517 2697 553 2733 est
575 2685 672 2750 plebem
693 2687 761 2734 rania
805 2685 892 2746 babet,
910 2685 1005 2751 populo
1024 2687 1189 2750 magistratum
1207 2701 1264 2734 eum
1284 2702 1323 2734 re-

250 2763 390 2812 nominibus
406 2765 530 2830 deceptam
548 2765 582 2812 ita
600 2765 694 2814 insidiis
714 2768 762 2813 cir·
805 2767 920 2824 nuntiet,
937 2781 1010 2829 quem
1024 2765 1105 2830 plures
1119 2763 1251 2828 elegerunt.

250 2845 406 2906 convenire,
420 2855 447 2892 ut
459 2861 534 2908 quum
548 2860 590 2892 sua
605 2845 676 2893 vobis
695 2862 762 2894 corn-
842 2845 867 2892 6.
882 2843 966 2893 umis.
980 2845 1058 2892 Tanta
1072 2843 1131 2908 legis
1143 2845 1216 2903 buius
1229 2855 1266 2892 est
1279 2860 1323 2892 au·

250 2921 324 2971 moda
354 2923 519 2982 commiserit,
550 2934 636 2971 vestrae
670 2933 761 2973 tentum
806 2921 875 2970 decia
889 2933 913 2971 et
932 2921 1078 2985 indignitas,
1096 2933 1124 2970 ut
1144 2941 1198 2970 earn
1214 2940 1245 2971 ne
1258 2925 1323 2973 servi

250 3003 386 3050 inserviatis
406 3001 512 3049 utilitati.
533 3001 668 3050 Prtesertim
689 3018 764 3068 quum
808 3001 906 3066 quidem
929 3002 1051 3065 suscipere
1071 3002 1170 3050 vellent.
1194 3003 1256 3051 Nam
1277 3020 1323 3068 per

252 3097 297 3128 vos
307 3081 424 3142 jactitatis
443 3081 522 3145 plebia
542 3081 614 3129 unius
633 3097 704 3130 causa
719 3099 765 3131 vos
807 3093 860 3128 eam
875 3079 962 3129 Rullus
979 3096 1076 3129 omnem
1092 3081 1141 3128 sibi
1157 3081 1264 3130 vindicat
1277 3099 1323 3148 po·

252 3175 331 3224 agere.
807 3159 923 3219 tentiam
943 3175 1019 3208 vosne
1033 3161 1109 3224 igitur
1123 3162 1234 3210 omnium
1251 3173 1324 3210 terra·

288 3239 334 3287 tx.
356 3254 378 3288 r.
399 3239 501 3302 Aliquot
517 3239 580 3288 Mss
598 3249 622 3287 et
634 3238 673 3288 ed.
688 3241 765 3301 1481,
807 3253 860 3286 rum
875 3238 968 3287 domini
980 3239 1042 3287 illud
1057 3241 1183 3297 crucietis,
1196 3241 1265 3305 quod
1277 3241 1323 3290 bo·

249 3315 382 3383 prohibuit.
397 3320 421 3367 J.
431 3319 462 3366 V.
472 3317 499 3367 L.
806 3317 883 3367 mines
897 3317 1007 3366 vilissimi
1019 3333 1071 3367 non
1085 3319 1195 3369 ferrent?

289 3412 314 3446 a.
330 3396 391 3445 Cod.
404 3397 493 3446 Erfurt.
506 3397 617 3447 evocavit.
629 3400 653 3447 J.
663 3397 695 3446 V.
711 3399 737 3446 1..
844 3417 867 3462 7.
890 3399 1004 3448 Gulielm.
1029 3401 1093 3460 conj.
1113 3415 1145 3449 ne
1165 3399 1253 3458 vobis,
1280 3411 1322 3449 ant

289 3477 314 3526 3.
337 3475 412 3524 Nullo
434 3475 539 3525 custode.
562 3479 642 3539 Quum
665 3477 762 3527 comitia
806 3477 896 3526 nedrtm
907 3479 987 3528 votis.
1005 3483 1029 3529 J.
1040 3479 1074 3526 V.
1090 3481 1117 3527 L.

253 3559 339 3606 Romae
358 3555 518 3616 haberentur,
538 3555 636 3618 qnidam
658 3556 706 3604 viri
725 3557 764 3606 his
844 3557 869 3605 8.
886 3557 1074 3622 Optimoeleges.
1093 3557 1181 3605 Ebutia
1195 3557 1286 3606 scilicet
1299 3567 1324 3605 et

253 3635 379 3699 prepositi
404 3646 473 3684 erant
497 3633 625 3682 custodum
653 3635 764 3696 nomine3
810 3635 909 3684 Licinia.
922 3637 1025 3683 —Sine
1038 3635 1186 3700 exceptione.
1205 3637 1324 3683 Funditus

251 3715 340 3763 borum
363 3727 442 3778 purten
472 3723 540 3761 erurrt
568 3713 714 3777 probibere,
735 3731 766 3764 ne
811 3713 940 3773 tollentur,
953 3726 980 3762 ut
994 3715 1088 3764 nullum
1102 3729 1183 3764 carum
1196 3715 1323 3780 vestigium

254 3811 302 3858 qua
317 3795 381 3841 imus
395 3793 446 3841 ullo
462 3792 535 3840 modo
551 3789 603 3841 fieri
618 3805 710 3859 posset.
810 3793 924 3857 supersit.

292 3881 317 3928 k.
331 3873 408 3922 Abest
422 3871 514 3920 trullus.
527 3873 551 3920 J.
564 3875 594 3920 V.
609 3875 635 3921 L.
846 3887 871 3936 p.
888 3871 952 3932 Atti,
962 3873 1025 3920 idem
1034 3873 1096 3938 legt's
1107 3871 1159 3922 sibi.
1171 3873 1195 3921 J.
1206 3876 1237 3921 V.
1247 3873 1275 3922 L.

292 3954 315 4000 5.
327 3953 402 4014 Quem
406 3951 550 4015 principem.
558 3952 664 4000 Primum
673 3952 767 4001 decem·
850 3967 888 4001 ro.
903 3953 1064 4017 Adscriptores
1078 3951 1145 4018 legis.
1165 3951 1222 4001 Non
1237 3951 1324 4000 Rullus

255 4029 564 4078 virum-ttenumiaote.
578 4033 705 4080 Proeconn
717 4031 767 4095 pri·
811 4032 874 4078 banc
896 4032 973 4095 legem
993 4047 1057 4080 nnus
1080 4041 1160 4079 mente
1179 4043 1324 4096 conceperat

256 4125 321 4163 muru
335 4110 475 4158 renuntiant
488 4125 560 4174 quem
575 4125 677 4174 quaeque
690 4110 767 4160 tribua
812 4111 1003 4174 ordinaretque,
1022 4111 1116 4162 sueram
1132 4121 1156 4158 et
1173 4109 1213 4158 alii
1229 4109 1324 4158 conuttt
