2934 4680
339 365 533 435 onsrro
557 367 663 435 rao
690 368 729 434 s.
756 365 1031 436 cnunurro.
1171 361 1217 458 75

152 481 295 556 anobis
312 482 410 554 illam
436 484 610 583 appellari
633 499 797 584 putatote
816 515 824 558 :
847 488 902 558 siu
922 500 1043 558 autem
1062 499 1168 557 erunt
1185 499 1221 556 et

151 607 273 690 aperta
295 607 334 664 et
355 591 508 683 nasama,
541 594 709 668 Cluentio
736 597 922 694 ignoscere
941 593 1098 681 debetis,
1120 593 1222 694 quod

150 701 226 774 haec
238 727 259 774 a
273 727 333 774 me
347 701 418 776 dici
431 705 607 803 patiatur3
634 705 725 776 mihi
737 707 923 803 ignoscere
934 731 1012 779 uon
1026 703 1221 793 deberetis,

151 813 183 884 si
197 827 364 884 tacerem.
829 891 834 895 ,

200 926 280 995 vlt.
300 927 408 994 Nunc
423 923 497 1018 jam
513 927 720 996 summatim
734 949 931 1024 exponam,
949 923 1085 1023 quibus
1103 925 1223 997 crimi-

152 1030 282 1104 nibus¹
304 1036 527 1131 Oppianicus
551 1032 742 1107 damnatus
760 1041 827 1124 sit;
849 1050 890 1107 ut
908 1049 945 1107 et
963 1037 1220 1106 constantiam·

151 1149 191 1216 A.
210 1143 389 1234 Cluentii,
411 1160 448 1216 et
467 1148 646 1216 rationem
663 1147 898 1218 accusationis
920 1147 1123 1242 perspicere
1143 1165 1224 1241 pos·

152 1255 238 1328 sitis.
261 1258 314 1326 Ac
331 1259 491 1354 primum
514 1279 620 1328 causa
641 1256 832 1328 accusandi
853 1281 934 1354 quae
955 1253 1084 1342 fuerit,
1102 1267 1222 1356 osten·

151 1365 254 1454 dam3
277 1379 320 1436 ut
343 1365 381 1436 id
400 1368 518 1464 ipsum
549 1372 589 1438 Α.
620 1364 829 1438 Cluentium
856 1363 916 1437 vi³
945 1380 982 1438 et
1013 1367 1223 1436 necessitate

152 1490 319 1549 eoactum
341 1475 466 1549 iecisse
485 1475 642 1548 videatis.

198 1589 325 1677 Quum
347 1585 536 1660 manifesto
556 1611 737 1660 venenum
760 1585 1095 1686 deprehendisset,
1123 1579 1223 1678 quod

152 1698 206 1769 vir
223 1699 349 1768 matris
371 1699 594 1797 Oppianicus
619 1703 652 1769 ei
678 1703 888 1797 paravisset,
908 1713 945 1769 et
962 1721 1019 1770 res
1040 1720 1114 1766 non
1135 1713 1222 1765 con'·

138 1807 305 1903 iectura,
324 1808 388 1880 sed
414 1809 529 1881 oculis
554 1833 596 1881 ac
620 1809 787 1880 manibus
814 1813 1016 1896 teneretur,
1039 1829 1159 1902 neque
1185 1804 1223 1872 in

152 1941 257 1990 causa
269 1919 344 1989 ulla
356 1917 534 1992 dubitatio
545 1934 768 2018 possetesse3
780 1922 958 1991 accusavit
969 1920 1222 2016 Oppianicum.

152 2031 270 2120 Quam
288 2043 509 2116 constanter,
528 2045 564 2101 et
583 2055 692 2126 quam
712 2029 917 2127 diligenter,
940 2041 1065 2126 postea
1081 2025 1221 2096 dicam:

151 2163 251 2210 nunc
265 2137 337 2210 hoc
352 2140 442 2211 scire
455 2164 520 2210 vos
533 2139 650 2227 volui,
668 2138 804 2211 nullam
815 2139 901 2211 huic
912 2139 1017 2210 aliam
1031 2132 1222 2208 accusandi

152 2273 296 2320 causam
317 2246 447 2336 luisse,
468 2250 538 2320 nisi
554 2252 608 2319 uti
626 2239 855 2348 propositum
867 2252 947 2321 vitae
966 2246 1168 2346 periculum
1186 2257 1222 2314 et

152 2357 382 2455 quotidianas
406 2359 531 2455 capitis
550 2358 694 2432 insidias
717 2359 783 2430 hac
801 2385 874 2430 una
899 2353 1060 2430 ratiune⁵
1084 2357 1222 2426 vitaret.

151 2472 289 2567 Atque,
315 2480 357 2537 ut
377 2466 601 2567 intelligatis,
621 2469 678 2540 his
696 2484 902 2541 accusatum
921 2493 997 2540 esse
1014 2463 1223 2539 criminibus

151 2579 415 2676 Oppianicum,
431 2594 473 2649 ut
491 2603 612 2676 neque
632 2595 818 2651 accusator
836 2582 983 2667 timere,
1004 2599 1123 2674 neque
1139 2595 1223 2645 reus

151 2713 296 2786 sperare
318 2687 486 2761 debuerit
506 2717 514 2760 ε
534 2688 672 2788 pauca⁶
689 2690 793 2762 vobis
818 2691 913 2762 illius
928 2687 1052 2784 judicii
1073 2686 1222 2758 crimina

152 2824 351 2898 exponam3
373 2799 507 2896 quibus
522 2803 692 2898 cognitis,
712 2827 820 2874 nemo
837 2815 997 2872 vestrum
1016 2797 1223 2881 mirabitur,

153 2910 272 3000 illum,
290 2909 516 2984 diffidentem
536 2911 644 2984 rebus
660 2913 750 3003 suis,
769 2911 813 2984 ad
826 2911 1031 2982 Stalenum⁷
1050 2921 1159 3004 atque
1176 2903 1220 2974 ad

154 3025 345 3119 pecuniam
362 3019 574 3119 confugisse.

185 3239 244 3286 Vll.
275 3253 298 3285 s.
322 3234 413 3299 Quibus
435 3235 583 3285 criminibus.
607 3237 665 3285 Non
710 3233 1221 3299 rissnimo‚nequeostentatione,ssdsola

154 3331 228 3364 uuum
247 3315 360 3364 veneficii
377 3317 482 3374 crimen,
501 3315 544 3363 sed
561 3315 666 3381 plurima
710 3317 817 3380 proprias
839 3313 922 3364 salutis
945 3331 1015 3363 causa
1035 3315 1169 3364 adductum
1190 3315 1222 3362 sd

155 3395 244 3456 obiecit
255 3395 395 3460 Oppianico
407 3395 542 3445 Cluentius.
711 3395 841 3460 Oppianici
852 3395 931 3444 vitrici
941 3395 978 3444 sui
993 3398 1170 3446 accusationem
1180 3411 1223 3442 ve·

189 3489 213 3522 a.
232 3473 411 3523 Constantium.
431 3476 461 3522 In
474 3475 612 3522 accusando
625 3473 668 3523 iir-
711 3477 781 3525 uisse.

156 3567 231 3612 mam,
245 3569 274 3601 ac
286 3565 479 3618 perseverantem
492 3553 579 3617 agendi
593 3557 667 3603 ratio·
748 3565 773 3612 4.
800 3553 1009 3620 Deprehendisset.
1034 3555 1064 3601 In
1085 3551 1226 3602 Scamandri

156 3647 224 3696 uem,
248 3649 298 3696 qna
317 3633 381 3681 liber
405 3650 433 3681 sc
456 3632 517 3680 nulli
543 3634 668 3682 obnoxius
712 3635 840 3694 manibus,
854 3635 896 3700 qui
907 3645 1033 3699 propterea
1045 3633 1171 3680 damnatus
1180 3641 1224 3679 est.

156 3723 281 3760 secunus
306 3711 493 3761 demonstratur.
518 3714 594 3776 Quod
617 3729 668 3760 non
749 3715 772 3763 5.
799 3717 854 3762 Una
873 3715 979 3762 ratione.
1003 3715 1064 3775 Quae
1083 3711 1153 3760 unica
1174 3721 1224 3760 erat

157 3790 249 3849 suissu,
259 3789 280 3838 si
286 3791 383 3850 judices
390 3791 544 3855 corrupisset.
556 3792 596 3840 Sic
607 3793 666 3841 inira
712 3793 811 3842 insidias
824 3793 916 3841 vitandi
930 3794 1000 3840 ratio.
1020 3791 1110 3839 Nescio
1124 3806 1168 3837 cur
1179 3793 1225 3839 Er·

156 3869 238 3917 eodem
248 3887 322 3918 seusu
333 3883 465 3935 usurpatur
473 3883 620 3920 constanter.
632 3901 667 3910 -
712 3875 791 3922 aestio
805 3873 894 3920 nnllam
908 3872 956 3918 rim
970 3870 1059 3918 habere
1072 3870 1190 3918 videatur.

158 3949 285 3996 dadonem
324 3951 495 4000 aestuationis.
530 3951 668 3999 Accusandi
748 3954 773 4001 6.
790 3957 882 4000 Parma.
902 3952 936 4010 Ut
950 3950 1019 4014 plura
1033 3960 1122 3998 restare
1135 3949 1224 3998 intelli-

158 4027 300 4087 sousilium,
310 4029 404 4093 gallice,
418 4029 440 4076 le
446 4033 516 4094 plan,
529 4031 551 4079 Ic
559 4031 667 4094 systiernc.
718 4043 775 4094 gant
782 4029 886 4090 judices.

194 4107 218 4156 3.
234 4108 268 4157 Vs'
277 4119 302 4156 ct
313 4109 463 4160 secuntum.
476 4112 533 4161 Non
546 4121 670 4160 accusato-
753 4129 775 4172 7.
785 4109 1002 4173 Stalenum.Quem
1009 4107 1224 4173 primumjudiuem
