3026 4680
242 410 313 499 ms
419 416 469 484 u.
492 394 712 486 r.c1c.'1u
737 416 777 484 n.
799 415 1069 503 errulum,
1085 416 1144 486 m.

292 535 383 607 Mihi
396 533 543 634 quidem
565 537 633 634 ipsi
651 535 742 635 quid
760 552 832 625 est,
850 534 951 636 quod
968 537 1043 632 jam
1068 537 1114 611 ad
1135 539 1216 610 vitae
1234 537 1317 612 fru-

245 662 342 720 ctum
358 645 472 744 possit
485 647 621 744 acquiri
633 700 643 735 ,
654 648 853 744 prasertim
863 671 978 745 quum
991 672 1111 746 neque
1123 652 1160 720 in
1172 648 1316 722 honore

125 752 132 765 “
152 767 154 776 ·
243 749 408 843 vestro⁵,
427 779 548 853 neque
570 758 609 828 in
627 755 742 854 gloria
758 757 923 844 virtutis,
949 757 1152 855 quidquam
1172 758 1314 832 videam

244 866 371 949 altius,
404 890 480 963 quo
509 863 660 963 quidem
691 865 779 938 mihi
806 867 916 940 libeat
943 866 1194 942 adscendere?
1219 867 1315 941 illud

244 974 428 1076 perficiam
441 973 624 1074 profecto,
638 979 818 1068 Quirites,
832 992 873 1048 ut
890 1002 950 1067 ea,
969 1003 1050 1076 quae
1064 982 1158 1075 gessi
1176 981 1215 1050 in
1228 1005 1315 1052 oon-

241 1086 383 1174 sulatu,
409 1083 592 1185 privatus⁶
610 1103 714 1160 tuear
733 1102 844 1186 atque
861 1113 989 1161 ornem
1012 1116 1021 1159 :
1040 1103 1099 1178 ut,
1118 1091 1148 1160 si
1167 1114 1239 1186 qua
1259 1104 1315 1160 est

244 1195 379 1270 invidia
399 1197 438 1268 in
454 1197 699 1268 conservanda
716 1196 906 1295 republica
928 1213 1113 1296 suscepta,
1131 1197 1235 1270 laedat
1254 1199 1311 1268 in·

243 1305 367 1395 vidos,
395 1305 485 1378 mibi
507 1305 623 1378 valeat
653 1305 697 1378 ad
720 1306 884 1404 gloriam.
911 1309 1081 1406 Denique
1112 1309 1162 1378 ita
1190 1331 1249 1378 me
1273 1309 1313 1378 in

244 1415 430 1515 republica
450 1413 630 1504 tractabo,
652 1431 696 1516 ut
712 1418 939 1488 meminerim
958 1441 1102 1516 semper
1127 1442 1210 1515 quse
1231 1441 1311 1515 ges-

245 1530 370 1614 serim,
393 1549 614 1624 curemque,
639 1541 681 1598 ut
710 1551 752 1598 ea
777 1528 931 1616 virtute,
956 1550 1034 1600 non
1058 1539 1185 1616 oasu7,
1213 1542 1314 1625 gesta

244 1663 324 1712 esse
336 1635 638 1724 videantunvos,
650 1637 831 1729 Quirites,
852 1633 1047 1733 quoniam⁸
1063 1637 1138 1732 jam
1153 1661 1227 1708 nox
1244 1650 1314 1722 est,

139 1799 142 1806 .
245 1748 468 1821 veneramini
484 1746 588 1818 illum
605 1751 776 1834 Jovemt,
810 1747 999 1820 custodem
1020 1747 1131 1844 hujus
1151 1747 1252 1820 urbis
1270 1771 1313 1820 ac

244 1871 404 1932 restrum
416 1867 474 1945 ¹⁰,
497 1870 607 1954 atque
631 1863 669 1928 in
699 1872 816 1928 vestra
838 1863 932 1930 tecta
962 1857 1161 1948 discedite3
1187 1873 1225 1931 et
1250 1882 1313 1945 ea,

244 1991 465 2069 quamquam
478 1967 550 2061 jam
568 1965 771 2064 periculum
784 1983 840 2040 est
853 1967 1067 2068 depulsum,
1080 1983 1313 2066 tamenaeque

245 2107 286 2154 ao
307 2079 421 2179 priori
438 2093 560 2166 nocte,
579 2078 751 2151 custodiis
766 2079 968 2178 vigiliisque
984 2079 1168 2152 defendite
1188 2107 1196 2150 :
1215 2078 1251 2150 id
1264 2103 1313 2150 ne

243 2189 349 2262 vobis
383 2187 520 2260 diutius
545 2185 752 2260 laciendum
774 2189 841 2277 sit,
873 2205 984 2288 atque
1012 2193 1113 2261 utin
1140 2203 1315 2290 perpetua

243 2325 331 2400 pace
345 2321 422 2372 esse
438 2299 603 2396 possitis,
621 2295 874 2397 providebon.

281 2463 305 2510 5.
319 2463 349 2508 In
366 2457 457 2508 bonore
472 2471 563 2508 verno.
580 2462 610 2508 in
627 2455 756 2509 consulatis
835 2477 860 2525 9.
877 2458 1035 2526 Veneramt'ei
1053 2457 1120 2508 iilum
1138 2459 1233 2508 tm.
1253 2459 1314 2507 llne

244 2555 295 2607 qno
318 2555 357 2588 me
378 2539 549 2589 honorariam.
569 2565 605 2578 -
624 2539 710 2604 Neque
728 2541 754 2588 ia
799 2555 876 2604 quum
886 2538 1074 2598 dimensam
1083 2535 1315 2600 templumstetorie

241 2618 336 2687 gioria.
351 2619 421 2668 Perta
433 2617 493 2666 meir
502 2619 573 2668 rebm
584 2619 672 2683 gestia
682 2635 755 2684 repn-
798 2617 1036 2682 tantummono
1044 2615 1186 2681 Capitolino
1194 2605 1315 2680 melmin,

242 2698 306 2747 blica
323 2695 462 2746 domesticis
477 2695 573 2746 insidiis
588 2697 753 2758 molehme,
799 2697 884 2763 quoin
894 2692 987 2762 templo
995 2695 1073 2760 prime
1084 2697 1110 2742 in
1120 2691 1249 2744 Catilinam
1260 2707 1316 2740 ora-

242 2777 362 2835 eoueiiio,
376 2773 486 2840 pmionlo
496 2775 611 2826 liberate:
621 2793 676 2842 qne
688 2787 755 2826 tenta
798 2775 835 2826 tio
846 2775 928 2824 bibita
941 2785 986 2824 est.
995 2773 1080 2826 Credit
1088 2775 1208 2824 Garaton.
1216 2771 1315 2835 signnm

243 2871 293 2916 eet,
314 2867 343 2908 nt
362 2855 436 2906 nullis
453 2855 508 2904 eliis
526 2857 620 2906 meritis
639 2859 755 2920 majorem
799 2855 901 2908 indieeri
914 2855 987 2906 iovis
1004 2853 1036 2902 ad
1055 2853 1138 2902 foruna
1155 2865 1313 2910 eonvennn,

242 2938 334 3008 poesim
344 2934 456 3001 adipieoi.
798 2937 827 2985 in
838 2934 934 2986 exeelse
946 2933 1060 2982 solumne
1071 2933 1121 2981 boe
1138 2933 1194 2996 ipso
1204 2929 1245 2979 die
1257 2967 1266 2993 ,
1284 2941 1315 2978 nt

278 3021 305 3068 6.
319 3016 442 3066 Privatus.
456 3013 576 3080 Deposito
590 3016 737 3078 magistratu.
799 3030 872 3080 snpra
883 3011 1175 3073 diximusmotloemm,
1185 3009 1314 3075 digitoque

281 3115 308 3158 7.
318 3093 682 3157 Virtute,aoneaeu.lnterdnm
691 3094 756 3142 enirn
800 3093 967 3142 demonstrati.

246 3176 318 3228 etim
327 3173 397 3240 previ
404 3173 516 3222 homines
526 3188 584 3220 enen
593 3173 684 3238 diqutd
694 3187 756 3238 pree·
838 3170 1086 3236 ro.0mtodemiujus
1091 3169 1314 3218 miraeum.

246 3257 337 3305 clerum
351 3241 377 3304 et
387 3251 545 3304 memorabile
556 3249 699 3316 perfidum
712 3251 756 3300 sed
800 3251 850 3316 Qui
862 3252 925 3300 henr
934 3251 1020 3299 urbem
1029 3267 1043 3299 a
1052 3247 1161 3309 flamme,
1170 3264 1214 3297 roe
1223 3263 1236 3294 e
1246 3244 1314 3294 etde

244 3343 330 3400 poete·
341 3331 444 3380 redeunt
457 3331 489 3379 ad
500 3331 624 3394 ingenium
635 3345 715 3390 enum,
724 3341 758 3379 at·
800 3342 846 3379 eno
860 3330 961 3378 numine
970 3341 1044 3394 etque
1057 3326 1150 3378 anxilio
1162 3325 1282 3374 libemit.

245 3409 756 3478 quebooipmindicenaidvirtntegeetnm
839 3425 880 3460 rr.
898 3409 1043 3460 Providebo.
1053 3408 1186 3458 Pellieetnr
1203 3421 1229 3454 ee
1242 3405 1313 3454 ‹htu-

243 3509 294 3542 non
307 3506 368 3545 esset
382 3489 449 3538 unde
458 3489 545 3538 Cicero
556 3489 586 3537 de
594 3485 620 3537 n:
630 3489 752 3540 Trebellio
800 3505 857 3539 rum
867 3504 980 3554 operam,
992 3500 1022 3537 ut
1033 3485 1267 3536 senatusconsultum
1281 3483 1313 3532 de

242 3573 361 3638 loquens,
380 3571 436 3634 qui,
449 3583 524 3633 quum
535 3567 666 3632 aliquando
676 3567 757 3618 boum
800 3567 931 3634 puniendis
936 3567 1068 3629 conjuratis
1075 3565 1256 3631 quamprimum
1261 3559 1312 3613 liet.

245 3653 307 3702 ciris
324 3652 422 3708 annet,
435 3657 521 3713 postes
538 3663 564 3696 ee
573 3645 605 3694 ad
619 3647 757 3696 Antonium
800 3647 859 3696 Pell.
870 3646 1028 3705 omnee‚item
1036 3645 1094 3694 edd.
1109 3659 1206 3692 necnon
1212 3641 1314 3692 HJJ.

247 3731 383 3782 contulerat
400 3744 407 3779 τ
423 3727 523 3790 «Quis,
542 3727 641 3791 inquit,
659 3737 696 3774 est
713 3727 757 3791 qui
799 3723 918 3787 adiiciunt
929 3724 1034 3789 Quirites
1048 3721 1254 3788 postprovr'deio.
1272 3721 1313 3768 Sic

243 3813 430 3862 bunenonoaeu
442 3805 756 3857 exieumetrecteteetnet·
800 3813 905 3869 quatuor
926 3803 1020 3866 antiqui
1043 3801 1139 3851 eodieee
1159 3811 1185 3850 et
1199 3810 1313 3864 excerpta

185 3949 191 3960 ¹
280 3893 305 3939 8.
329 3887 454 3954 Quoniam
469 3887 524 3956 jam
542 3902 595 3934 nor
618 3895 662 3934 est.
684 3887 754 3932 lieno
798 3881 904 3940 Pitboei,
920 3897 1017 3930 necnon
1028 3881 1105 3930 editio
1123 3879 1314 3929 Mediolenensin

244 3970 379 4017 orationem
396 3967 504 4015 bebitem
522 3981 573 4014 esse
590 3963 635 4012 sub
656 3971 754 4011 nortem
798 3963 855 4009 anni
867 3959 1312 4024 1698,ood.llerb.etnmqneveu.

243 4045 387 4098 Pluterrbus
400 4061 499 4110 qnoque
512 4055 623 4094 testetur.
799 4041 871 4089 Grut.
884 4041 967 4088 (trev.
981 4049 1006 4088 et
1018 4041 1100 4087 Gmt.

552 4187 999 4222 ..fl-*anm-
