2986 4670
418 333 926 427 necromantem,
952 336 1004 403 11.
1175 334 1244 434 257

175 453 257 526 dari
272 451 377 524 vobis
395 452 505 539 nihil,
530 451 731 526 condonari
747 455 853 522 certis
876 451 1084 528 hominibus
1106 463 1246 547 omnim

178 565 354 636 ostentari
381 561 519 660 populo
542 585 694 632 romano
718 584 842 656 agros,
864 564 953 658 eripi
975 568 1081 634 etiam
1102 565 1245 638 liberta-

177 688 277 760 tem3
306 673 527 768 privatorum
557 672 728 767 pecunias
755 672 897 766 augeri,
927 672 1088 768 publicas
1113 677 1248 750 exhau-

177 783 264 867 riri3
281 779 457 876 denique,
476 778 578 876 quod
591 795 645 850 est
657 779 962 876 indignissimum,
982 807 1046 880 per
1060 785 1248 860 tribunum

180 891 317 989 plebis,
346 913 457 988 quem
488 892 642 986 majores
670 890 857 987 praesidcm
881 890 1099 964 libertatis¹⁰
1127 911 1247 970 custo-

181 1003 341 1099 demque
370 1024 446 1072 esse
471 998 688 1088 voluerunt,
707 1024 810 1096 reges
834 1001 871 1070 in
896 1003 1038 1073 civitate
1064 1009 1245 1078 constitui.

182 1114 273 1200 Quae
298 1135 413 1208 quum
441 1133 667 1206 exposuero,
693 1112 722 1181 si
747 1110 832 1182 salsa
852 1110 998 1182 vobis¹¹
1027 1113 1249 1190 videbuntur

182 1245 281 1308 esse,
307 1244 438 1317 sequar
467 1223 725 1302 auctoritatem¹
746 1235 921 1307 vestram,
952 1222 1104 1294 mutabo
1132 1251 1250 1297 meam

182 1335 421 1416 sententiam3
447 1333 501 1400 sin
522 1329 666 1403 insidias
690 1327 769 1400 fieri
794 1329 952 1402 libertati
975 1347 1120 1421 vestrae,
1139 1337 1250 1406 simu·
1340 1367 1342 1376 ’

182 1441 316 1514 latione
354 1439 575 1535 largitionis,
611 1439 840 1536 intelligetis,
881 1442 1033 1514 nolitote
1063 1443 1251 1534 dubitare,

182 1551 342 1650 plurimo
362 1550 495 1622 sudore
514 1565 551 1622 et
570 1553 744 1645 sanguine
760 1551 940 1645 majorum
955 1547 1159 1625 vestrorum
1173 1579 1252 1652 par·

185 1680 276 1749 tarn,
297 1659 518 1758 vobisque¹²
551 1659 717 1732 traditam
749 1659 973 1744 libertatem,
1001 1663 1103 1735 nullo
1131 1682 1251 1738 vestro

183 1771 309 1843 labore
322 1769 365 1859 ‘³‚
385 1771 532 1843 consule
554 1771 774 1865 adjutorem,
801 1771 1005 1844 defendere.

232 1888 311 1954 Vll.
330 1885 491 1954 Primum
513 1895 622 1976 caput
641 1892 714 1951 est¹
740 1881 828 1976 legis
843 1884 1008 1976 agraria,
1030 1909 1127 1980 quo,
1144 1899 1186 1956 nt
1200 1887 1251 1958 illi

184 2008 334 2090 putant,
353 1993 540 2064 tentamini
555 1991 691 2076 leviter,
709 2015 785 2086 quo
803 1994 924 2070 animo
938 1991 1112 2076 libertatis
1129 2011 1253 2068 vestrae

184 2105 496 2176 deminutionem²
519 2101 613 2174 serre
635 2102 788 2199 possitis.
807 2101 923 2174 lubet
947 2105 1044 2174 enim
1066 2129 1254 2179 remonon

183 2289 262 2338 totins
279 2288 418 2352 reipublicae
436 2303 495 2352 opes
513 2287 696 2350 permittuntur,
740 2301 771 2332 ne
794 2285 928 2335 libertatem
949 2305 1016 2337 enam
1038 2290 1090 2356 ipre
1118 2289 1252 2350 defendat,

182 2379 340 2432 potestasque
351 2367 422 2414 datur
431 2377 458 2414 ut
467 2368 494 2413 iu
504 2365 614 2414 ararium
622 2363 697 2412 orbie-
740 2381 855 2429 armaque
874 2379 958 2415 contra
985 2369 1108 2418 tribunum
1133 2381 1251 2434 caperrat.

183 2464 234 2511 que
243 2459 360 2496 terrarum
370 2463 430 2511 opes
438 2445 581 2508 irrumpant.
740 2445 851 2508 Namque
862 2445 920 2494 inde
934 2448 1072 2510 graviarima
1084 2449 1143 2496 mala
1155 2450 1254 2513 potnia-

225 2521 697 2585 ro.Praesidemlr‘bereutr's.Quumplebr
741 2535 794 2593 sent
807 2525 906 2571 exoriri.

183 2620 284 2651 romana
301 2603 386 2665 impari
404 2617 429 2648 re
444 2601 499 2662 jure
518 2612 602 2648 contra
618 2610 697 2664 patrea
780 2610 819 2658 14.
832 2603 956 2668 Adjntore.
966 2605 1059 2654 Erueet.
1069 2606 1198 2672 legendum
1208 2625 1251 2672 pu·

184 2694 302 2743 tueretur,
317 2693 389 2745 atque
405 2681 481 2746 pulsia
501 2681 598 2744 regibus
615 2679 698 2745 paucis
743 2691 891 2728 tatnuetore.
901 2685 925 2731 J.
937 2685 967 2730 V.
978 2685 1005 2731 L.

183 2763 339 2810 senatoribus
360 2763 449 2808 servire
471 2772 605 2825 cogeretur,
618 2775 697 2807 eecce-
777 2761 833 2808 Vll.
848 2761 989 2808 crrtmmn
1000 2774 1074 2825 caput
1083 2776 1126 2811 est.
1136 2765 1255 2826 Quamvis

184 2843 254 2888 sione
266 2841 341 2901 lacta,
357 2841 468 2888 tribunos
482 2841 559 2904 plebia
572 2855 696 2896 creavere,
742 2839 788 2886 tria
811 2840 891 2902 capita
911 2839 997 2888 Cicero
1017 2841 1043 2888 iu
1063 2859 1102 2906 ep.
1122 2843 1152 2890 ad
1173 2847 1252 2894 Attio.

184 2919 253 2984 quari
278 2919 490 2984 propugnaculum
518 2928 601 2965 contra
627 2917 699 2966 latina
742 2917 790 2980 legi
800 2917 857 2964 huic
866 2915 1034 2982 adscripserit,
1048 2923 1137 2983 opinor
1149 2934 1257 2984 quatuor

185 3010 331 3062 gramutem
368 3008 506 3045 renatorum
543 3007 696 3060 potestatem.
742 2997 828 3054 fuisse,
842 3013 917 3044 uuum
933 2997 963 3044 de
985 2997 1253 3057 decemvir·ie,alterum

185 3079 259 3128 Nunc
279 3095 350 3140 quam
372 3077 497 3140 indignum
517 3085 553 3123 eet
568 3077 615 3124 hoa
632 3076 699 3140 ipsos
744 3074 773 3122 de
790 3073 941 3122 conficienda
965 3078 1085 3140 pecunia,
1106 3080 1203 3126 tertium
1224 3081 1255 3130 de

185 3159 228 3220 qni
244 3173 256 3204 a
270 3157 366 3221 populo
385 3157 490 3203 fautores
507 3155 624 3202 libertarit
643 3163 699 3201 suut
744 3153 851 3200 emendis
865 3154 943 3216 agria,
957 3167 1069 3218 quartum
1085 3157 1115 3204 cle
1130 3158 1255 3206 deducen-

185 3237 273 3290 creati,
292 3235 401 3297 illudque
422 3235 443 3280 ei
465 3245 591 3298 acceptum
612 3233 700 3280 referre
745 3231 782 3280 dis
796 3232 908 3281 coloniis.
926 3236 1015 3282 Orator
1029 3246 1157 3300 antequam
1177 3239 1255 3303 legem

186 3313 286 3369 debent,
302 3313 331 3360 ad
352 3313 379 3359 id
397 3329 472 3360 uunm
494 3313 634 3360 studerent
653 3311 701 3358 eibi
744 3314 898 3374 impugnaret
918 3314 1025 3376 praeconi
1049 3317 1195 3377 mandabat,
1217 3326 1255 3374 uti

186 3393 301 3440 creditam
316 3392 411 3456 plebem
423 3391 579 3448 exhauriant,
594 3393 619 3440 in
634 3407 699 3438 eam·
744 3392 821 3454 legem
836 3391 956 3453 recitaret,
973 3395 1095 3444 recitatam
1109 3397 1161 3462 ipre
1175 3398 1257 3446 diecu-

186 3488 234 3535 que
243 3471 428 3536 opprimendam
444 3487 510 3534 reges
524 3473 681 3519 corratitoant.
745 3471 827 3518 tiebat.

227 3565 265 3598 rr.
279 3550 307 3596 Si
310 3549 383 3613 salsa
397 3549 475 3596 robii.
490 3553 543 3598 lloc
557 3549 700 3607 ratiocinio,
781 3564 807 3598 a.
824 3549 1023 3602 Deminan'oraem.
1038 3555 1096 3603 Non
1109 3567 1191 3621 aperte
1204 3555 1258 3618 lege

188 3631 209 3678 ei
233 3629 291 3676 tatu
312 3629 429 3693 profero,
453 3629 525 3676 robie
547 3629 661 3685 credam
679 3628 700 3674 ei
744 3627 884 3676 violabatur
894 3629 1007 3691 libertae,
1024 3631 1066 3680 aed
1083 3649 1164 3680 revera
1178 3634 1258 3680 immi·

188 3725 261 3765 vera,
280 3723 376 3756 necesse
394 3717 429 3755 eet
448 3719 538 3756 utros
559 3697 632 3756 rerba
648 3722 700 3754 mea
746 3708 973 3769 ruebatu13etenim
987 3711 1260 3774 qunmllullueeuffra·

187 3787 332 3850 sequamini.
744 3787 778 3851 gii
801 3790 842 3848 ius
869 3788 952 3836 multia
976 3790 1095 3853 eriperet,
1121 3789 1258 3838 libertatem

226 3882 267 3914 ra.
284 3867 416 3926 Gruterus,
431 3863 561 3930 nobisque,
579 3865 646 3930 qnod
659 3883 701 3929 pa·
745 3865 873 3930 paullatim
896 3867 1095 3932 constringebat,
1127 3881 1151 3916 et
1182 3885 1259 3932 quum

188 3945 543 3993 rumcumceterieconvenit,
558 3945 625 3992 Η.
640 3946 665 3992 L.
746 3945 910 4008 turpissimum
938 3947 1032 4008 populo
1054 3958 1116 3994 esset
1143 3948 1259 4012 rrrllragio

226 4025 266 4071 13.
282 4025 357 4070 Nullo
371 4035 453 4070 vestro
472 4023 564 4070 labore.
582 4023 703 4088 Populum
748 4023 846 4088 privari,
857 4025 988 4072 maximum
1000 4025 1021 4072 ri
1034 4025 1139 4074 dedecus
1151 4027 1196 4076 hac
1205 4027 1259 4094 lege

186 4103 213 4150 iu
227 4102 340 4152 tribuum
350 4101 490 4160 incitando,
508 4117 564 4149 eum
574 4100 704 4163 admouet,
748 4099 898 4152 inurebatur.

284 4191 351 4272 lll.
383 4205 610 4266 cammenata.
1097 4215 1138 4288 ¹7
