2976 4670
362 405 455 474 PRO
481 403 853 473 JURECONSULTIS
878 401 1100 470 ROMANIS.
1199 400 1267 471 621

193 526 277 592 bella
291 547 403 615 gerere
418 524 564 613 potuerit
578 524 646 605 ejus
664 523 808 587 hominis
824 523 983 612 augurio,
1007 523 1064 609 qui
1080 523 1141 586 sub
1161 523 1270 588 Prisco

193 634 371 722 Tarquinio
388 635 425 697 in
442 653 562 721 magno
580 631 714 695 nomine
729 630 862 695 demum
879 652 948 694 esse
965 630 1115 718 coeperit,
1146 632 1200 695 vix
1224 632 1271 694 vi·

193 739 273 819 deo,
292 759 396 825 quum
414 738 500 800 inter
518 752 698 824 utrumque
716 735 807 800 hunc
823 757 932 823 regem
949 733 1075 798 medius
1092 735 1189 800 fuerit
1203 739 1271 800 An-

194 868 251 908 cus
268 844 429 924 Marcius,
458 843 515 930 qui
538 843 653 931 viginti
671 859 813 930 quatuor
829 863 933 932 annos
958 841 1122 929 regnavit,
1149 842 1269 906 Navius
1288 866 1289 870 ¹

193 969 315 1016 autem·
332 967 496 1039 superstes
514 951 614 1014 fuerit
641 947 682 1013 ad
704 949 854 1013 ultimam
879 969 984 1036 usque
1003 949 1170 1034 Tarquinii
1194 965 1270 1013 aeta·

194 1075 259 1122 tem
274 1057 321 1144 (1)
337 1105 345 1138 ,
364 1073 462 1144 atque
480 1057 506 1118 is
525 1056 656 1145 triginta
675 1071 749 1119 octo
767 1076 871 1118 annos
888 1075 1026 1142 regnum
1043 1054 1234 1118 obtinuerit.

238 1166 309 1227 Hoc
320 1163 413 1244 locO,
431 1162 543 1249 quanti
556 1161 732 1251 generatim
752 1159 849 1224 Tullii
867 1158 1013 1224 facienda
1033 1159 1074 1223 sit
1088 1161 1271 1246 auctoritas,

193 1270 334 1334 breviter
353 1266 551 1356 disquirere,
571 1268 837 1357 intempestivum
860 1266 963 1331 videri
986 1267 1121 1331 minime
1140 1268 1271 1355 poterit.

193 1376 263 1466 Ego
280 1376 313 1437 in
333 1374 394 1438 hac
411 1375 589 1462 quaestione
600 1374 745 1462 primum
765 1372 1032 1462 distinguendum
1047 1396 1139 1454 reor,
1154 1390 1270 1438 utrum
1299 1377 1305 1392 ’

194 1497 231 1544 ut
242 1497 367 1564 orator,
385 1504 427 1544 an
443 1497 482 1544 ut
495 1481 726 1571 philosophus,
743 1503 785 1544 an
803 1496 842 1544 ut
858 1479 960 1543 homo
977 1478 1093 1566 aliquis
1107 1503 1125 1544 e
1142 1481 1271 1562 multis,

194 1585 270 1650 dein
291 1608 371 1650 num
395 1586 538 1674 ipseper
562 1607 612 1661 se,
645 1609 687 1649 an
703 1585 766 1649 sub
782 1585 912 1649 alterius
928 1607 1084 1674 persona,
1107 1585 1270 1674 loquatur.

194 1694 264 1776 Illi,
282 1708 321 1757 ut
337 1692 465 1756 homini
485 1691 680 1780 prudenter,
702 1709 740 1756 ut
757 1693 878 1756 oratori
897 1714 1099 1779 numquam,
1117 1693 1179 1755 nisi
1196 1715 1271 1781 per·

195 1815 304 1889 specta
313 1798 446 1862 veritate
459 1797 517 1886 (2),
532 1797 732 1864 credendum
750 1822 837 1882 esse,
854 1823 894 1863 ex
908 1798 1002 1863 dictis
1020 1799 1098 1862 meis
1107 1799 1173 1878 jam
1190 1822 1272 1863 eon·

195 1901 1273 1992 starelnihiblandior:quantumautemei,utphilosopho,tribuen·
1374 1961 1375 1966 ,

194 2008 275 2073 dum
292 2010 348 2092 sit,
365 2032 405 2073 ex
420 2009 497 2097 ipsis
511 2010 609 2074 rebus
622 2011 708 2074 malo
722 2033 820 2099 quam
837 2033 877 2074 ex
890 2009 970 2074 meis
983 2010 1091 2075 verbis
1105 2011 1271 2101 eogno'oci.

193 2115 309 2182 Stoicis
325 2137 433 2203 neque
448 2115 541 2180 valde
555 2117 674 2199 iratus,
689 2139 798 2206 neque
812 2115 991 2190 admodum
1008 2117 1118 2181 favens
1131 2115 1190 2204 (3),
1209 2140 1271 2180 no·

193 2243 265 2285 vam
292 2222 499 2310 potissimum
517 2220 726 2286 Academiam
757 2221 953 2310 sequebatur
971 2220 1029 2310 (ά).
1055 2223 1134 2303 Ejus
1161 2239 1271 2286 autem

193 2343 288 2392 sectae
304 2328 386 2392 ratio
398 2344 484 2409 erat,
496 2328 601 2392 «nihil
616 2327 762 2417 aliud(5)
777 2350 883 2417 agere,
898 2328 960 2391 nisi
971 2344 1028 2410 ut,
1046 2323 1082 2392 iu
1098 2345 1272 2416 utramque

193 2449 319 2522 partem
339 2432 494 2517 dicend0,
512 2435 659 2519 eliceret,
679 2452 711 2499 et
735 2451 901 2522 tamquam
920 2434 1114 2522 exprimeret
1129 2433 1270 2522 aliquid,

193 2538 285 2627 quod
297 2555 353 2603 aut
364 2563 478 2604 verum
496 2558 594 2619 esset,
611 2539 726 2605 autad
745 2539 779 2605 id
788 2563 888 2628 quam
904 2541 1052 2629 proxime
1070 2539 1271 2624 accederet»,

194 2645 325 2726 sive,ut
340 2645 417 2710 alibi
435 2646 479 2709 ait
490 2645 551 2734 (6),
570 2669 662 2710 amos
678 2662 747 2710 erat
764 2647 887 2732 patrius
909 2645 1087 2710 Academiae
1109 2644 1272 2712 adversari

194 2774 324 2840 semper
339 2752 492 2816 omnibus
509 2752 543 2814 in
558 2750 784 2840 disputando».
799 2753 892 2816 Hanc
908 2749 1160 2839 philosophandi
1174 2750 1270 2816 disci-

194 2859 334 2946 plinam,
352 2858 412 2922 etsi
425 2880 496 2922 eam
513 2855 686 2944 alieubl(7)
701 2880 857 2946 pungere,
875 2856 991 2920 leniter
1006 2873 1116 2920 tamen
1130 2873 1162 2920 et
1178 2859 1270 2946 quasi

195 2961 445 3043 subblandiens,
470 2960 635 3052 videatur,
655 2963 768 3028 Cicero
787 2984 917 3026 summo
934 2985 1043 3026 amore
1060 2963 1269 3052 complexus,

230 3225 268 3290 (r)
286 3222 419 3288 Colligitur
431 3225 481 3273 hoo
492 3241 524 3272 ex
533 3223 577 3283 iia,
589 3239 645 3288 quat
656 3235 738 3273 narrat
749 3225 823 3272 Dion.
836 3223 916 3272 nuic.
925 3223 972 3272 lib.
982 3226 1034 3286 111,
1047 3241 1073 3288 p.
1087 3233 1150 3282 aod,
1162 3224 1193 3273 de
1202 3225 1268 3274 carde

193 3313 257 3361 Attii
265 3311 338 3360 Navii
345 3312 481 3376 Tarquinio
491 3313 611 3377 imputata
622 3295 723 3375 ejusque
735 3313 798 3376 regie
812 3311 896 3377 paullo
909 3321 967 3376 poet
978 3323 1081 3376 sequuta
1090 3323 1177 3361 morte.

230 3406 270 3473 (a)
287 3407 351 3456 Vide
362 3407 609 3474 Vrgneul-Marville,
622 3407 751 3474 Meleager
756 3443 765 3466 ‚
781 3411 870 3468 tom.1‚
883 3425 911 3474 p.
924 3410 966 3458 56.

229 3505 267 3578 (3)
285 3505 368 3554 Stoam
381 3503 476 3570 quippe
488 3505 587 3568 verbis,
598 3521 650 3554 non
664 3521 706 3564 re,
720 3505 750 3552 ab
764 3505 897 3554 Academia
906 3505 1034 3554 divertire
1047 3504 1263 3571 opinabatur.Vid.

195 3592 226 3641 de
234 3595 307 3659 Legg.
315 3593 360 3644 lib.
369 3597 393 3654 1,
403 3609 459 3658 cap.
473 3609 514 3642 ao.

228 3691 265 3754 (4)
285 3692 362 3740 Acad.
378 3691 527 3758 uh.1,eap.
544 3700 567 3748 4.

147 3811 148 3821 ¹
229 3788 268 3854 (5)
286 3787 406 3846 Lucullo,
424 3805 480 3854 cap.
496 3790 521 3836 3.

228 3881 267 3946 (6)
285 3883 321 3930 De
331 3884 402 3932 Orat.
413 3882 457 3931 lib,
470 3884 499 3945 1,
513 3899 566 3947 cap.
577 3885 618 3931 18.

229 3978 269 4047 (7)
287 3981 509 4030 «Perturbatrieem
528 3993 609 4030 autem
628 3981 715 4030 harum
736 3982 848 4030 omnium
866 3995 948 4028 rernm
964 3979 1137 4040 Academiam,
1154 3980 1218 4028 hano
1231 3979 1263 4028 ab

194 4069 304 4118 Amana
317 4081 342 4118 et
355 4069 478 4119 Carneade
490 4080 627 4128 recentem,
641 4085 768 4118 exoremus
781 4079 810 4117 ut
822 4068 907 4129 sileam
926 4083 982 4116 nam
997 4068 1018 4114 si
1032 4067 1263 4128 inventitium,

195 4173 249 4222 quae
263 4161 321 4209 tatia
334 4157 395 4208 reite
415 4157 488 4208 nobie
505 4158 622 4208 memma
637 4170 662 4208 et
678 4160 814 4222 compotita
831 4157 958 4220 videntur,
979 4157 1065 4207 nimiae
1083 4155 1138 4207 edet
1158 4158 1261 4205 rainae:
