2986 4670
296 389 365 458 308
612 391 661 457 u.
687 341 725 456 T.
754 389 1038 460 nicanorus

293 526 394 608 ptum
425 515 462 580 in
488 511 732 582 monumentis
760 507 942 580 veteribus
969 511 1175 606 reperietis,
1196 525 1238 582 ut
1261 531 1353 586 esset
1457 537 1458 562 ¹

294 619 398 708 urbs,
418 642 499 716 quae
516 644 573 690 res
590 643 669 706 eas,
686 617 820 716 quibus
837 643 920 716 ager
939 621 1144 718 Campanus
1161 621 1352 710 coleretur,

292 727 563 828 suppeditare¹²
593 743 734 826 posset,
766 743 807 800 ut
836 743 930 800 esset
957 729 1057 800 locus
1085 731 1354 828 comportandis

292 843 564 940 condendisque
582 841 778 932 fructibus,
800 858 841 914 ut
863 858 1040 934 aratores,
1066 845 1167 915 cultu
1186 869 1354 941 agrorum
1457 839 1458 844 ’

293 954 442 1040 defessi,
468 951 568 1024 urbis
589 952 779 1024 domiciliis
803 967 1009 1043 uterentur,
1032 952 1166 1026 idcirco
1188 954 1248 1026 illa
1271 954 1355 1026 aedi-

293 1063 372 1136 ficia
393 1089 468 1134 non
492 1087 568 1134 esse
591 1061 718 1134 deleta.

341 1177 503 1246 XXXIII.
531 1172 678 1261 Videte,
708 1187 886 1270 quantum
917 1173 1144 1244 intervallum
1176 1175 1222 1244 sit
1244 1175 1355 1244 inter·

290 1287 428 1380 jectum
453 1287 549 1354 inter
580 1283 760 1378 majorum
787 1297 994 1355 nostrorum
1020 1267 1185 1378 consilia,
1211 1295 1249 1354 et
1264 1283 1357 1353 inter
1457 1327 1458 1348 1

293 1399 444 1466 istorum
467 1393 656 1464 hominum
678 1393 907 1463 dementiam.
932 1392 987 1462 Illi
1005 1395 1182 1489 Capuam,
1198 1405 1357 1490 recepta·

256 1551 257 1556 κ
294 1505 417 1576 culum
432 1518 635 1586 aratorum,
653 1501 832 1573 nundinas
848 1505 1083 1586 rusticorum,
1107 1501 1234 1572 cellam
1248 1515 1357 1598 atque

294 1615 465 1686 horreum
491 1615 667 1710 Campani
684 1611 757 1708 agri
781 1635 857 1682 esse
877 1611 1095 1682 voluerunt:
1120 1609 1176 1698 hi,
1200 1609 1358 1708 expulsis
1457 1639 1458 1652 1

294 1722 512 1808 aratoribus,
531 1719 654 1793 essusis
668 1745 709 1792 ac
723 1721 899 1818 dissipatis
913 1717 1091 1791 fructibus
1104 1721 1246 1804 vestris,
1266 1743 1357 1790 eam-
1457 1775 1458 1814 ᾗ

294 1833 378 1905 dem
413 1837 572 1930 Capuam
600 1829 721 1902 sedem
751 1856 853 1902 novae
878 1829 1085 1927 reipublicae
1112 1831 1358 1914 constituunt,

294 1941 453 2012 molem¹
491 1954 616 2010 contra
652 1955 809 2012 veterem
845 1938 1105 2036 rempublicam
1136 1953 1359 2036 comparant.

294 2050 404 2143 Quod
427 2053 457 2122 si
477 2052 632 2146 majores
647 2052 763 2123 nostri
777 2052 1058 2137 existimassent,
1080 2073 1302 2146 quemquam
1323 2051 1360 2119 in

297 2177 367 2235 tam
386 2161 516 2233 illustri
538 2162 714 2258 imperio,
732 2176 768 2234 et
792 2177 865 2232 tam
885 2159 1053 2258 praeclara
1074 2159 1202 2256 populi
1220 2161 1361 2230 romani

190 2341 194 2350 ,
296 2272 500 2370 disciplina,
526 2275 575 2341 Μ.
604 2275 739 2356 Bruti²,
767 2285 829 2342 aut
849 2277 886 2343 P.
909 2270 1006 2342 Rulli
1026 2269 1177 2341 similem
1196 2269 1361 2341 futurum
1422 2347 1424 2350 ,

297 2382 392 2482 (hos
413 2381 510 2452 enim
531 2406 599 2452 nos
620 2381 712 2454 duos
734 2381 852 2460 adhuc
875 2381 1058 2468 videmus,
1073 2380 1138 2477 qui
1156 2379 1252 2451 hanc
1267 2403 1361 2450 rem·

297 2491 480 2592 publicam
495 2495 653 2590 Capuam
676 2506 787 2563 totam
809 2489 1002 2563 transferre
1015 2489 1181 2585 vellent),
1198 2487 1363 2587 profecto

299 2625 434 2672 nomen
455 2601 552 2672 illius
575 2601 676 2672 urbis
699 2625 773 2672 non
796 2600 1035 2697 reliquissent.
1056 2604 1191 2671 Verum
1209 2597 1365 2670 arbitra-

299 2711 433 2784 bantur
442 2707 469 2799 ³,
488 2711 664 2787 Corintho
682 2727 718 2782 et
738 2710 964 2807 Carthagini,
986 2710 1123 2781 etiamsi
1144 2725 1309 2782 senatum
1328 2724 1365 2781 et

301 2821 527 2918 magistratus
554 2820 801 2908 sustulissent,
824 2843 1023 2917 agrumque
1048 2818 1187 2892 civibus
1210 2819 1365 2892 ademis-

300 2943 396 3016 sent,
416 2943 537 3000 tamen
560 2953 636 2999 non
656 2926 798 3018 defore,
824 2933 889 3026 qui
907 2929 968 2998 illa
989 2932 1238 3018 restituerent,
1254 2944 1365 3028 atque

301 3040 465 3138 quiante
484 3042 605 3108 omnia
623 3052 906 3126 commutarent,
926 3063 1035 3136 quam
1053 3063 1120 3110 nos
1136 3037 1261 3111 audire
1279 3064 1367 3138 pos·

301 3172 441 3236 semus;
458 3146 517 3217 hic
531 3171 635 3234 vero,
652 3150 690 3218 in
704 3148 819 3220 oculis
833 3162 977 3219 senatus
992 3147 1192 3246 populique
1202 3152 1366 3236 romani,

339 3335 379 3366 ra.
388 3315 554 3380 Suppeditare.
564 3317 609 3366 uu
615 3316 699 3382 Capua
708 3316 810 3381 emporii
853 3317 979 3365 Marianus
988 3332 1017 3364 ao
1022 3317 1158 3382 popularis,
1164 3315 1195 3365 de
1201 3317 1246 3364 luc
1253 3317 1367 3381 populari

302 3395 811 3457 tantumloooesaet,ubiemerenturarn·
855 3395 957 3444 colonia
980 3394 1126 3445 deductione
1151 3395 1263 3444 tribunus
1286 3395 1367 3460 plebis

302 3487 338 3523 tra
346 3476 537 3538 ferramentaqno
545 3476 640 3533 omnia,
650 3474 739 3538 quibus
748 3476 810 3540 agri·
854 3490 896 3522 an.
910 3475 941 3523 U.
954 3475 1005 3535 670
1014 3474 1091 3538 Iegem
1100 3472 1157 3522 tulit
1165 3491 1172 3534 3
1185 3474 1212 3522 In
1221 3473 1287 3522 bello
1300 3476 1367 3524 civili

302 3554 362 3603 colu
375 3563 484 3602 utuntur.
854 3554 930 3603 aen.
946 3552 1063 3618 Pompeio
1082 3563 1119 3602 est
1139 3553 1289 3603 interiectus.
1306 3554 1366 3602 Vitl.

336 3635 457 3684 XXXIII.
471 3650 492 3680 1.
505 3631 603 3680 Holem.
616 3633 748 3696 Tamquam
758 3647 811 3680 run·
854 3631 918 3680 infra
932 3648 954 3680 e.
969 3633 1013 3686 34.
1041 3691 1044 3700 ,

301 3713 418 3762 nitiouem
439 3713 545 3775 aliquam
566 3709 598 3758 ed
620 3710 810 3776 oppugnaan
890 3711 915 3759 3!
924 3709 1124 3759 Arbitrabantur.
1133 3711 1254 3760 Putubunt
1263 3712 1366 3772 majore·

193 3817 197 3822 ·
300 3795 402 3840 Ilomam
415 3801 566 3854 comparant.
854 3791 943 3848 nostri,
959 3789 980 3837 si
993 3789 1087 3852 integra
1100 3801 1253 3853 superessent
1266 3790 1365 3838 aemula·

336 3887 360 3919 n.
379 3871 500 3919 Addimus
518 3883 673 3932 praenomen,
690 3868 810 3928 Munatii,
854 3867 1042 3916 rumoivitutum
1053 3867 1200 3916 CorIntlriet
1214 3869 1367 3932 CarthaginIs

300 3947 524 4009 Gruteridallem.
538 3946 675 3996 etaliomm
686 3945 808 4010 exemplo.
853 3947 963 4008 moenia,
982 3946 1035 3994 fore
1060 3955 1088 3993 ut
1114 3946 1228 3994 nonnulli
1254 3947 1366 3994 loeormu

300 4025 810 4083 DesideraturInMSS.PrterluisseBruII,
853 4025 981 4074 intervallo
997 4025 1138 4080 abutentes,
1154 4041 1182 4072 ea
1198 4024 1366 4082 testimonum

300 4105 343 4170 qui
356 4108 472 4156 &mrem
486 4105 617 4164 interfecit,
633 4104 777 4167 conjicitur3
789 4104 810 4151 ir
853 4105 934 4170 itaque
945 4121 972 4158 ea
981 4105 1082 4152 omnIno
1093 4102 1211 4153 delerem.
