3020 4668
263 341 334 412 336
585 347 633 414 Μ.
659 346 697 412 Τ.
725 344 1007 414 CICERONIS

260 465 418 563 optimos
427 477 463 538 et
478 462 778 538 fructuosissimos
793 467 1017 536 continuavit
1030 473 1060 551 ⁹,
1078 491 1193 563 quum
1212 493 1329 566 usque

261 601 306 646 eo
323 575 461 646 vicinos
477 573 735 672 proscriberet,
756 574 876 670 quoad
892 574 1006 646 oculis
1022 575 1284 649 conformando
1298 589 1329 622 ¹⁰

263 710 307 756 ex
325 684 447 755 multis
468 681 609 781 praediis
629 707 740 754 unam
767 681 869 754 fundi
894 686 1081 781 regionem
1100 684 1328 784 formamque

262 793 473 894 perfecerit;
496 818 590 890 quos
604 817 703 866 nunc
718 818 801 864 cum
815 794 937 890 aliquo
953 808 1053 865 metu
1068 805 1095 838 ¹¹
1117 810 1236 884 tenet,
1250 799 1327 869 sine

185 957 188 970 .
262 904 336 977 ulla
357 927 444 978 cura
465 901 672 1000 possidebit.

310 1018 354 1086 Et
371 1016 562 1110 quoniam,
580 1037 651 1110 qua
672 1011 717 1083 de
738 1037 843 1084 causa
857 1023 898 1100 ¹²,
917 1029 954 1084 et
971 1037 1130 1112 quorum
1147 1039 1254 1088 musa
1266 1018 1327 1090 ille

265 1123 336 1194 hoc
349 1123 600 1222 promulgarit,
614 1123 776 1211 oste11di;
789 1123 916 1195 doceat
930 1127 1021 1222 ipse,
1036 1149 1123 1195 num
1136 1149 1206 1222 ego
1219 1151 1327 1223 quem

264 1257 508 1330 possessorem
542 1231 754 1321 defendam,
778 1257 892 1331 quum
924 1235 1067 1332 agrariae
1093 1235 1162 1332 legi
1190 1237 1324 1308 resisto.

265 1345 395 1419 Silvam
415 1347 593 1418 Scantiam
615 1344 760 1430 vendis,
778 1343 981 1442 respublica
1000 1345 1184 1443 possidet:
1204 1345 1326 1418 defen·

264 1453 359 1531 d013.
370 1459 597 1553 Campanum
613 1479 738 1552 agrum
754 1454 881 1526 dividis
894 1460 941 1541 ¹⁴3
954 1480 1020 1526 vos
1036 1457 1119 1526 estis
1132 1456 1169 1525 in
1188 1481 1325 1553 posses

264 1561 416 1636 sione¹⁵:
428 1591 502 1636 non
518 1562 654 1638 cedo¹⁶.
668 1564 807 1638 Deinde
825 1565 945 1652 Italiae,
962 1565 1327 1650 Siciliae,ceteraruna·

264 1701 336 1772 que
344 1677 614 1772 provinciarum
621 1675 1101 1773 possessiones¹⁷,venalesac
1110 1679 1326 1774 proscriptas

265 1783 332 1858 hac
352 1785 430 1882 lege
446 1785 571 1874 vide0;
586 1801 703 1858 vestra
719 1799 803 1858 sunt
818 1784 967 1882 praedia,
988 1798 1114 1856 vestrae
1130 1789 1326 1882 possessio·

265 1919 329 1966 nes
356 1921 364 1964 ε
393 1896 554 1968 resistam
584 1910 691 1991 atque
726 1892 963 1993 repugnab03
997 1919 1118 1991 neque
1145 1899 1282 1993 patiar,
1308 1919 1328 1965 a

265 2029 450 2101 quoquam
473 2005 650 2102 populum
668 2029 859 2076 romanum
873 2005 919 2074 de
935 2007 1009 2076 suis
1025 2005 1328 2102 possessionibus,

266 2139 324 2184 me
341 2115 506 2200 consule,
524 2113 706 2189 demoveri
721 2111 771 2203 ¹⁸3
793 2117 991 2215 presertim
1010 2141 1123 2214 quum
1142 2114 1246 2188 vobis
1271 2115 1325 2185 ni·

264 2383 318 2446 lege
334 2399 386 2430 mea
403 2380 506 2430 efficiam
519 2393 546 2430 ut
559 2382 645 2432 eodem
655 2386 709 2446 jura
723 2383 774 2448 qno
818 2387 882 2432 enim
894 2393 941 2433 tam
952 2385 1000 2434 lata
1011 2395 1091 2450 patet,
1103 2401 1174 2448 quam
1187 2384 1325 2448 Campanis.

266 2461 354 2525 privati
366 2459 542 2524 possideantur.
856 2466 895 2512 15.
919 2467 966 2512 Vos
987 2463 1043 2512 estis
1065 2463 1090 2511 in
1109 2462 1328 2527 possessionem

301 2556 325 2602 9.
354 2538 515 2588 continuavit.
543 2540 637 2590 Multos
667 2541 772 2598 fundos,
818 2543 975 2610 possidetis:
1005 2554 1033 2592 nt
1054 2559 1100 2607 pro
1123 2543 1246 2592 Caecina:
1276 2543 1329 2589 «ln

265 2632 328 2682 quoa
347 2617 450 2666 habebat
462 2619 581 2682 Valgius,
602 2621 699 2668 vicinos
718 2635 775 2684 pro-
817 2623 970 2688 poaaessione
987 2621 1109 2670 bonomm
1124 2637 1200 2686 quum
1214 2631 1292 2682 esset,
1305 2629 1329 2668 et

265 2696 394 2743 scribendo
405 2695 556 2745 continentes
568 2699 682 2748 reddidit.
694 2697 775 2749 Nemi·
819 2701 936 2750 sextulam
948 2717 1016 2750 suain
1033 2701 1135 2748 nimium
1150 2709 1327 2764 exaggerarem.

267 2789 321 2821 nem
336 2787 416 2826 sutem
429 2775 505 2840 fugit,
518 2795 532 2825 a
544 2777 610 2826 Sulla
620 2795 670 2826 non
682 2789 775 2826 tantum
858 2781 897 2828 ιδ.
918 2781 975 2826 Non
994 2779 1062 2825 cedo.
1081 2779 1213 2842 Respicere
1229 2779 1330 2826 fortasse

266 2853 355 2901 multos
364 2857 526 2920 proscriptos,
542 2858 706 2904 verumetiam
721 2857 775 2904 Sul·
820 2859 902 2922 potuit
914 2857 990 2916 adea,
1004 2872 1059 2921 quse
1069 2855 1188 2906 ceduntur
1196 2857 1293 2916 injure.

267 2931 373 2995 lanisjus
386 2934 619 2994 idemconceasum,
633 2946 776 2999 utquomm
859 2954 898 2998 ¹7·
926 2937 1095 2984 nossessiones.
1120 2933 1210 3000 Populi
1236 2935 1330 2984 somni

265 3012 357 3061 vellent
365 3029 436 3078 agros
444 3030 667 3079 oocupare,eorum
677 3016 776 3064 nomina
820 3017 870 3080 agri
882 3005 930 3064 lita
944 3026 1060 3080 patentes,
1075 3015 1124 3062 sive
1138 3014 1231 3079 publici
1241 3026 1271 3063 nt
1279 3014 1329 3072 tna,

264 3094 290 3139 in
313 3093 499 3156 proscriptionis
523 3094 617 3142 tabulas
642 3094 772 3151 reserren23
821 3096 872 3142 siva
884 3095 986 3159 privati,
1006 3096 1171 3159 possessiones
1188 3092 1330 3157 plerumque

267 3171 334 3236 quod
352 3173 434 3218 occiso
453 3172 544 3220 Roscio
561 3173 677 3220 Amerino
693 3173 777 3220 fecisse
821 3174 943 3221 dicuntur.

266 3251 452 3314 Chrysogonum
466 3267 537 3316 supra
552 3252 664 3300 vidimus.
859 3253 899 3302 ιθ.
913 3251 1043 3300 Dimoverr'.
1056 3251 1145 3300 Melius
1158 3249 1292 3306 demoveri,
1303 3262 1331 3298 ut

305 3343 342 3374 ιο.
360 3327 553 3394 Consormando.
567 3322 650 3388 Olim,
667 3327 777 3378 «conlir-
821 3331 956 3392 deturbari,
974 3331 1059 3392 dejici,
1077 3330 1165 3394 depelli
1184 3329 1215 3377 de
1234 3345 1329 3394 posna-

266 3405 355 3453 mando
366 3429 384 3453 ιν.
393 3409 410 3455 J
412 3412 453 3456 .V.
466 3413 493 3458 L.
820 3410 897 3460 sione.
908 3411 1073 3459 Animadverti
1085 3421 1165 3460 autem
1175 3425 1238 3473 saepe
1250 3407 1329 3456 dim·

305 3501 313 3531 r
322 3501 343 3532 1.
356 3485 414 3534 Cum
423 3487 507 3552 aliquo
518 3499 591 3535 metu.
603 3489 705 3552 Propter
714 3487 776 3534 invi·
821 3490 872 3537 veri
878 3506 925 3556 pro
935 3489 1055 3538 clemeri
1065 3489 1138 3538 scribi
1151 3489 1239 3538 solere.
1248 3487 1330 3536 Dedu-

267 3563 331 3610 diam
344 3565 503 3627 possessionis
515 3566 616 3627 injustae.
820 3569 843 3616 ai
857 3569 928 3618 stiam
944 3569 1030 3617 eodem
1045 3569 1120 3618 modo
1135 3569 1165 3617 de
1179 3569 1330 3632 possessione

306 3657 343 3691 aa.
357 3645 410 3709 Qua
422 3644 451 3690 de
461 3659 546 3694 causa.
557 3645 592 3693 Ut
603 3643 699 3693 Sullana
714 3657 775 3694 con·
821 3647 924 3697 dicitur:
939 3647 1006 3713 qaod
1015 3648 1167 3696 solemnitate
1176 3647 1280 3710 quadam
1288 3647 1331 3708 ju·

265 3717 352 3768 firmet.
362 3750 398 3759 -
408 3723 515 3786 erorum
525 3739 611 3772 carcaa.
622 3724 705 3772 Soceri
716 3725 761 3774 sui.
820 3727 853 3774 ris
864 3725 945 3786 siebat,
954 3741 1028 3789 quum
1037 3726 1075 3785 is,
1085 3725 1126 3790 qni
1141 3723 1167 3771 in
1178 3724 1331 3788 possessione

305 3801 344 3848 13.
367 3799 490 3866 Defende.
508 3801 670 3862 Conmdico,
690 3805 774 3870 prohi-
820 3817 883 3865 erat,
895 3804 925 3852 ab
935 3805 1086 3864 adversario,
1097 3804 1139 3868 qui
1154 3805 1331 3868 possessionem

266 3877 326 3935 beo,
339 3879 433 3928 resisto.
695 3871 697 3882 ¹
819 3882 929 3948 petebat,
943 3883 1080 3946 (letando,
1097 3882 1188 3946 dequo
1202 3881 1332 3946 agebatur,

304 3965 342 4014 14.
358 3959 440 4022 camp.
453 3975 480 4006 a.
495 3958 589 4008 dividis.
610 3958 659 4024 Qui
674 3973 709 4009 ast
728 3961 775 4010 cir·
820 3960 999 4024 deducebatur,
1016 3972 1044 4009 ut
1061 3978 1107 4026 pro
1125 3961 1219 4011 Caeeina
1243 3960 1330 4008 scribi·

266 4052 319 4084 rum
328 4038 441 4102 Capuam,
452 4039 541 4103 Capuae
548 4041 712 4089 territorium:
723 4057 773 4089 non
820 4052 866 4090 tur.
878 4039 944 4090 Edit
959 4041 1024 4098 asts
1035 4039 1161 4090 demoveri.
