2956 4676
360 330 553 400 oemio
578 333 679 399 ruo
704 333 745 399 A.
774 335 1048 408 ccuuurto.
1172 347 1232 428 tdt
1290 422 1295 430 ,

171 449 310 548 fragiis³
329 475 579 550 saepenumero
594 454 773 524 censorias
785 453 1069 554 subscriptiones
1083 485 1160 534 esse
1179 461 1239 536 de-

170 561 278 652 letas,
295 585 423 633 verum
442 563 548 634 etiam
563 562 708 658 judiciis
719 589 864 653 eorum,
882 568 947 663 qui
961 569 1070 664 jurati
1085 586 1240 645 statuere

169 673 308 770 majore
334 698 416 744 eum
443 673 617 769 religione
645 687 682 743 et
703 672 889 771 diligentia
918 674 1133 751 debuerunt.
1164 687 1239 753 Pri·

167 807 271 854 mum
281 783 420 880 judices
436 796 619 854 senatores
636 786 848 882 equitesque
866 791 1007 858 romani
1025 789 1062 860 in
1081 793 1239 888 complu·
1342 795 1346 802 '

168 891 272 963 ribus
291 894 365 987 jam
383 893 472 980 reis,
494 917 586 990 quos
600 907 727 964 contra
742 892 838 992 leges
855 897 1025 992 pecunias
1039 903 1237 999 accepisse⁴

167 1001 412 1102 subscriptum
436 1001 535 1091 es't⁵,
552 1027 624 1074 suae
643 1005 766 1100 potius
774 1003 968 1101 religioni,
987 1032 1095 1104 quam
1115 1034 1239 1082 censo-

165 1135 250 1183 rum
271 1114 461 1211 opinioni,
493 1127 701 1211 paruerunt.
729 1112 869 1184 Deinde
893 1130 1065 1213 praetores
1089 1118 1241 1207 urbani,

165 1225 231 1320 qui
238 1225 348 1321 jurati
358 1223 680 1322 debentoptimum
690 1249 876 1322 quemque
886 1229 925 1296 iu
935 1226 1087 1300 selectos
1098 1253 1110 1324 J
1116 1230 1239 1304 udices

164 1331 318 1420 referre,
335 1358 538 1431 numquam
555 1333 622 1404 sibi
643 1332 689 1414 ad
712 1358 790 1405 eam
816 1359 893 1406 rem
913 1338 1113 1408 censoriam
1134 1341 1239 1438 igno·

164 1447 315 1536 minium
335 1444 599 1544 impedimento
629 1468 705 1516 esse
732 1459 901 1542 oportere
929 1445 1123 1518 duxerunt.
1144 1453 1239 1522 Cen-

164 1577 264 1626 sores
277 1553 436 1653 denique
452 1556 520 1654 ipsi
535 1577 782 1652 saepenumero
799 1557 1028 1650 superiorum
1045 1581 1237 1654 censorum

159 1665 307 1760 judiciis
322 1665 369 1762 (si
384 1666 450 1736 ista
463 1664 599 1760 judicia
613 1663 786 1763 appellari
798 1664 1011 1762 vultis)non
1026 1666 1236 1752 stetemnt⁶,

159 1779 281 1873 Atque
308 1777 415 1847 etiam
440 1777 509 1873 ipsi
530 1775 626 1846 inter
645 1797 683 1844 se
707 1797 874 1845 censores
902 1799 966 1846 sue
985 1775 1120 1871 judicia
1147 1779 1238 1849 tanti
1292 1861 1297 1872 ι

159 1909 235 1958 esse
246 1884 487 1972 arbitrantur,
501 1898 542 1954 ut
557 1883 647 1956 alter
664 1883 831 1954 alterius⁷
846 1883 1024 1980 judicium
1034 1910 1111 1957 non
1123 1887 1235 1960 modo

157 1994 422 2094 reprehendat,
441 1996 504 2067 sed
524 1996 631 2067 etiam
649 1992 849 2082 rescindat3
874 2008 915 2064 ut
933 1993 1023 2066 alter
1041 1993 1086 2066 de
1107 2010 1235 2068 senatu

158 2109 298 2178 moveri
330 2106 440 2191 velit,
466 2106 555 2177 aiter
589 2106 762 2192 retineat,
788 2118 824 2174 et
842 2095 981 2176 'ordine
1009 2105 1231 2204 amplissimo

157 2215 309 2314 dignum
332 2219 529 2305 existimet3
552 2227 594 2286 ut
619 2214 710 2285 aiter
732 2217 771 2284 in
795 2211 961 2284 aeran0s⁸
989 2214 1142 2304 referri,
1171 2233 1233 2288 aut

103 2371 112 2387 ·
157 2326 256 2400 tribu
278 2330 437 2398 move1i9
456 2326 602 2423 jubeat,
626 2325 714 2395 alter
731 2337 840 2396 vetet.
857 2325 1059 2423 Quare'qui
1075 2325 1178 2398 vobis
1192 2329 1231 2398 in

156 2451 317 2509 mentem
337 2441 454 2523 venit,
474 2435 550 2508 haec
567 2433 747 2532 appellare
767 2432 922 2529 judicia,
941 2461 1022 2533 quae
1043 2461 1064 2507 a
1089 2438 1229 2535 populo

155 2571 308 2618 romano
331 2545 510 2636 rescindi,
538 2545 735 2642 abjuratis
764 2543 948 2639 judicibus
976 2546 1180 2644 repudiari,
1209 2573 1229 2619 a

190 2715 216 2761 3.
225 2711 361 2779 Suffiagiis.
375 2715 404 2764 C.
414 2715 479 2762 enim
488 2714 547 2762 Geta
557 2728 571 2760 a
583 2727 668 2760 censo-
711 2711 804 2760 sincera
814 2709 863 2762 fide
873 2728 955 2761 secum
964 2715 990 2762 iu
999 2716 1100 2780 gratim
1112 2715 1227 2776 redisset,

154 2791 223 2840 ribus
240 2803 352 2856 notatus,
371 2805 488 2858 utsupra
506 2793 597 2841 dietum
616 2800 667 2850 est,
711 2803 868 2840 notaverunt.

155 2881 240 2935 postea
258 2872 346 2937 populi
364 2888 425 2922 rom.
444 2871 565 2936 suffragiis
582 2886 668 2919 censor
749 2870 978 2920 &lesmoriensis
986 2871 1226 2935 dieebmturreserri,

154 2951 233 3000 factm
247 2964 295 3000 est.
712 2949 755 3012 qui
766 2965 797 2996 ex
809 2950 865 2998 elbo
877 2950 992 2998 centurie
1004 2967 1053 2999 sues
1073 2950 1146 2998 deleti
1159 2968 1224 3000 care·

190 3038 217 3086 4.
236 3027 376 3095 Accepisse.
393 3031 444 3078 Alii
460 3031 522 3078 sorte
540 3028 667 3095 aptiussed
711 3027 1017 3092 bantjuresnffngii,eteo
1027 3039 1120 3078 tantum
1127 3031 1227 3079 nomine

154 3109 245 3174 legem,
257 3111 355 3175 cepisse.
367 3112 433 3160 tv.
446 3113 475 3159 L.
528 3131 533 3144 ·
711 3107 777 3155 cives
795 3120 879 3168 erant,
902 3117 929 3156 ut
947 3123 994 3172 pro
1012 3109 1092 3173 cupite
1112 3125 1157 3158 sno
1178 3125 1225 3159 rere

190 3191 213 3238 ⁵.
229 3189 396 3253 Subscriptum
411 3199 454 3237 ese.
473 3190 542 3251 Quos
555 3201 667 3236 censores
711 3186 860 3250 penderent,
873 3197 899 3234 ut
911 3187 991 3251 inquit
1001 3188 1133 3236 Asconius.

153 3267 186 3316 ob
197 3271 328 3333 pecuniam
340 3279 462 3333 acceptam
473 3277 630 3316 notaverunt.
747 3281 772 3325 9.
788 3266 859 3314 stibii
870 3265 966 3314 moveri.
977 3267 1012 3314 Ex
1023 3266 1086 3316 tribu
1096 3269 1223 3319 honestio-

188 3350 213 3397 6.
241 3349 297 3396 Non
315 3359 440 3397 stetemnt.
463 3346 666 3395 Anteoedentium
709 3359 749 3402 re,
765 3344 854 3392 rustice
869 3345 996 3404 nimirum,
1010 3345 1037 3394 iu
1051 3345 1132 3395 minus
1146 3348 1223 3398 hcine-

153 3443 281 3476 eeneorum
292 3427 386 3488 judicie
398 3443 450 3476 uon
463 3435 629 3474 mavemur.
709 3424 843 3482 etim,sive
861 3423 977 3472 urbanam
995 3425 1087 3474 referri.
1110 3427 1223 3476 Ceterum

189 3522 214 3567 η.
224 3507 295 3554 Alter
302 3505 410 3554 alterius.
421 3504 503 3552 Multo
510 3505 580 3552 etiam
590 3503 665 3568 magis
709 3501 853 3550 Dodwellue
868 3505 989 3552 existimet
1004 3503 1047 3567 qui
1060 3505 1126 3553 trihu
1140 3522 1222 3554 move-

152 3583 259 3632 uoteude
277 3599 315 3631 res
332 3582 398 3647 opud
421 3581 475 3630 vil.
493 3584 561 3630 Max.
578 3583 615 3644 11,
634 3581 665 3630 de
708 3591 804 3642 rentur,
816 3597 898 3630 eorum
912 3582 1154 3632 nominasti-ibrum
1168 3599 1224 3630 om-

152 3671 212 3708 notn
231 3676 324 3708 censor.
344 3660 465 3715 occurrit,
485 3675 572 3725 nempe
592 3659 665 3710 ffiu·
708 3663 777 3708 nium
796 3660 884 3710 uhutts
904 3661 979 3709 fuisse
999 3671 1118 3723 exempta.
1140 3664 1222 3726 Ipsum

152 3739 221 3787 dium
228 3739 350 3788 Neronem
357 3750 382 3787 et
391 3738 488 3786 Livium
496 3738 664 3800 Sefimtorem,
708 3739 765 3788 vide
784 3740 814 3788 de
833 3739 872 3788 hie
890 3740 1004 3787 omnihus
1023 3739 1139 3788 censoriis
1156 3742 1221 3789 notis

151 3818 416 3878 oemoeqeeiuvieem
422 3829 533 3876 notem
544 3817 665 3866 Salinato·
708 3821 805 3868 acutius
819 3819 902 3868 forsan
914 3834 988 3881 quam
1002 3817 1083 3866 verius
1096 3818 1222 3884 disputau-

151 3913 201 3946 rem
210 3896 341 3956 Claudius,
351 3896 408 3960 qnia
416 3895 601 3960 populijndieio
609 3907 665 3946 ente
709 3908 757 3946 tem
765 3896 910 3961 inAppend.
921 3895 982 3944 Inde
991 3905 1073 3945 umen
1086 3913 1141 3966 vera¹
1154 3915 1222 3962 qua·

151 3977 304 4026 cumulatum
331 3987 357 4024 et
383 3991 507 4024 cenenum
538 3973 665 4042 damnatus
709 3977 765 4024 dnm
779 3975 887 4024 excuties
900 3975 932 4022 ad
945 3973 1052 4036 pmlect.
1067 3977 1219 4043 Gerodpng.

151 4055 240 4110 suerats
263 4057 387 4104 Neronem
407 4055 501 4114 Livius,
524 4054 591 4118 quod
614 4071 664 4102 non
710 4057 833 4116 710-715.
