<?xml version="1.0" encoding="UTF-8"?>
<!DOCTYPE html PUBLIC "-//W3C//DTD XHTML 1.0 Transitional//EN"
    "http://www.w3.org/TR/xhtml1/DTD/xhtml1-transitional.dtd">
<html xmlns="http://www.w3.org/1999/xhtml" xml:lang="en" lang="en">
 <head>
  <title>
</title>
<meta http-equiv="Content-Type" content="text/html;charset=utf-8" />
  <meta name='ocr-system' content='tesseract 3.04.00' />
  <meta name='ocr-capabilities' content='ocr_page ocr_carea ocr_par ocr_line ocrx_word'/>
</head>
<body>
  <div class='ocr_page' id='page_1' title='image "./mtciceronisquae00lemagoog_0219.png"; bbox 0 0 3020 4666; ppageno 0'>
   <div class='ocr_carea' id='block_1_1' title="bbox 234 341 907 416">
    <p class='ocr_par' dir='ltr' id='par_1_1' title="bbox 234 341 907 416">
     <span class='ocr_line' id='line_1_1' title="bbox 234 341 907 416; baseline -0.009 -2"><span class='ocrx_word' id='word_1_1' title='bbox 234 368 303 416; x_wconf 87' lang='lat' dir='ltr'>aro</span> <span class='ocrx_word' id='word_1_2' title='bbox 618 341 907 410; x_wconf 86' lang='lat' dir='ltr'>EXCURSUS.</span> 
     </span>
    </p>
   </div>
   <div class='ocr_carea' id='block_1_2' title="bbox 146 459 1305 3406">
    <p class='ocr_par' dir='ltr' id='par_1_2' title="bbox 146 459 1301 2131">
     <span class='ocr_line' id='line_1_2' title="bbox 231 459 1297 551; baseline -0.007 -19"><span class='ocrx_word' id='word_1_3' title='bbox 231 483 318 532; x_wconf 89' lang='lat' dir='ltr'>tores</span> <span class='ocrx_word' id='word_1_4' title='bbox 335 463 493 528; x_wconf 85' lang='lat' dir='ltr'>habemus</span> <span class='ocrx_word' id='word_1_5' title='bbox 508 475 547 526; x_wconf 81' lang='lat' dir='ltr'>ex</span> <span class='ocrx_word' id='word_1_6' title='bbox 559 461 801 551; x_wconf 78' lang='lat' dir='ltr'>ead.‚orat.&#39;cap.</span> <span class='ocrx_word' id='word_1_7' title='bbox 819 462 872 543; x_wconf 78' lang='lat'>31,</span> <span class='ocrx_word' id='word_1_8' title='bbox 889 459 931 525; x_wconf 81' lang='lat'>32</span> <span class='ocrx_word' id='word_1_9' title='bbox 946 483 953 526; x_wconf 91' lang='lat'><strong>:</strong></span> <span class='ocrx_word' id='word_1_10' title='bbox 969 489 983 516; x_wconf 70' lang='lat' dir='ltr'>r</span> <span class='ocrx_word' id='word_1_11' title='bbox 994 460 1029 524; x_wconf 91' lang='grc' dir='ltr'>Ρ.</span> <span class='ocrx_word' id='word_1_12' title='bbox 1047 461 1182 543; x_wconf 82' lang='lat' dir='ltr'>Orbius,</span> <span class='ocrx_word' id='word_1_13' title='bbox 1194 459 1297 526; x_wconf 89' lang='lat' dir='ltr'>homo</span> 
     </span>
     <span class='ocr_line' id='line_1_3' title="bbox 231 563 1297 660; baseline -0.007 -24"><span class='ocrx_word' id='word_1_14' title='bbox 231 589 264 636; x_wconf 88' lang='lat' dir='ltr'>et</span> <span class='ocrx_word' id='word_1_15' title='bbox 271 569 432 660; x_wconf 88' lang='lat' dir='ltr'>prudens,</span> <span class='ocrx_word' id='word_1_16' title='bbox 444 585 476 632; x_wconf 91' lang='lat' dir='ltr'>et</span> <span class='ocrx_word' id='word_1_17' title='bbox 488 569 662 648; x_wconf 77' lang='lat' dir='ltr'>innocens,</span> <span class='ocrx_word' id='word_1_18' title='bbox 674 583 789 632; x_wconf 87' lang='lat' dir='ltr'>contra</span> <span class='ocrx_word' id='word_1_19' title='bbox 799 585 832 632; x_wconf 84' lang='lat' dir='ltr'>te</span> <span class='ocrx_word' id='word_1_20' title='bbox 843 567 953 630; x_wconf 87' lang='lat' dir='ltr'>omnia</span> <span class='ocrx_word' id='word_1_21' title='bbox 965 563 1115 631; x_wconf 84' lang='lat' dir='ltr'>decrevit</span> <span class='ocrx_word' id='word_1_22' title='bbox 1129 568 1166 630; x_wconf 95' lang='lat' dir='ltr'>ln</span> <span class='ocrx_word' id='word_1_23' title='bbox 1175 567 1211 630; x_wconf 90' lang='lat' dir='ltr'>P.</span> <span class='ocrx_word' id='word_1_24' title='bbox 1223 567 1297 632; x_wconf 87' lang='lat' dir='ltr'>Glo-</span> 
     </span>
     <span class='ocr_line' id='line_1_4' title="bbox 230 671 1296 762; baseline -0.004 -20"><span class='ocrx_word' id='word_1_25' title='bbox 230 679 363 756; x_wconf 87' lang='lat' dir='ltr'><strong>bulum,</strong></span> <span class='ocrx_word' id='word_1_26' title='bbox 373 697 482 739; x_wconf 89' lang='lat' dir='ltr'>meum</span> <span class='ocrx_word' id='word_1_27' title='bbox 495 675 720 757; x_wconf 84' lang='lat' dir='ltr'>necessarium,</span> <span class='ocrx_word' id='word_1_28' title='bbox 730 673 819 738; x_wconf 84' lang='lat' dir='ltr'>fuisti</span> <span class='ocrx_word' id='word_1_29' title='bbox 831 673 1031 762; x_wconf 78' lang='lat' dir='ltr'><strong>gratiosior».</strong></span> <span class='ocrx_word' id='word_1_30' title='bbox 1043 671 1296 738; x_wconf 83' lang='lat' dir='ltr'>StatimFlaccus</span> 
     </span>
     <span class='ocr_line' id='line_1_5' title="bbox 232 779 1298 867; baseline -0.004 -21"><span class='ocrx_word' id='word_1_31' title='bbox 232 782 430 861; x_wconf 88' lang='lat' dir='ltr'>nominatur,</span> <span class='ocrx_word' id='word_1_32' title='bbox 440 795 478 843; x_wconf 90' lang='lat' dir='ltr'>ut</span> <span class='ocrx_word' id='word_1_33' title='bbox 488 779 578 842; x_wconf 91' lang='lat' dir='ltr'>bunc</span> <span class='ocrx_word' id='word_1_34' title='bbox 591 795 740 867; x_wconf 86' lang='lat' dir='ltr'>appareat</span> <span class='ocrx_word' id='word_1_35' title='bbox 752 779 894 844; x_wconf 89' lang='lat' dir='ltr'>Globulo</span> <span class='ocrx_word' id='word_1_36' title='bbox 907 779 1106 843; x_wconf 72' lang='lat' dir='ltr'>successisse.</span> <span class='ocrx_word' id='word_1_37' title='bbox 1120 779 1204 867; x_wconf 85' lang='lat' dir='ltr'>Ergo</span> <span class='ocrx_word' id='word_1_38' title='bbox 1217 801 1298 866; x_wconf 79' lang='lat' dir='ltr'>prae·</span> 
     </span>
     <span class='ocr_line' id='line_1_6' title="bbox 231 884 1297 972; baseline -0.006 -20"><span class='ocrx_word' id='word_1_39' title='bbox 231 889 294 952; x_wconf 85' lang='lat' dir='ltr'>luit</span> <span class='ocrx_word' id='word_1_40' title='bbox 310 884 560 956; x_wconf 79' lang='lat' dir='ltr'>AsiaeGlobulus</span> <span class='ocrx_word' id='word_1_41' title='bbox 577 905 665 947; x_wconf 91' lang='lat' dir='ltr'>anno</span> <span class='ocrx_word' id='word_1_42' title='bbox 676 885 759 970; x_wconf 84' lang='lat'><strong>690,</strong></span> <span class='ocrx_word' id='word_1_43' title='bbox 771 885 927 948; x_wconf 80' lang='lat' dir='ltr'>Cicerone</span> <span class='ocrx_word' id='word_1_44' title='bbox 947 899 980 947; x_wconf 90' lang='lat' dir='ltr'>et</span> <span class='ocrx_word' id='word_1_45' title='bbox 991 884 1136 948; x_wconf 77' lang='lat' dir='ltr'>Antonio</span> <span class='ocrx_word' id='word_1_46' title='bbox 1148 906 1229 948; x_wconf 89' lang='lat' dir='ltr'>coss.</span> <span class='ocrx_word' id='word_1_47' title='bbox 1240 884 1297 972; x_wconf 92' lang='lat' dir='ltr'>qui</span> 
     </span>
     <span class='ocr_line' id='line_1_7' title="bbox 231 989 1296 1078; baseline -0.007 -18"><span class='ocrx_word' id='word_1_48' title='bbox 231 995 336 1062; x_wconf 80' lang='lat' dir='ltr'>siluit</span> <span class='ocrx_word' id='word_1_49' title='bbox 356 993 409 1056; x_wconf 91' lang='lat' dir='ltr'>illc</span> <span class='ocrx_word' id='word_1_50' title='bbox 427 990 464 1056; x_wconf 89' lang='lat' dir='ltr'>P.</span> <span class='ocrx_word' id='word_1_51' title='bbox 482 989 634 1054; x_wconf 78' lang='lat' dir='ltr'>Servilius</span> <span class='ocrx_word' id='word_1_52' title='bbox 651 989 810 1054; x_wconf 82' lang='lat' dir='ltr'>Globulus</span> <span class='ocrx_word' id='word_1_53' title='bbox 833 990 908 1054; x_wconf 88' lang='lat' dir='ltr'>trib.</span> <span class='ocrx_word' id='word_1_54' title='bbox 926 990 1029 1078; x_wconf 89' lang='lat' dir='ltr'>plebis</span> <span class='ocrx_word' id='word_1_55' title='bbox 1047 1011 1135 1054; x_wconf 85' lang='lat' dir='ltr'>anno</span> <span class='ocrx_word' id='word_1_56' title='bbox 1152 989 1233 1072; x_wconf 89' lang='lat'><strong>686,</strong></span> <span class='ocrx_word' id='word_1_57' title='bbox 1255 990 1296 1054; x_wconf 86' lang='lat' dir='ltr'>ab</span> 
     </span>
     <span class='ocr_line' id='line_1_8' title="bbox 230 1097 1297 1186; baseline -0.005 -20"><span class='ocrx_word' id='word_1_58' title='bbox 230 1101 370 1166; x_wconf 78' lang='lat' dir='ltr'>Asconio</span> <span class='ocrx_word' id='word_1_59' title='bbox 380 1099 413 1162; x_wconf 91' lang='lat' dir='ltr'>in</span> <span class='ocrx_word' id='word_1_60' title='bbox 425 1099 557 1186; x_wconf 80' lang='lat' dir='ltr'>Argum.</span> <span class='ocrx_word' id='word_1_61' title='bbox 568 1097 695 1160; x_wconf 90' lang='lat' dir='ltr'>Cornel.</span> <span class='ocrx_word' id='word_1_62' title='bbox 711 1097 912 1177; x_wconf 86' lang='lat' dir='ltr'>nominatus,</span> <span class='ocrx_word' id='word_1_63' title='bbox 925 1113 1097 1185; x_wconf 84' lang='lat' dir='ltr'>praeturam</span> <span class='ocrx_word' id='word_1_64' title='bbox 1105 1143 1114 1179; x_wconf 94' lang='lat'>,</span> <span class='ocrx_word' id='word_1_65' title='bbox 1123 1098 1297 1162; x_wconf 79' lang='lat' dir='ltr'>interversa</span> 
     </span>
     <span class='ocr_line' id='line_1_9' title="bbox 231 1201 1299 1291; baseline -0.004 -21"><span class='ocrx_word' id='word_1_66' title='bbox 231 1205 390 1287; x_wconf 84' lang='lat' dir='ltr'>redilitate,</span> <span class='ocrx_word' id='word_1_67' title='bbox 399 1202 555 1284; x_wconf 87' lang='lat' dir='ltr'>obtinuit,</span> <span class='ocrx_word' id='word_1_68' title='bbox 567 1224 665 1290; x_wconf 89' lang='lat' dir='ltr'>quam</span> <span class='ocrx_word' id='word_1_69' title='bbox 678 1217 765 1266; x_wconf 88' lang='lat' dir='ltr'>certe</span> <span class='ocrx_word' id='word_1_70' title='bbox 775 1203 873 1291; x_wconf 80' lang='lat' dir='ltr'>gessit</span> <span class='ocrx_word' id='word_1_71' title='bbox 883 1223 970 1266; x_wconf 90' lang='lat' dir='ltr'>anno</span> <span class='ocrx_word' id='word_1_72' title='bbox 982 1201 1064 1291; x_wconf 89' lang='lat'><strong>689,</strong></span> <span class='ocrx_word' id='word_1_73' title='bbox 1079 1204 1114 1268; x_wconf 83' lang='lat'>1..</span> <span class='ocrx_word' id='word_1_74' title='bbox 1126 1205 1248 1268; x_wconf 75' lang='lat' dir='ltr'>Cesare</span> <span class='ocrx_word' id='word_1_75' title='bbox 1261 1225 1299 1267; x_wconf 87' lang='lat' dir='ltr'>ec</span> 
     </span>
     <span class='ocr_line' id='line_1_10' title="bbox 232 1305 1299 1401; baseline -0.005 -23"><span class='ocrx_word' id='word_1_76' title='bbox 232 1315 270 1378; x_wconf 91' lang='lat' dir='ltr'>C.</span> <span class='ocrx_word' id='word_1_77' title='bbox 287 1310 402 1401; x_wconf 87' lang='lat' dir='ltr'>Figulo</span> <span class='ocrx_word' id='word_1_78' title='bbox 420 1331 502 1374; x_wconf 87' lang='lat' dir='ltr'>coss.</span> <span class='ocrx_word' id='word_1_79' title='bbox 517 1330 583 1395; x_wconf 91' lang='lat' dir='ltr'>quo</span> <span class='ocrx_word' id='word_1_80' title='bbox 597 1331 685 1373; x_wconf 87' lang='lat' dir='ltr'>anno</span> <span class='ocrx_word' id='word_1_81' title='bbox 699 1308 734 1373; x_wconf 91' lang='lat' dir='ltr'>P.</span> <span class='ocrx_word' id='word_1_82' title='bbox 751 1308 872 1372; x_wconf 82' lang='lat' dir='ltr'>Orbius</span> <span class='ocrx_word' id='word_1_83' title='bbox 888 1305 995 1372; x_wconf 79' lang='lat' dir='ltr'>Asiam</span> <span class='ocrx_word' id='word_1_84' title='bbox 1014 1309 1155 1399; x_wconf 86' lang='lat' dir='ltr'>regebat.</span> <span class='ocrx_word' id='word_1_85' title='bbox 1177 1310 1299 1392; x_wconf 89' lang='lat' dir='ltr'>Quam·</span> 
     </span>
     <span class='ocr_line' id='line_1_11' title="bbox 231 1411 1299 1502; baseline -0.006 -19"><span class='ocrx_word' id='word_1_86' title='bbox 231 1419 344 1484; x_wconf 88' lang='lat' dir='ltr'>obrem</span> <span class='ocrx_word' id='word_1_87' title='bbox 369 1435 456 1480; x_wconf 89' lang='lat' dir='ltr'>unus</span> <span class='ocrx_word' id='word_1_88' title='bbox 473 1415 514 1502; x_wconf 90' lang='lat' dir='ltr'>Q.</span> <span class='ocrx_word' id='word_1_89' title='bbox 541 1413 663 1477; x_wconf 86' lang='lat' dir='ltr'>Nasoni</span> <span class='ocrx_word' id='word_1_90' title='bbox 688 1413 771 1478; x_wconf 85' lang='lat' dir='ltr'>Asiae</span> <span class='ocrx_word' id='word_1_91' title='bbox 787 1411 1050 1478; x_wconf 79' lang='lat' dir='ltr'>administrandae</span> <span class='ocrx_word' id='word_1_92' title='bbox 1072 1436 1177 1480; x_wconf 88' lang='lat' dir='ltr'>annus</span> <span class='ocrx_word' id='word_1_93' title='bbox 1204 1413 1299 1478; x_wconf 89' lang='lat' dir='ltr'>relin-</span> 
     </span>
     <span class='ocr_line' id='line_1_12' title="bbox 231 1518 1299 1612; baseline -0.004 -24"><span class='ocrx_word' id='word_1_94' title='bbox 231 1524 343 1612; x_wconf 83' lang='lat' dir='ltr'>quitur</span> <span class='ocrx_word' id='word_1_95' title='bbox 358 1519 439 1602; x_wconf 88' lang='lat'><strong>688,</strong></span> <span class='ocrx_word' id='word_1_96' title='bbox 458 1539 525 1606; x_wconf 90' lang='lat' dir='ltr'>quo</span> <span class='ocrx_word' id='word_1_97' title='bbox 542 1518 576 1583; x_wconf 93' lang='lat' dir='ltr'>P.</span> <span class='ocrx_word' id='word_1_98' title='bbox 600 1518 721 1582; x_wconf 87' lang='lat' dir='ltr'>Orbius</span> <span class='ocrx_word' id='word_1_99' title='bbox 737 1519 850 1582; x_wconf 72' lang='lat' dir='ltr'>Rome</span> <span class='ocrx_word' id='word_1_100' title='bbox 865 1535 985 1607; x_wconf 74' lang='lat' dir='ltr'>praetor</span> <span class='ocrx_word' id='word_1_101' title='bbox 1005 1536 1089 1602; x_wconf 91' lang='lat' dir='ltr'>erat,</span> <span class='ocrx_word' id='word_1_102' title='bbox 1109 1543 1147 1585; x_wconf 86' lang='lat' dir='ltr'>ac</span> <span class='ocrx_word' id='word_1_103' title='bbox 1162 1519 1299 1610; x_wconf 91' lang='lat' dir='ltr'>proinde</span> 
     </span>
     <span class='ocr_line' id='line_1_13' title="bbox 231 1623 1300 1716; baseline -0.003 -22"><span class='ocrx_word' id='word_1_104' title='bbox 231 1631 295 1694; x_wconf 92' lang='lat' dir='ltr'>boc</span> <span class='ocrx_word' id='word_1_105' title='bbox 311 1630 382 1716; x_wconf 88' lang='lat' dir='ltr'>ipso</span> <span class='ocrx_word' id='word_1_106' title='bbox 396 1647 483 1690; x_wconf 92' lang='lat' dir='ltr'>anno</span> <span class='ocrx_word' id='word_1_107' title='bbox 497 1623 574 1711; x_wconf 90' lang='lat'><strong>687,</strong></span> <span class='ocrx_word' id='word_1_108' title='bbox 587 1623 676 1688; x_wconf 86' lang='lat' dir='ltr'>Naso</span> <span class='ocrx_word' id='word_1_109' title='bbox 691 1639 863 1711; x_wconf 81' lang='lat' dir='ltr'>praeturam</span> <span class='ocrx_word' id='word_1_110' title='bbox 876 1647 951 1689; x_wconf 86' lang='lat' dir='ltr'>curu</span> <span class='ocrx_word' id='word_1_111' title='bbox 963 1625 1072 1690; x_wconf 91' lang='lat' dir='ltr'>Tullio</span> <span class='ocrx_word' id='word_1_112' title='bbox 1084 1626 1225 1714; x_wconf 79' lang='lat' dir='ltr'>gerebat.</span> <span class='ocrx_word' id='word_1_113' title='bbox 1237 1626 1300 1691; x_wconf 89' lang='lat' dir='ltr'>Ne·</span> 
     </span>
     <span class='ocr_line' id='line_1_14' title="bbox 232 1727 1301 1822; baseline -0.002 -25"><span class='ocrx_word' id='word_1_114' title='bbox 232 1755 297 1822; x_wconf 93' lang='lat' dir='ltr'>quc</span> <span class='ocrx_word' id='word_1_115' title='bbox 314 1732 401 1796; x_wconf 90' lang='lat' dir='ltr'>enim</span> <span class='ocrx_word' id='word_1_116' title='bbox 412 1729 486 1793; x_wconf 91' lang='lat' dir='ltr'>licet</span> <span class='ocrx_word' id='word_1_117' title='bbox 499 1727 587 1791; x_wconf 90' lang='lat' dir='ltr'>illarn</span> <span class='ocrx_word' id='word_1_118' title='bbox 599 1743 673 1791; x_wconf 87' lang='lat' dir='ltr'>ante</span> <span class='ocrx_word' id='word_1_119' title='bbox 689 1728 779 1791; x_wconf 92' lang='lat' dir='ltr'>hunc</span> <span class='ocrx_word' id='word_1_120' title='bbox 790 1750 914 1792; x_wconf 91' lang='lat' dir='ltr'>annum</span> <span class='ocrx_word' id='word_1_121' title='bbox 929 1729 1111 1812; x_wconf 89' lang='lat' dir='ltr'>retrabere,</span> <span class='ocrx_word' id='word_1_122' title='bbox 1124 1752 1166 1793; x_wconf 93' lang='lat' dir='ltr'>ne</span> <span class='ocrx_word' id='word_1_123' title='bbox 1179 1747 1301 1795; x_wconf 86' lang='lat' dir='ltr'>temere</span> 
     </span>
     <span class='ocr_line' id='line_1_15' title="bbox 232 1832 1300 1923; baseline -0.002 -21"><span class='ocrx_word' id='word_1_124' title='bbox 232 1840 338 1902; x_wconf 84' lang='lat' dir='ltr'>virum</span> <span class='ocrx_word' id='word_1_125' title='bbox 347 1833 534 1923; x_wconf 71' lang='lat' dir='ltr'>praetorium</span> <span class='ocrx_word' id='word_1_126' title='bbox 548 1847 581 1896; x_wconf 91' lang='lat' dir='ltr'>et</span> <span class='ocrx_word' id='word_1_127' title='bbox 599 1832 736 1920; x_wconf 89' lang='lat' dir='ltr'>imperio</span> <span class='ocrx_word' id='word_1_128' title='bbox 750 1832 939 1921; x_wconf 86' lang='lat' dir='ltr'>provinciali</span> <span class='ocrx_word' id='word_1_129' title='bbox 951 1834 1101 1900; x_wconf 83' lang='lat' dir='ltr'>iunctum</span> <span class='ocrx_word' id='word_1_130' title='bbox 1113 1837 1300 1922; x_wconf 75' lang='lat' dir='ltr'>quaestionis</span> 
     </span>
     <span class='ocr_line' id='line_1_16' title="bbox 146 1935 1301 2030; baseline -0.002 -22"><span class='ocrx_word' id='word_1_131' title='bbox 146 1945 150 1962; x_wconf 78' lang='lat'><em>⁶</em></span> <span class='ocrx_word' id='word_1_132' title='bbox 230 1943 372 2025; x_wconf 88' lang='lat' dir='ltr'>judicem</span> <span class='ocrx_word' id='word_1_133' title='bbox 391 1939 644 2022; x_wconf 89' lang='lat' dir='ltr'>constituamus,</span> <span class='ocrx_word' id='word_1_134' title='bbox 662 1935 753 2025; x_wconf 90' lang='lat' dir='ltr'>quod</span> <span class='ocrx_word' id='word_1_135' title='bbox 771 1959 891 2001; x_wconf 82' lang='lat' dir='ltr'>munus</span> <span class='ocrx_word' id='word_1_136' title='bbox 909 1939 950 2002; x_wconf 93' lang='lat' dir='ltr'>ab</span> <span class='ocrx_word' id='word_1_137' title='bbox 967 1938 1251 2030; x_wconf 86' lang='lat' dir='ltr'>inscriptionibus,</span> <span class='ocrx_word' id='word_1_138' title='bbox 1266 1957 1301 2006; x_wconf 91' lang='lat' dir='ltr'>et</span> 
     </span>
     <span class='ocr_line' id='line_1_17' title="bbox 233 2043 1060 2131; baseline -0.006 -17"><span class='ocrx_word' id='word_1_139' title='bbox 233 2047 421 2114; x_wconf 89' lang='lat' dir='ltr'>auctoribus</span> <span class='ocrx_word' id='word_1_140' title='bbox 439 2044 582 2131; x_wconf 86' lang='lat' dir='ltr'>antiquis</span> <span class='ocrx_word' id='word_1_141' title='bbox 598 2065 726 2131; x_wconf 85' lang='lat' dir='ltr'>semper</span> <span class='ocrx_word' id='word_1_142' title='bbox 741 2043 897 2107; x_wconf 86' lang='lat' dir='ltr'>tribuitur</span> <span class='ocrx_word' id='word_1_143' title='bbox 914 2044 1060 2111; x_wconf 77' lang='lat' dir='ltr'>aedilitiis.</span> 
     </span>
    </p>

    <p class='ocr_par' dir='ltr' id='par_1_3' title="bbox 233 2147 1305 3406">
     <span class='ocr_line' id='line_1_18' title="bbox 278 2147 1301 2240; baseline -0.002 -22"><span class='ocrx_word' id='word_1_144' title='bbox 278 2153 367 2218; x_wconf 87' lang='lat' dir='ltr'>XlV.</span> <span class='ocrx_word' id='word_1_145' title='bbox 382 2151 519 2216; x_wconf 89' lang='lat' dir='ltr'>Nullum</span> <span class='ocrx_word' id='word_1_146' title='bbox 530 2148 630 2237; x_wconf 90' lang='lat' dir='ltr'>igitur</span> <span class='ocrx_word' id='word_1_147' title='bbox 645 2170 685 2212; x_wconf 87' lang='lat' dir='ltr'>ex</span> <span class='ocrx_word' id='word_1_148' title='bbox 697 2149 748 2212; x_wconf 90' lang='lat' dir='ltr'>his</span> <span class='ocrx_word' id='word_1_149' title='bbox 764 2147 861 2212; x_wconf 88' lang='lat' dir='ltr'>datur</span> <span class='ocrx_word' id='word_1_150' title='bbox 873 2150 1031 2240; x_wconf 83' lang='lat' dir='ltr'>ellugium</span> <span class='ocrx_word' id='word_1_151' title='bbox 1043 2151 1056 2214; x_wconf 79' lang='lat' dir='ltr'>l</span> <span class='ocrx_word' id='word_1_152' title='bbox 1069 2149 1188 2215; x_wconf 87' lang='lat' dir='ltr'>Semita</span> <span class='ocrx_word' id='word_1_153' title='bbox 1203 2165 1252 2216; x_wconf 89' lang='lat' dir='ltr'>cst</span> <span class='ocrx_word' id='word_1_154' title='bbox 1266 2153 1301 2216; x_wconf 95' lang='lat' dir='ltr'>in</span> 
     </span>
     <span class='ocr_line' id='line_1_19' title="bbox 234 2252 1302 2344; baseline -0.005 -17"><span class='ocrx_word' id='word_1_155' title='bbox 234 2257 431 2341; x_wconf 87' lang='lat' dir='ltr'>conjecturis</span> <span class='ocrx_word' id='word_1_156' title='bbox 441 2253 605 2344; x_wconf 72' lang='lat' dir='ltr'>quedam,</span> <span class='ocrx_word' id='word_1_157' title='bbox 619 2252 677 2328; x_wconf 84' lang='lat' dir='ltr'>sed</span> <span class='ocrx_word' id='word_1_158' title='bbox 692 2275 729 2318; x_wconf 82' lang='lat' dir='ltr'>ea</span> <span class='ocrx_word' id='word_1_159' title='bbox 742 2255 927 2320; x_wconf 84' lang='lat' dir='ltr'>mehercule</span> <span class='ocrx_word' id='word_1_160' title='bbox 942 2255 1075 2321; x_wconf 87' lang='lat' dir='ltr'>lubrica.</span> <span class='ocrx_word' id='word_1_161' title='bbox 1089 2254 1180 2340; x_wconf 87' lang='lat' dir='ltr'>Quid</span> <span class='ocrx_word' id='word_1_162' title='bbox 1191 2257 1302 2324; x_wconf 79' lang='lat' dir='ltr'>enimi</span> 
     </span>
     <span class='ocr_line' id='line_1_20' title="bbox 233 2360 1301 2446; baseline -0.004 -14"><span class='ocrx_word' id='word_1_163' title='bbox 233 2369 368 2433; x_wconf 85' lang='lat' dir='ltr'>Duosne</span> <span class='ocrx_word' id='word_1_164' title='bbox 385 2360 496 2427; x_wconf 89' lang='lat' dir='ltr'>licebit</span> <span class='ocrx_word' id='word_1_165' title='bbox 515 2360 556 2442; x_wconf 91' lang='lat' dir='ltr'>Q.</span> <span class='ocrx_word' id='word_1_166' title='bbox 574 2360 737 2443; x_wconf 79' lang='lat' dir='ltr'>Nasones,</span> <span class='ocrx_word' id='word_1_167' title='bbox 765 2361 900 2426; x_wconf 88' lang='lat' dir='ltr'>alterum</span> <span class='ocrx_word' id='word_1_168' title='bbox 924 2385 963 2426; x_wconf 85' lang='lat' dir='ltr'>ex</span> <span class='ocrx_word' id='word_1_169' title='bbox 980 2362 1151 2446; x_wconf 84' lang='lat' dir='ltr'>Voconiis,</span> <span class='ocrx_word' id='word_1_170' title='bbox 1165 2363 1301 2428; x_wconf 85' lang='lat' dir='ltr'>alterum</span> 
     </span>
     <span class='ocr_line' id='line_1_21' title="bbox 235 2464 1301 2559; baseline -0.001 -23"><span class='ocrx_word' id='word_1_171' title='bbox 235 2497 275 2537; x_wconf 85' lang='lat' dir='ltr'>ex</span> <span class='ocrx_word' id='word_1_172' title='bbox 288 2471 348 2535; x_wconf 87' lang='lat' dir='ltr'>alia</span> <span class='ocrx_word' id='word_1_173' title='bbox 361 2484 456 2559; x_wconf 90' lang='lat' dir='ltr'>gente</span> <span class='ocrx_word' id='word_1_174' title='bbox 470 2464 676 2556; x_wconf 83' lang='lat' dir='ltr'>confingere?</span> <span class='ocrx_word' id='word_1_175' title='bbox 687 2471 740 2532; x_wconf 85' lang='lat' dir='ltr'>An</span> <span class='ocrx_word' id='word_1_176' title='bbox 756 2490 834 2532; x_wconf 88' lang='lat' dir='ltr'>vero</span> <span class='ocrx_word' id='word_1_177' title='bbox 847 2468 937 2533; x_wconf 91' lang='lat' dir='ltr'>hunc</span> <span class='ocrx_word' id='word_1_178' title='bbox 952 2485 1101 2534; x_wconf 89' lang='lat' dir='ltr'>nostrum</span> <span class='ocrx_word' id='word_1_179' title='bbox 1119 2469 1201 2534; x_wconf 83' lang='lat' dir='ltr'>Asioe</span> <span class='ocrx_word' id='word_1_180' title='bbox 1219 2493 1301 2559; x_wconf 78' lang='lat' dir='ltr'>prse-</span> 
     </span>
     <span class='ocr_line' id='line_1_22' title="bbox 236 2571 1303 2664; baseline -0.002 -22"><span class='ocrx_word' id='word_1_181' title='bbox 236 2579 334 2647; x_wconf 81' lang='lat' dir='ltr'>iuisse</span> <span class='ocrx_word' id='word_1_182' title='bbox 345 2571 755 2663; x_wconf 77' lang='lat' dir='ltr'>negabimusi’Notandum</span> <span class='ocrx_word' id='word_1_183' title='bbox 767 2591 815 2638; x_wconf 88' lang='lat' dir='ltr'>est</span> <span class='ocrx_word' id='word_1_184' title='bbox 825 2575 949 2663; x_wconf 88' lang='lat' dir='ltr'>potius,</span> <span class='ocrx_word' id='word_1_185' title='bbox 960 2574 1048 2664; x_wconf 88' lang='lat' dir='ltr'>apud</span> <span class='ocrx_word' id='word_1_186' title='bbox 1058 2575 1203 2640; x_wconf 84' lang='lat' dir='ltr'>Tullium</span> <span class='ocrx_word' id='word_1_187' title='bbox 1217 2577 1303 2640; x_wconf 90' lang='lat' dir='ltr'>inter</span> 
     </span>
     <span class='ocr_line' id='line_1_23' title="bbox 237 2678 1302 2762; baseline 0 -14"><span class='ocrx_word' id='word_1_188' title='bbox 237 2683 331 2748; x_wconf 91' lang='lat' dir='ltr'>Orbii</span> <span class='ocrx_word' id='word_1_189' title='bbox 352 2680 553 2746; x_wconf 89' lang='lat' dir='ltr'>mentionem</span> <span class='ocrx_word' id='word_1_190' title='bbox 579 2695 613 2744; x_wconf 90' lang='lat' dir='ltr'>et</span> <span class='ocrx_word' id='word_1_191' title='bbox 642 2678 791 2762; x_wconf 92' lang='lat' dir='ltr'>Globuli,</span> <span class='ocrx_word' id='word_1_192' title='bbox 813 2681 1000 2746; x_wconf 81' lang='lat' dir='ltr'>asteriscum</span> <span class='ocrx_word' id='word_1_193' title='bbox 1029 2681 1188 2747; x_wconf 89' lang='lat' dir='ltr'>collocari.</span> <span class='ocrx_word' id='word_1_194' title='bbox 1212 2681 1302 2748; x_wconf 94' lang='lat' dir='ltr'>Nibil</span> 
     </span>
     <span class='ocr_line' id='line_1_24' title="bbox 237 2781 1302 2879; baseline -0.001 -25"><span class='ocrx_word' id='word_1_195' title='bbox 237 2789 369 2879; x_wconf 89' lang='lat' dir='ltr'>quidem</span> <span class='ocrx_word' id='word_1_196' title='bbox 386 2785 496 2850; x_wconf 88' lang='lat' dir='ltr'>deesse</span> <span class='ocrx_word' id='word_1_197' title='bbox 513 2781 641 2849; x_wconf 80' lang='lat' dir='ltr'>ridetur</span> <span class='ocrx_word' id='word_1_198' title='bbox 656 2807 665 2848; x_wconf 77' lang='lat' dir='ltr'>t</span> <span class='ocrx_word' id='word_1_199' title='bbox 682 2784 762 2873; x_wconf 91' lang='lat' dir='ltr'>quid</span> <span class='ocrx_word' id='word_1_200' title='bbox 775 2787 938 2869; x_wconf 89' lang='lat' dir='ltr'>tamen,si</span> <span class='ocrx_word' id='word_1_201' title='bbox 953 2787 994 2869; x_wconf 86' lang='lat' dir='ltr'>Q.</span> <span class='ocrx_word' id='word_1_202' title='bbox 1012 2787 1099 2852; x_wconf 87' lang='lat' dir='ltr'>Naso</span> <span class='ocrx_word' id='word_1_203' title='bbox 1114 2788 1160 2851; x_wconf 94' lang='lat' dir='ltr'>ibi</span> <span class='ocrx_word' id='word_1_204' title='bbox 1176 2788 1302 2853; x_wconf 89' lang='lat' dir='ltr'>medius</span> 
     </span>
     <span class='ocr_line' id='line_1_25' title="bbox 239 2891 1303 2981; baseline -0.002 -21"><span class='ocrx_word' id='word_1_205' title='bbox 239 2899 324 2960; x_wconf 90' lang='lat' dir='ltr'>inter</span> <span class='ocrx_word' id='word_1_206' title='bbox 340 2914 396 2958; x_wconf 90' lang='lat' dir='ltr'>eos</span> <span class='ocrx_word' id='word_1_207' title='bbox 413 2891 496 2956; x_wconf 77' lang='lat' dir='ltr'>Asiae</span> <span class='ocrx_word' id='word_1_208' title='bbox 512 2906 630 2978; x_wconf 83' lang='lat' dir='ltr'>praetor</span> <span class='ocrx_word' id='word_1_209' title='bbox 649 2891 826 2956; x_wconf 77' lang='lat' dir='ltr'>exstiterit?</span> <span class='ocrx_word' id='word_1_210' title='bbox 840 2894 934 2958; x_wconf 90' lang='lat' dir='ltr'>Tunc</span> <span class='ocrx_word' id='word_1_211' title='bbox 951 2915 1027 2956; x_wconf 87' lang='lat' dir='ltr'>sane</span> <span class='ocrx_word' id='word_1_212' title='bbox 1045 2909 1188 2981; x_wconf 85' lang='lat' dir='ltr'>pateret,</span> <span class='ocrx_word' id='word_1_213' title='bbox 1213 2893 1303 2959; x_wconf 91' lang='lat' dir='ltr'>hunc</span> 
     </span>
     <span class='ocr_line' id='line_1_26' title="bbox 238 2995 1304 3091; baseline -0.001 -25"><span class='ocrx_word' id='word_1_214' title='bbox 238 3001 383 3091; x_wconf 86' lang='lat' dir='ltr'>potuisse</span> <span class='ocrx_word' id='word_1_215' title='bbox 389 2995 530 3078; x_wconf 78' lang='lat' dir='ltr'>judicem</span> <span class='ocrx_word' id='word_1_216' title='bbox 540 2997 725 3084; x_wconf 78' lang='lat' dir='ltr'>questionis</span> <span class='ocrx_word' id='word_1_217' title='bbox 738 2997 773 3062; x_wconf 91' lang='lat' dir='ltr'>in</span> <span class='ocrx_word' id='word_1_218' title='bbox 785 2997 970 3063; x_wconf 88' lang='lat' dir='ltr'>Cluentium</span> <span class='ocrx_word' id='word_1_219' title='bbox 979 3021 1140 3086; x_wconf 75' lang='lat' dir='ltr'>querere,</span> <span class='ocrx_word' id='word_1_220' title='bbox 1153 3001 1304 3088; x_wconf 88' lang='lat' dir='ltr'>sequenti</span> 
     </span>
     <span class='ocr_line' id='line_1_27' title="bbox 238 3104 1304 3195; baseline 0 -23"><span class='ocrx_word' id='word_1_221' title='bbox 238 3129 326 3172; x_wconf 88' lang='lat' dir='ltr'>anno</span> <span class='ocrx_word' id='word_1_222' title='bbox 343 3120 516 3194; x_wconf 83' lang='lat' dir='ltr'>praeturam</span> <span class='ocrx_word' id='word_1_223' title='bbox 538 3125 665 3192; x_wconf 89' lang='lat' dir='ltr'>gerere,</span> <span class='ocrx_word' id='word_1_224' title='bbox 684 3106 779 3169; x_wconf 90' lang='lat' dir='ltr'>tertio</span> <span class='ocrx_word' id='word_1_225' title='bbox 801 3104 941 3193; x_wconf 91' lang='lat' dir='ltr'>denique</span> <span class='ocrx_word' id='word_1_226' title='bbox 957 3105 1039 3170; x_wconf 78' lang='lat' dir='ltr'>Asiae</span> <span class='ocrx_word' id='word_1_227' title='bbox 1057 3127 1193 3195; x_wconf 83' lang='lat' dir='ltr'>praeesse</span> <span class='ocrx_word' id='word_1_228' title='bbox 1215 3130 1224 3171; x_wconf 76' lang='grc' dir='ltr'><strong><em>ε</em></strong></span> <span class='ocrx_word' id='word_1_229' title='bbox 1241 3107 1304 3172; x_wconf 90' lang='lat' dir='ltr'>Or·</span> 
     </span>
     <span class='ocr_line' id='line_1_28' title="bbox 240 3208 1305 3299; baseline 0 -22"><span class='ocrx_word' id='word_1_230' title='bbox 240 3215 333 3278; x_wconf 88' lang='lat' dir='ltr'>bium</span> <span class='ocrx_word' id='word_1_231' title='bbox 347 3225 455 3274; x_wconf 89' lang='lat' dir='ltr'>antem</span> <span class='ocrx_word' id='word_1_232' title='bbox 469 3208 521 3273; x_wconf 86' lang='lat' dir='ltr'>vel</span> <span class='ocrx_word' id='word_1_233' title='bbox 541 3231 616 3272; x_wconf 91' lang='lat' dir='ltr'>cum</span> <span class='ocrx_word' id='word_1_234' title='bbox 640 3208 747 3274; x_wconf 90' lang='lat' dir='ltr'>Tullio</span> <span class='ocrx_word' id='word_1_235' title='bbox 760 3226 928 3299; x_wconf 85' lang='lat' dir='ltr'>praetorem</span> <span class='ocrx_word' id='word_1_236' title='bbox 944 3210 1061 3294; x_wconf 73' lang='lat' dir='ltr'>luisse,</span> <span class='ocrx_word' id='word_1_237' title='bbox 1087 3212 1141 3275; x_wconf 92' lang='lat' dir='ltr'>cui</span> <span class='ocrx_word' id='word_1_238' title='bbox 1155 3211 1236 3292; x_wconf 87' lang='lat' dir='ltr'>juris</span> <span class='ocrx_word' id='word_1_239' title='bbox 1253 3213 1305 3276; x_wconf 78' lang='lat' dir='ltr'>di-</span> 
     </span>
     <span class='ocr_line' id='line_1_29' title="bbox 243 3313 1304 3406; baseline 0.001 -24"><span class='ocrx_word' id='word_1_240' title='bbox 243 3315 342 3388; x_wconf 87' lang='lat' dir='ltr'>cundi</span> <span class='ocrx_word' id='word_1_241' title='bbox 356 3337 425 3378; x_wconf 90' lang='lat' dir='ltr'>sors</span> <span class='ocrx_word' id='word_1_242' title='bbox 434 3313 602 3401; x_wconf 90' lang='lat' dir='ltr'>obtigerit,</span> <span class='ocrx_word' id='word_1_243' title='bbox 613 3315 662 3378; x_wconf 85' lang='lat' dir='ltr'>rel</span> <span class='ocrx_word' id='word_1_244' title='bbox 676 3316 772 3379; x_wconf 90' lang='lat' dir='ltr'>etiam</span> <span class='ocrx_word' id='word_1_245' title='bbox 783 3333 857 3380; x_wconf 90' lang='lat' dir='ltr'>ante</span> <span class='ocrx_word' id='word_1_246' title='bbox 867 3315 1026 3398; x_wconf 84' lang='lat' dir='ltr'>Tullium,</span> <span class='ocrx_word' id='word_1_247' title='bbox 1042 3315 1085 3380; x_wconf 88' lang='lat' dir='ltr'>ita</span> <span class='ocrx_word' id='word_1_248' title='bbox 1100 3333 1139 3382; x_wconf 90' lang='lat' dir='ltr'>ut</span> <span class='ocrx_word' id='word_1_249' title='bbox 1151 3337 1227 3382; x_wconf 91' lang='lat' dir='ltr'>ann.</span> <span class='ocrx_word' id='word_1_250' title='bbox 1238 3318 1304 3406; x_wconf 84' lang='lat'>687</span> 
     </span>
    </p>
   </div>
   <div class='ocr_carea' id='block_1_3' title="bbox 239 3418 1308 4146">
    <p class='ocr_par' dir='ltr' id='par_1_4' title="bbox 239 3418 1308 4146">
     <span class='ocr_line' id='line_1_30' title="bbox 239 3418 1304 3510; baseline 0.003 -26"><span class='ocrx_word' id='word_1_251' title='bbox 239 3425 306 3502; x_wconf 73' lang='lat' dir='ltr'>jam</span> <span class='ocrx_word' id='word_1_252' title='bbox 323 3435 406 3484; x_wconf 86' lang='lat' dir='ltr'>esset</span> <span class='ocrx_word' id='word_1_253' title='bbox 422 3419 456 3482; x_wconf 94' lang='lat' dir='ltr'>in</span> <span class='ocrx_word' id='word_1_254' title='bbox 478 3418 566 3498; x_wconf 77' lang='lat' dir='ltr'>Asis,</span> <span class='ocrx_word' id='word_1_255' title='bbox 585 3419 681 3505; x_wconf 90' lang='lat' dir='ltr'>eique</span> <span class='ocrx_word' id='word_1_256' title='bbox 704 3441 792 3484; x_wconf 85' lang='lat' dir='ltr'>anno</span> <span class='ocrx_word' id='word_1_257' title='bbox 811 3421 959 3510; x_wconf 84' lang='lat' dir='ltr'>proximo</span> <span class='ocrx_word' id='word_1_258' title='bbox 980 3441 1076 3485; x_wconf 88' lang='lat' dir='ltr'>nemo</span> <span class='ocrx_word' id='word_1_259' title='bbox 1098 3423 1304 3506; x_wconf 88' lang='lat' dir='ltr'>successerit,</span> 
     </span>
     <span class='ocr_line' id='line_1_31' title="bbox 244 3522 1307 3616; baseline 0.002 -25"><span class='ocrx_word' id='word_1_260' title='bbox 244 3522 509 3616; x_wconf 82' lang='lat' dir='ltr'>quandoquidem</span> <span class='ocrx_word' id='word_1_261' title='bbox 528 3523 660 3606; x_wconf 86' lang='lat' dir='ltr'>Cicero,</span> <span class='ocrx_word' id='word_1_262' title='bbox 681 3541 715 3588; x_wconf 92' lang='lat' dir='ltr'>et</span> <span class='ocrx_word' id='word_1_263' title='bbox 734 3527 907 3614; x_wconf 86' lang='lat' dir='ltr'>Aquillius,</span> <span class='ocrx_word' id='word_1_264' title='bbox 931 3545 1028 3616; x_wconf 85' lang='lat' dir='ltr'>atque</span> <span class='ocrx_word' id='word_1_265' title='bbox 1042 3525 1138 3605; x_wconf 77' lang='lat' dir='ltr'>adeo,</span> <span class='ocrx_word' id='word_1_266' title='bbox 1157 3544 1196 3593; x_wconf 90' lang='lat' dir='ltr'>ut</span> <span class='ocrx_word' id='word_1_267' title='bbox 1214 3527 1307 3594; x_wconf 84' lang='lat' dir='ltr'>ride-</span> 
     </span>
     <span class='ocr_line' id='line_1_32' title="bbox 245 3629 1305 3719; baseline 0.003 -21"><span class='ocrx_word' id='word_1_268' title='bbox 245 3652 319 3713; x_wconf 89' lang='lat' dir='ltr'>tur,</span> <span class='ocrx_word' id='word_1_269' title='bbox 347 3629 522 3710; x_wconf 81' lang='lat' dir='ltr'>Antonius,</span> <span class='ocrx_word' id='word_1_270' title='bbox 543 3629 591 3694; x_wconf 88' lang='lat' dir='ltr'>ire</span> <span class='ocrx_word' id='word_1_271' title='bbox 615 3629 648 3693; x_wconf 93' lang='lat' dir='ltr'>in</span> <span class='ocrx_word' id='word_1_272' title='bbox 672 3632 869 3719; x_wconf 83' lang='lat' dir='ltr'>provinciam</span> <span class='ocrx_word' id='word_1_273' title='bbox 895 3633 1081 3698; x_wconf 88' lang='lat' dir='ltr'>noluerunt.</span> <span class='ocrx_word' id='word_1_274' title='bbox 1106 3634 1228 3699; x_wconf 82' lang='lat' dir='ltr'>Confer</span> <span class='ocrx_word' id='word_1_275' title='bbox 1252 3636 1305 3702; x_wconf 91' lang='lat' dir='ltr'>cit.</span> 
     </span>
     <span class='ocr_line' id='line_1_33' title="bbox 245 3734 1308 3828; baseline 0.004 -26"><span class='ocrx_word' id='word_1_276' title='bbox 245 3764 296 3828; x_wconf 86' lang='lat' dir='ltr'>ep.</span> <span class='ocrx_word' id='word_1_277' title='bbox 315 3734 381 3800; x_wconf 90' lang='lat' dir='ltr'>rad</span> <span class='ocrx_word' id='word_1_278' title='bbox 395 3738 459 3800; x_wconf 76' lang='lat' dir='ltr'>litt.</span> <span class='ocrx_word' id='word_1_279' title='bbox 474 3735 551 3798; x_wconf 82' lang='lat' dir='ltr'>Haec</span> <span class='ocrx_word' id='word_1_280' title='bbox 567 3755 628 3824; x_wconf 87' lang='lat' dir='ltr'>ego</span> <span class='ocrx_word' id='word_1_281' title='bbox 643 3735 787 3823; x_wconf 85' lang='lat' dir='ltr'>prolerre</span> <span class='ocrx_word' id='word_1_282' title='bbox 800 3760 867 3802; x_wconf 91' lang='lat' dir='ltr'>non</span> <span class='ocrx_word' id='word_1_283' title='bbox 883 3760 985 3803; x_wconf 88' lang='lat' dir='ltr'>essem</span> <span class='ocrx_word' id='word_1_284' title='bbox 1003 3761 1114 3823; x_wconf 87' lang='lat' dir='ltr'>ausus,</span> <span class='ocrx_word' id='word_1_285' title='bbox 1130 3741 1193 3805; x_wconf 86' lang='lat' dir='ltr'>nisi</span> <span class='ocrx_word' id='word_1_286' title='bbox 1206 3741 1308 3806; x_wconf 81' lang='lat' dir='ltr'>maxi·</span> 
     </span>
     <span class='ocr_line' id='line_1_34' title="bbox 246 3839 1307 3934; baseline 0.002 -26"><span class='ocrx_word' id='word_1_287' title='bbox 246 3866 337 3908; x_wconf 90' lang='lat' dir='ltr'>mum</span> <span class='ocrx_word' id='word_1_288' title='bbox 354 3842 458 3906; x_wconf 87' lang='lat' dir='ltr'>inesse</span> <span class='ocrx_word' id='word_1_289' title='bbox 468 3839 598 3928; x_wconf 86' lang='lat' dir='ltr'>pondus</span> <span class='ocrx_word' id='word_1_290' title='bbox 611 3839 651 3904; x_wconf 91' lang='lat' dir='ltr'>iis</span> <span class='ocrx_word' id='word_1_291' title='bbox 667 3841 846 3906; x_wconf 87' lang='lat' dir='ltr'>rationibus</span> <span class='ocrx_word' id='word_1_292' title='bbox 863 3844 1097 3926; x_wconf 84' lang='lat' dir='ltr'>existimarem,</span> <span class='ocrx_word' id='word_1_293' title='bbox 1113 3869 1186 3934; x_wconf 82' lang='lat' dir='ltr'>quse</span> <span class='ocrx_word' id='word_1_294' title='bbox 1203 3869 1307 3910; x_wconf 90' lang='lat' dir='ltr'>unum</span> 
     </span>
     <span class='ocr_line' id='line_1_35' title="bbox 244 3945 1306 4040; baseline -0.001 -25"><span class='ocrx_word' id='word_1_295' title='bbox 244 3952 342 4014; x_wconf 84' lang='lat' dir='ltr'>fuisse</span> <span class='ocrx_word' id='word_1_296' title='bbox 358 3945 525 4011; x_wconf 88' lang='lat' dir='ltr'>hominem</span> <span class='ocrx_word' id='word_1_297' title='bbox 548 3946 588 4029; x_wconf 89' lang='lat' dir='ltr'>Q.</span> <span class='ocrx_word' id='word_1_298' title='bbox 607 3947 790 4013; x_wconf 84' lang='lat' dir='ltr'>Voconium</span> <span class='ocrx_word' id='word_1_299' title='bbox 808 3949 988 4032; x_wconf 83' lang='lat' dir='ltr'>Nasonem,</span> <span class='ocrx_word' id='word_1_300' title='bbox 1010 3973 1152 4040; x_wconf 90' lang='lat' dir='ltr'>eumque</span> <span class='ocrx_word' id='word_1_301' title='bbox 1164 3951 1306 4033; x_wconf 84' lang='lat' dir='ltr'>judicem</span> 
     </span>
     <span class='ocr_line' id='line_1_36' title="bbox 246 4053 1308 4146; baseline 0.002 -28"><span class='ocrx_word' id='word_1_302' title='bbox 246 4053 393 4124; x_wconf 77' lang='lat' dir='ltr'>veneficii</span> <span class='ocrx_word' id='word_1_303' title='bbox 405 4053 591 4140; x_wconf 77' lang='lat' dir='ltr'>quaestionis</span> <span class='ocrx_word' id='word_1_304' title='bbox 603 4069 739 4142; x_wconf 83' lang='lat' dir='ltr'>praetore</span> <span class='ocrx_word' id='word_1_305' title='bbox 750 4055 904 4138; x_wconf 87' lang='lat' dir='ltr'>carentis,</span> <span class='ocrx_word' id='word_1_306' title='bbox 918 4072 956 4121; x_wconf 93' lang='lat' dir='ltr'>ut</span> <span class='ocrx_word' id='word_1_307' title='bbox 970 4056 1115 4142; x_wconf 89' lang='lat' dir='ltr'>ostendi,</span> <span class='ocrx_word' id='word_1_308' title='bbox 1127 4057 1308 4146; x_wconf 88' lang='lat' dir='ltr'>postulant,</span> 
     </span>
    </p>
   </div>
   <div class='ocr_carea' id='block_1_4' title="bbox 0 0 1527 4666">
    <p class='ocr_par' dir='ltr' id='par_1_5' title="bbox 0 0 1527 4666">
     <span class='ocr_line' id='line_1_37' title="bbox 0 0 1527 4666; baseline 0 0"><span class='ocrx_word' id='word_1_309' title='bbox 0 0 1527 4666; x_wconf 95' lang='lat' dir='ltr'> </span> 
     </span>
    </p>
   </div>
  </div>
 </body>
</html>
