2958 4670
232 337 303 429 472
570 324 965 400 tneununrun.

269 455 407 535 darguat,
422 450 528 532 partim
541 463 575 511 ut
587 464 719 510 senatum
737 451 907 524 confirmet,
922 447 1132 528 spondentque,
1151 447 1297 528 quidquid

269 552 419 611 decremm
436 549 540 622 fuerit,
561 549 693 608 eonsules
706 549 886 628 impleturos.
904 547 1033 606 Ρῑὶιηιιιιι
1054 547 1160 625 gratias
1174 547 1233 623 agit
1246 565 1298 624 pa·

270 645 363 708 tribus
375 645 561 722 conscriptis,
574 644 653 722 quod
666 643 820 702 videantur
831 643 867 701 de
881 663 936 702 suo
948 642 1079 720 periculo
1093 661 1155 702 esse
1165 643 1296 712 solliciti,

270 744 400 824 petitque
417 754 451 801 ut
470 741 526 801 sibi
542 755 573 800 et
587 741 686 819 patriae
707 741 876 811 consulant,
898 740 936 798 de
949 759 980 798 se
998 741 1125 818 eogitme
1144 739 1295 811 desinant,

267 861 331 922 cap.
349 862 375 914 t,
386 859 414 896 n.
437 843 513 898 Turn
526 857 594 910 eos,
610 837 703 918 quiin
719 836 879 896 custodiam
893 836 954 895 dati
967 837 1041 910 sint,
1055 849 1172 896 senatus
1180 835 1297 915 judiciis

265 941 325 1018 jam
339 938 489 996 damnatos
501 955 563 1016 esse
576 933 715 1006 ostendit3
736 933 774 991 de
796 953 898 992 eorum
918 953 1003 1012 poena
1025 944 1136 1005 autern,
1155 931 1297 1011 quidquid

268 1048 421 1104 statuatur,
432 1045 499 1092 ante
512 1043 627 1090 noctem
639 1031 825 1090 statuendum
839 1049 912 1100 esse,
923 1031 950 1088 3.
965 1030 1078 1089 Deinde
1093 1029 1165 1089 duas
1178 1029 1297 1109 exponit

165 1110 168 1124 Ι
268 1132 424 1192 sententias
436 1129 533 1188 adbuc
545 1129 637 1187 dietas
649 1151 657 1185 :
671 1146 786 1206 prauam
799 1126 899 1199 Silani,
906 1127 957 1206 qni
968 1140 1134 1198 eensuerat,
1146 1147 1196 1186 eos
1206 1139 1298 1185 morte

271 1251 333 1290 esse
348 1227 529 1299 multandos,
549 1226 668 1285 alteram
680 1229 712 1285 C.
726 1225 797 1284 Julii
817 1226 953 1299 emeris,
973 1225 1024 1304 qui
1039 1245 1090 1285 eoa
1102 1224 1188 1284 bonis
1204 1223 1299 1303 publi-

270 1328 358 1400 eatis,
370 1326 400 1384 in
411 1323 537 1384 vinculis
549 1322 731 1402 sempiternis
748 1322 900 1382 habendos
911 1341 974 1382 esse
986 1336 1153 1397 censuerat,
1169 1343 1222 1402 per
1237 1343 1299 1380 mn-

269 1423 387 1502 nieipia,
398 1441 464 1501 quae
475 1420 598 1480 mamma
610 1418 715 1498 opibus
728 1420 876 1493 valerent3
888 1439 946 1477 neu
961 1421 1027 1498 quis
1040 1419 1078 1479 de
1090 1419 1136 1479 bis
1148 1431 1249 1499 postea
1261 1419 1297 1478 ad

270 1533 402 1581 senatum
419 1520 561 1591 referret,
577 1535 673 1595 neque
690 1535 757 1574 eum
771 1517 883 1594 populo
896 1529 1009 1594 ageret,
1034 1516 1086 1594 qui
1100 1517 1185 1575 aliter
1201 1514 1301 1574 iecerit

273 1631 403 1679 senatum
423 1615 604 1686 existimare,
622 1633 689 1674 eum
703 1627 806 1672 contra
826 1613 1036 1692 rempublicam
1049 1627 1079 1672 et
1099 1615 1220 1672 salutem
1235 1632 1301 1671 om-

271 1717 352 1774 nium
367 1714 521 1772 iacturum.
535 1714 695 1790 Utramque
708 1712 880 1771 sententiam
893 1712 934 1770 ita
944 1723 1102 1790 comparat,
1115 1723 1150 1770 ut
1163 1722 1259 1769 tamen
1270 1729 1302 1769 se

272 1812 362 1891 magis
377 1810 408 1868 in
419 1809 510 1871 Silani
519 1809 690 1869 sententiam
702 1809 843 1870 inclinare
857 1821 931 1869 tecte
946 1809 1101 1888 significet,
1112 1809 1175 1878 4-6.
1188 1806 1302 1866 Deinde

274 1909 379 1969 refutat
391 1925 449 1979 eos,
459 1907 511 1985 qui
523 1919 688 1976 vereantur,
700 1925 738 1965 ne
750 1908 851 1965 nonsul
864 1908 932 1966 satis
947 1905 1074 1984 praesidii
1085 1905 1201 1977 lrabeat,
1214 1904 1251 1963 ad
1266 1925 1302 1964 ea

270 2025 337 2083 quae
351 2017 467 2062 senatus
487 2003 525 2062 de
546 2003 705 2080 conjuratis
727 2005 876 2076 statuerit,
892 2003 1095 2081 transigenda,
1113 2002 1302 2079 omniumque

271 2101 460 2160 bonorumet
476 2100 605 2158 omnium
619 2098 756 2158 ordinum
768 2101 872 2158 mirum
892 2119 954 2159 esse
971 2119 1142 2159 consensum
1157 2101 1187 2158 in
1200 2100 1303 2158 deien-

269 2198 366 2257 dendn
376 2195 545 2276 reipublicae
559 2197 651 2254 salute
665 2194 861 2265 demonstrat,
877 2217 905 2270 7,
917 2199 944 2255 8.
955 2199 1057 2275 Itaque
1071 2196 1209 2276 quoniam
1222 2215 1303 2254 sena-

221 2303 223 2310 '
272 2296 316 2353 tui
332 2294 433 2374 populi
447 2293 560 2352 romani
573 2291 709 2371 praesidia
720 2313 780 2352 non
799 2293 914 2365 desint,
937 2294 1040 2373 ipsine
1056 2294 1168 2372 populo
1182 2313 1303 2351 romano

272 2391 373 2450 deesse
394 2388 528 2448 videatur
543 2388 756 2468 providendum
775 2409 851 2460 esse,
865 2411 894 2468 9.
915 2395 1066 2449 Postremo
1080 2409 1161 2449 suam
1173 2403 1304 2448 constan·

273 2488 343 2546 tiam
363 2486 517 2565 predicat,
538 2487 642 2564 suique
659 2487 824 2545 considatus
838 2487 1004 2546 memoriam
1017 2499 1047 2544 et
1059 2487 1111 2544 tilii
1126 2487 1265 2558 salutem,
1278 2485 1303 2543 si

272 2582 344 2661 quid
356 2583 412 2642 sibi
426 2583 574 2656 acciderit,
581 2584 694 2642 senatui
705 2583 988 2661 commendaturque
997 2597 1031 2642 ut
1041 2583 1078 2641 de
1087 2583 1304 2662 conjuratorum

271 2700 374 2759 prena,
398 2681 427 2739 b.
441 2701 467 2739 e.
480 2679 518 2739 de
532 2680 672 2739 universae
686 2677 853 2758 reipublicae
866 2681 957 2738 salute
975 2679 1129 2758 diligenter
1144 2701 1177 2739 ac
1191 2679 1304 2737 sortiter

271 2776 417 2852 decernat,
429 2777 572 2836 bortatur.
593 2781 663 2836 flac
673 2789 827 2855 postquam
838 2777 941 2836 Cicero
954 2777 1043 2849 dixit,
1053 2781 1095 2835 M.
1106 2775 1225 2834 Porcius
1232 2777 1303 2834 Cato

271 2875 444 2934 sententiam
461 2887 580 2954 rogatus
593 2873 754 2933 orationem
770 2873 907 2946 babuita
919 2874 1034 2932 Sallust.
1045 2893 1108 2952 rap.
1123 2873 1303 2946 50,relatam,

272 2971 379 3050 quade
396 2971 553 3050 conjuratis
564 2971 701 3028 confessis
714 2969 798 3030 sicuti
812 2971 849 3029 de
863 2971 1019 3029 manifestis
1029 2989 1125 3029 remam
1138 2970 1303 3048 capitalium

269 3089 352 3128 more
367 3070 526 3148 majorum,
540 3068 714 3146 supplicium
725 3068 896 3127 sumendum
907 3088 969 3128 esse
980 3068 1103 3128 censuit:

312 3171 415 3243 ltaque
428 3185 518 3244 quum
530 3178 647 3224 senatus
658 3165 688 3222 in
698 3165 815 3224 Catonis
826 3165 997 3225 sententiam
1008 3165 1193 3236 discessisset,
1204 3166 1302 3222 consul

271 3281 309 3320 ea
320 3263 398 3341 ipsa,
409 3283 475 3340 quae
486 3260 610 3320 instabat
623 3275 725 3331 nocte,
739 3263 906 3322 triumviros
916 3283 980 3340 quae
994 3263 1168 3342 supplicium
1179 3262 1304 3340 postula-

272 3357 324 3417 bat
334 3379 438 3438 parare
445 3358 539 3437 jubet.
552 3359 664 3418 Deinde
675 3360 824 3433 Lentulus,
837 3361 990 3439 Cethegus,
1003 3361 1142 3432 Statilius,
1155 3359 1303 3433 Gabinius,

271 3456 421 3534 Caeparius
439 3456 468 3514 in
488 3457 585 3514 locum
598 3457 737 3527 carceris,
761 3457 812 3534 qui
828 3458 995 3515 Tullianum
1015 3455 1227 3535 appellabatur,
1250 3453 1304 3513 de-

275 3553 372 3625 ducti,
388 3551 488 3630 ibique
512 3551 618 3629 quibus
634 3565 811 3630 praeceptum
827 3566 906 3625 erat,
929 3553 964 3611 iis
981 3554 1085 3630 laqueo
1100 3553 1194 3631 gulam
1211 3553 1305 3630 frege-

273 3662 351 3708 runt.
371 3653 437 3726 Ipse
465 3660 560 3708 autem
583 3647 705 3717 Catilina
722 3667 798 3705 anuo
813 3647 946 3724 proxime
968 3661 1107 3726 aequente
1124 3649 1199 3725 692,
1221 3647 1306 3706 initio

270 3745 398 3823 januarii
420 3748 451 3803 in
472 3765 543 3824 agro
566 3744 734 3804 Pistoriensi
761 3765 778 3804 a
797 3746 911 3803 Petreio
925 3749 957 3804 C.
981 3746 1101 3804 Antonii
1124 3744 1306 3823 proconsulis

277 3841 452 3918 legatorum
467 3840 596 3899 exercitu
613 3859 701 3898 eaesus
716 3851 768 3898 est.
790 3839 917 3899 Manlius
934 3855 965 3899 et
983 3841 1141 3900 Fesulanus
1156 3841 1186 3898 in
1205 3839 1308 3918 primis

274 3951 435 4013 pugnantes
453 3936 634 4009 ceciderunt3
651 3936 774 3995 Catilina
786 3937 871 4014 longe
884 3959 900 3997 a
914 3939 973 3997 suis
984 3939 1062 3998 inter
1076 3939 1204 3998 bosu'um
1215 3936 1307 3997 cada—

274 4052 343 4091 vera
359 4046 500 4114 repertus.
519 4034 634 4094 Sallust.
656 4053 719 4110 rap.
735 4038 782 4094 61.
