2958 4670
368 381 560 449 ORATIO
585 381 682 450 PRO
707 381 746 448 L.
772 379 1004 450 MURENA.
1146 375 1214 472 507

153 513 383 598 tempestates
403 523 480 572 esse
499 499 729 572 subeundas?
744 502 882 591 Quare,
899 503 929 571 si
948 514 1001 572 est
1019 498 1108 572 boni
1127 523 1216 572 con-

154 611 264 696 sulis,
283 633 358 680 non
380 610 498 682 solum
519 611 661 698 videre,
680 610 769 707 quid
795 625 942 708 agatur,
963 615 1219 682 verumetiam

154 719 365 818 providere,
404 719 492 818 quid
521 719 685 792 futurum
707 723 783 790 sit:
806 719 996 796 ostendam
1024 720 1094 790 alio
1120 721 1221 806 loco,

154 845 333 927 quantum
353 830 476 902 salutis
498 831 704 902 communis
725 831 882 917 intersit,
896 829 990 902 duos
1008 829 1222 903 consulesin

154 939 341 1038 republica
363 939 526 1012 kalendis
543 938 659 1037 jan.¹³
681 964 767 1012 esse.
805 938 915 1031 Quod
936 941 966 1010 si
985 941 1034 1010 ita
1052 954 1126 1028 est,
1148 963 1222 1010 non

125 1048 127 1054 ’
154 1064 230 1120 tam
251 1075 310 1122 me
331 1047 490 1121 officium
517 1049 644 1122 debuit
660 1049 707 1122 ad
725 1048 885 1122 hominis
915 1051 1019 1124 amici
1039 1048 1222 1136 fortunas,

156 1183 265 1260 qnam
281 1157 485 1256 respublica
494 1161 680 1232 consulem
690 1160 735 1230 ad
746 1183 980 1232 communem
992 1157 1144 1237 salutem
1157 1159 1223 1232 de-

157 1266 378 1340 fendendam
398 1292 538 1340 vocare.

206 1383 269 1450 Ill.
297 1383 388 1452 Nam
422 1378 522 1475 quod
548 1380 665 1476 legem
690 1379 736 1451 de
763 1378 901 1450 ambitu
926 1379 1009 1466 tuli,
1044 1393 1141 1455 certe
1172 1382 1223 1451 ita

158 1487 243 1576 tuli,
262 1501 303 1558 ut
321 1511 418 1576 earn,
438 1513 548 1585 quarn
571 1488 734 1560 mihimet
760 1491 829 1587 ipsi
845 1487 1059 1588 jampridem
1080 1491 1224 1564 tulerim

161 1599 207 1668 de
229 1599 359 1670 civium
390 1599 557 1696 periculis
586 1597 846 1689 defendendis,
875 1609 975 1670 n0n¹
1001 1598 1224 1696 abrogarem.

160 1712 304 1780 Etenim
328 1711 357 1780 si
376 1709 604 1806 largitionem
632 1708 760 1781 factam
782 1733 858 1780 esse
887 1706 1100 1796 confiterer,
1118 1709 1229 1806 idque

162 1835 262 1892 recte
291 1818 426 1912 factum
463 1845 540 1893 esse
569 1818 825 1904 defenderem,
850 1816 1004 1890 facerem
1040 1817 1230 1917 improbe,

163 1933 301 2003 etiamsi
319 1932 411 2003 alius
428 1933 544 2027 legem
565 1930 705 2002 tulisset
727 1955 871 2028 :quum
898 1953 984 2000 vero
1013 1929 1104 2000 nibil
1128 1951 1229 1999 com·

161 2043 312 2114 missurn
329 2055 453 2114 coutra
472 2041 588 2138 legem
610 2065 687 2112 esse
702 2039 915 2126 defendam,
933 2039 1021 2136 quid
1042 2054 1110 2126 est,
1128 2037 1228 2135 quod

163 2176 281 2223 meam
300 2149 548 2223 defensionem
568 2151 655 2222 latio
670 2152 782 2248 legis²
802 2149 1001 2248 impediat?
1077 2213 1080 2220 .

212 2265 330 2358 Negat
345 2258 446 2332 esse³
466 2260 627 2357 ejusdem
645 2265 857 2348 severitatis,
875 2261 1064 2334 Catilinam
1079 2259 1231 2330 exitium

164 2369 370 2467 reipublicae
390 2372 484 2442 intra
499 2373 635 2442 moenia
652 2371 861 2442 molientem
881 2426 891 2458 ,
919 2369 1037 2444 verbis
1068 2383 1103 2440 et
1128 2391 1231 2466 poene

165 2480 319 2578 imperio
334 2478 425 2552 urbe
440 2482 680 2578 expulisse;et
689 2505 790 2552 utine
800 2499 868 2579 pro
881 2486 920 2553 L.
934 2485 1088 2555 Murena
1097 2479 1230 2552 dicere.

165 2591 242 2690 Ego
262 2605 380 2661 autem
394 2591 458 2662 has
476 2595 620 2688 partes‘*
636 2591 792 2664 lenitatis
806 2589 1124 2676 etmisericordiae,
1143 2611 1233 2686 quas

166 2725 225 2772 me
260 2715 387 2772 natura
410 2701 488 2798 ipsa
513 2701 654 2788 docuit,
678 2725 822 2798 semper
850 2702 907 2796 egi
932 2700 1112 2772 libenter:
1135 2699 1230 2770 illam

166 2835 252 2882 vero
270 2813 450 2906 gravitatis
466 2813 739 2906 severitatisque
757 2833 950 2907 personam
968 2835 1042 2880 non
1059 2809 1233 2906 appetivi;

167 2918 229 2992 sed
242 2918 288 2990 ab
302 2917 486 3015 republica
495 2919 584 2988 mihi
597 2920 800 3016 impositam
811 2915 826 2958 ⁵
837 2920 1004 3004 sustinui,
1019 2921 1112 2986 sicut
1125 2916 1235 3010 hujus

207 3161 247 3210 1³.
258 3159 375 3208 Kalendis
383 3160 440 3225 jan.
451 3160 537 3208 Primo·
547 3159 586 3208 die
593 3163 679 3222 janua·
724 3176 790 3208 mom
803 3159 934 3208 defendere
946 3159 1052 3222 possim,
1065 3159 1108 3220 qui
1119 3159 1172 3221 tege
1184 3168 1237 3206 maa

169 3241 200 3287 rii
218 3241 370 3303 maffl'otratua
384 3251 408 3288 et
424 3239 548 3303 praecipue
568 3239 681 3288 eonsules
725 3255 776 3286 non
791 3248 894 3286 tenetur.

170 3317 680 3384 munnrinibaut.Deaignabantnrqninqne
761 3320 788 3367 3.
801 3319 885 3384 Negat
894 3333 950 3366 erre.
964 3319 1026 3370 Cato
1035 3317 1104 3366 aitse
1118 3317 1144 3364 ln
1155 3315 1238 3379 ecqui

169 3399 293 3449 mensibus
307 3411 435 3462 antequam
446 3397 530 3446 officio
539 3399 608 3462 fungi
621 3398 681 3447 inci·
726 3401 854 3448 Mnrenam
863 3397 985 3460 defendit,
992 3413 1043 3445 non
1051 3413 1105 3446 euna
1114 3395 1237 3444 consulem

170 3491 272 3546 perent;
283 3496 334 3544 quo
346 3478 474 3526 intervallo
485 3477 639 3541 querebatur
650 3494 681 3526 an
727 3495 869 3544 agnoscere,
887 3480 957 3541 cujus
969 3478 1107 3541 eloquentia
1123 3492 1151 3524 ac
1169 3490 1239 3540 paene

170 3557 594 3624 praviorationibnradconrnlatum
603 3567 682 3606 mr
727 3558 855 3624 imperium
879 3557 1008 3606 Catilinam
1031 3555 1092 3604 urbe
1113 3554 1218 3618 expulit.

171 3639 280 3702 grassati.
764 3646 788 3693 t.
814 3640 865 3686 Has
885 3648 975 3700 parrer.
999 3634 1107 3684 Cuilibet
1131 3643 1241 3680 uatumru

206 3721 251 3767 111.
262 3719 346 3768 cmm
355 3717 683 3783 abrogaremQuumlegenr
729 3715 852 3782 propriam
870 3713 1016 3778 sequendam
1034 3729 1085 3760 eaae
1102 3726 1153 3760 nort
1168 3711 1240 3760 vitio·

172 3797 203 3846 de
221 3797 315 3846 ambitu
333 3795 377 3844 tali
392 3798 489 3854 consul,
509 3813 562 3846 non
579 3815 606 3846 ea
624 3797 682 3846 mihi
728 3789 1240 3854 aam,ueoaffeotandurnquodaaaequinop

172 3878 333 3925 mensfuitut
346 3891 397 3923 eain
408 3877 518 3924 tollerem
527 3877 587 3924 mihi
599 3888 682 3926 natura
714 3861 872 3940 'postumum
893 3871 965 3920 docet
983 3870 1069 3920 Cicero
1088 3869 1119 3918 de
1132 3867 1242 3924 Officiis,

173 3955 284 4014 inritam,
297 3971 345 4018 qua
358 3955 423 4003 oivea
436 3971 503 4003 meos
518 3955 646 4004 defendere
660 3967 683 4004 et
728 3953 772 4003 lib.
792 3956 819 4011 1,
834 3969 887 4016 cap.
899 3953 941 3999 31.

172 4035 236 4084 tueri
246 4035 370 4083 constitui.
766 4036 788 4081 5.
806 4031 869 4080 tritt
878 4029 1025 4095 impositam.
1040 4031 1088 4076 Ρη)
1099 4029 1175 4078 salute
1191 4044 1240 4084 rua.

211 4131 236 4164 a.
256 4113 327 4164 Latio
347 4113 413 4178 tegis.
434 4113 499 4178 Quid
519 4124 554 4162 eat
572 4129 615 4162 cur
633 4129 682 4162 rron
728 4141 763 4152 -
778 4109 857 4174 Hujus
870 4109 973 4175 imperii.
990 4110 1138 4160 Consularis.
