2956 4676
357 393 545 462 ostreo
571 393 675 462 rac
699 394 741 461 Α.
765 395 1050 465 cnnnurro.
1138 411 1140 417 ‚
1171 357 1238 466 its

171 516 314 611 quasin
328 512 474 608 judiciis
492 512 705 601 babuimus,
722 515 952 586 auctoritates
970 529 1111 588 nostras
1125 517 1239 586 consi·

170 637 296 720 gnatas
305 647 343 694 se
357 623 494 696 habere
503 622 708 695 arbitratur.
722 629 857 695 Omnes
870 626 966 696 enim
978 625 1044 696 illae
1058 627 1239 698 orationes

171 757 361 805 causnnrm
375 748 412 808 et
431 748 638 830 temporum
660 749 761 822 sunt,
777 759 853 805 non
873 735 1064 806 hominum
1076 737 1238 833 ipsorum

171 867 214 914 ac
232 857 480 941 patronorum.
499 845 610 931 Nam,
629 845 658 914 si
677 865 790 914 causae
807 845 892 942 ipsae
906 866 975 941 pro
987 867 1026 916 se
1041 844 1143 942 loqui
1155 867 1240 942 pos-

171 968 272 1040 sent,
291 977 400 1024 nemo
415 951 604 1024 adhiberet
621 967 814 1024 oratorem.
831 957 938 1027 Nunc
955 953 1185 1042 adhibemur,
1199 967 1242 1024 ut

172 1087 216 1134 ea
237 1062 419 1151 dicamus,
443 1089 519 1135 non
542 1085 623 1159 quae
645 1077 769 1134 nostra
787 1065 999 1136 auctoritate
1017 1064 1241 1136 constituan-

171 1187 252 1262 tur,
271 1173 332 1244 sed
348 1198 428 1270 qum
441 1197 487 1244 ex
501 1175 636 1270 reipsa
650 1195 829 1270 causaque
842 1172 1032 1244 ducantur.
1048 1177 1241 1244 Hominem

171 1285 424 1380 ingeniosum,
444 1286 494 1352 M.
519 1283 719 1354 Antonium
742 1293 767 1370 ⁷,
799 1285 903 1355 aiunt
923 1283 1070 1354 solitum
1093 1280 1175 1354 esse
1189 1282 1242 1352 di·
1324 1349 1327 1354 .

172 1417 278 1480 cere,
306 1421 324 1458 t
342 1393 478 1464 idcirco
505 1415 543 1464 se
573 1391 710 1462 nullam
736 1417 911 1490 umquam
934 1394 1135 1464 orationem
1158 1393 1244 1464 scri·

172 1533 190 1570 «
204 1506 335 1602 psisse,
357 1519 424 1591 ut,
434 1503 464 1574 si
482 1501 571 1599 quid
586 1502 799 1599 aliquando,
817 1503 918 1601 quod
934 1528 1011 1574 non
1025 1527 1120 1602 opus
1133 1517 1243 1578 essct,

172 1643 195 1688 e,
207 1613 253 1685 ab
268 1637 306 1685 se
324 1629 418 1685 essct
431 1613 585 1701 dictum,
605 1628 728 1710 posset
749 1637 787 1684 se
807 1637 940 1710 negare
961 1613 1092 1684 dixisse
1107 1638 1144 1681 :a
1161 1635 1244 1709 per·

172 1722 263 1795 inde
290 1725 413 1821 quasi,
440 1719 568 1818 quida
591 1719 698 1792 nobis
720 1722 875 1811 dietum,
898 1736 961 1794 aut
982 1738 1102 1794 actum
1124 1724 1187 1810 sit,
1206 1721 1247 1818 id

174 1834 246 1904 nisi
272 1833 386 1916 literis
415 1830 728 1920 mandaverimus,
754 1832 946 1903 hominum
971 1833 1145 1905 memoria
1169 1855 1246 1903 non

175 1947 518 2046 comprehendatur.
571 2009 575 2016 .

172 2099 177 2110 ·
224 2061 283 2132 LI.
304 2063 378 2155 Ego
395 2084 483 2132 vero
499 2065 537 2137 in
561 2063 631 2133 isto
649 2067 806 2159 genere¹
828 2055 1000 2128 libentius
1019 2080 1134 2152 quum
1155 2056 1247 2127 mul·

70 2191 77 2201 ’
149 2257 156 2273 ι
176 2181 322 2253 torum,
342 2181 421 2238 tum¹
439 2167 596 2243 bominis
615 2167 901 2266 eloquentissimi
923 2180 959 2238 et
981 2167 1248 2263 sapientissimi,

178 2281 221 2348 L.
243 2279 379 2363 Crassi,
404 2281 656 2351 auctoritatem
682 2299 832 2374 sequor,
858 2279 922 2373 qui
945 2299 1061 2372 quum
1077 2279 1118 2346 J..
1144 2276 1247 2347 Plan·

180 2384 307 2455 cium²
330 2383 561 2477 defenderet,
583 2401 774 2460 accusante
794 2389 843 2456 M.
863 2391 975 2457 Bruto
991 2382 1020 2474 ³,
1046 2384 1193 2456 bomine
1211 2387 1249 2455 in

179 2493 338 2566 dicendo
358 2495 566 2569 vehementi
592 2513 628 2570 et
648 2495 778 2570 callido
791 2498 821 2582 l,
847 2519 961 2593 quum
986 2499 1136 2583 Brutus,
1158 2492 1250 2566 duo-

181 2603 251 2675 bus
270 2606 526 2679 recitatoribus
544 2607 766 2695 constitutis,
788 2630 833 2678 cx
850 2603 994 2676 duabus
1014 2605 1093 2699 ejus
1115 2604 1249 2675 oratio·

180 2763 248 2796 nnuc
257 2763 316 2797 vero
328 2749 367 2796 hie
376 2749 440 2799 adse
454 2749 633 2800 defendendum
645 2751 692 2799 uti-
773 2765 797 2796 a.
812 2745 911 2796 Schlits.
927 2763 941 2795 e
955 2745 1000 2795 lib.
1014 2746 1045 2794 de
1058 2748 1129 2794 Orat.
1145 2748 1186 2806 11,
1198 2747 1251 2810 54,

179 2839 222 2878 tur
232 2828 378 2891 argumentis
389 2845 444 2892 quo
455 2832 541 2880 nescio
548 2844 580 2879 su
590 2829 693 2882 oratorii
735 2839 761 2876 st
773 2827 879 2891 Quintil.
890 2827 941 2887 VI,
952 2828 982 2886 3,
998 2834 1048 2884 44,
1063 2825 1105 2874 Gn.
1117 2826 1248 2875 Plancum.

117 2965 123 2974 Ι
180 2921 274 2966 mores,
289 2907 332 2956 sed
344 2919 409 2956 certe
419 2924 515 2958 momen
528 2910 608 2974 probe
619 2909 692 2958 insti·
773 2908 799 2955 3.
813 2909 847 2955 Μ.
855 2909 942 2954 Bruto.
951 2905 1001 2968 Qui
1010 2903 1071 2951 male
1080 2905 1253 2952 audiiteono·

181 2996 234 3034 tuta
248 2985 377 3050 disciplina
396 3003 521 3051 nunquam
536 2989 691 3038 toleraverit:
738 2987 817 3048 usius,
841 2983 910 3050 quod
931 2983 1075 3034 industriam
1103 2999 1253 3048 operamque

180 3079 263 3128 usque
294 3064 366 3114 susm
398 3064 511 3116 lubenter
538 3065 695 3132 profitentem
738 3080 805 3112 susm
839 3064 871 3111 sd
905 3061 1071 3112 secumdum
1099 3063 1251 3126 contulisset.

183 3158 332 3208 quemquem
342 3143 475 3207 audireris,
484 3162 510 3195 se
519 3148 630 3196 incautis
642 3161 695 3194 non
737 3143 782 3197 Ille
794 3153 876 3194 autem
891 3141 925 3201 in,
938 3143 1015 3192 Bruto
1031 3153 1158 3193 accusator
1179 3142 1253 3192 scisse

182 3223 272 3270 utentis
280 3237 331 3270 sun
340 3222 471 3286 judicium,
482 3227 695 3291 rsrumtsmporis
738 3221 868 3274 vehemens
882 3233 907 3269 et
923 3222 1040 3279 molestus
1058 3221 1156 3282 dicitur,
1176 3232 1204 3282 ut
1214 3222 1252 3270 la·

182 3301 317 3361 unionem,
333 3303 494 3358 etclisntiuru
514 3305 643 3357 commoda
656 3321 696 3354 se-
738 3302 786 3350 cile
798 3317 909 3350 cerneres
921 3301 1029 3360 naturale
1037 3302 1163 3365 quoddam
1170 3301 1255 3366 stirpis

183 3379 239 3442 qui;
250 3379 285 3430 ita
295 3392 324 3430 ut
339 3381 387 3430 boc
398 3383 454 3447 ipso
463 3395 588 3436 momento
601 3385 695 3434 nescias
740 3381 835 3432 honum
850 3379 1032 3444 degeneravisse
1044 3381 1105 3430 vitio
1117 3381 1255 3446 depravatae

183 3467 315 3514 utrumex
328 3461 424 3522 animo,
437 3471 520 3512 utrum
531 3479 563 3512 ex
576 3478 647 3514 cauea
659 3463 696 3516 lo·
743 3459 889 3518 voluntatis.

184 3547 281 3600 quatur.
336 3550 341 3556 ·
598 3553 599 3560 ¹
778 3538 854 3594 Uel
863 3537 1255 3606 aalide,ut,nounullisproben-

222 3631 248 3677 7.
262 3617 301 3665 tt.
313 3617 456 3670 Aaronem.
466 3621 576 3672 Oratoris
584 3621 651 3672 illius
659 3621 699 3670 iu·
740 3616 819 3677 tibus,
830 3619 926 3674 Emsst.
938 3616 1076 3665 emendavit
1093 3627 1152 3680 post
1166 3617 1254 3664 Victo-

187 3693 326 3743 credibilem
340 3699 469 3762 quamdsm
483 3712 508 3748 et
520 3717 598 3766 prope
612 3703 696 3764 siugu-
740 3699 816 3755 rium,
825 3700 882 3746 Vsr.
893 3697 961 3746 lectt.
969 3697 1058 3755 XXX,
1068 3695 1097 3754 6,
1107 3711 1120 3742 c
1129 3697 1198 3742 Brut.
1210 3696 1254 3748 34.

186 3769 259 3820 lateus
270 3774 319 3822 rim
332 3776 425 3840 ingenii
437 3777 510 3828 scrisse
521 3795 574 3828 non
582 3779 697 3828 semelait
740 3779 756 3825 J
759 3779 803 3824 .V.
811 3779 839 3824 L.
847 3774 935 3823 -Sed
946 3773 995 3822 hoc
1009 3772 1072 3820 idem
1087 3783 1159 3820 sonat
1168 3787 1196 3818 ac
1205 3787 1254 3819 ve-

187 3851 280 3902 Cicero.
292 3854 362 3902 Illius
374 3872 403 3904 sc
416 3857 497 3906 Cissei
513 3857 596 3908 landes
612 3859 653 3908 adi
669 3860 696 3908 lu
740 3853 847 3904 lsemerrtt'
853 3869 863 3902 t
880 3869 955 3916 qnare
973 3851 1064 3900 callido
1076 3850 1254 3915 praeferendum

185 3929 253 3979 Brut.
267 3949 322 3996 cap.
338 3935 388 3996 36,
404 3951 458 4000 sqq.
740 3933 846 3980 videtur.
865 3933 979 3980 Ceteram
998 3929 1067 3977 Bruti
1084 3929 1202 3978 calliditas
1221 3949 1252 3980 ex

222 4011 262 4060 LI.
275 4027 297 4059 r.
308 4013 339 4058 In
348 4011 394 4062 istu
401 4029 498 4080 genere.
506 4013 580 4078 Quod
591 4017 622 4070 sd
633 4019 696 4068 hanc
740 4012 771 4060 iis
780 4009 867 4076 quaeh.
880 4009 898 4056 l.
910 4026 924 4056 a
936 4009 1053 4062 Cicerone
1063 4020 1205 4068 narrantur,
1215 4026 1253 4059 ss·

179 4103 237 4145 ‚run
248 4089 342 4142 attinet.
744 4093 775 4140 tis
793 4099 901 4153 apparet.
