3020 4666
448 379 516 448 DE
540 379 675 450 LEGE
700 380 952 464 AGRARIA,
979 385 1003 450 1.
1189 407 1251 454 aar

196 501 293 576 orbis
323 517 423 573 terrae
450 500 668 588 vocabatur;
697 499 804 572 urbes
831 511 1016 599 pacatae12,
1040 507 1116 598 agri
1142 507 1257 576 socio-

195 638 296 701 rum,
322 636 451 711 regum
476 627 588 683 status
615 610 826 682 decemviris
847 607 1140 682 donabantur332
1161 639 1260 686 nunc

196 747 370 823 praesens,
380 737 494 813 certa,
506 726 659 821 pecunia
671 735 861 792 numerata
873 723 1057 818 quaeritur.
1071 725 1260 821 Exspect0,

195 833 286 931 quid
314 831 484 904 tribunus
516 830 633 931 plebis
661 830 811 928 vigilans
841 846 878 903 et
910 847 1048 912 acutus¹
1067 836 1257 930 excogitet.

195 948 350 1027 veneat,
367 944 507 1038 iuquit,
528 941 614 1012 silva
639 937 831 1011 Scantias.
854 945 984 1010 Utrum
1003 940 1148 1013 tandem
1168 942 1262 1015 hanc

196 1051 320 1122 silvam
341 1050 380 1120 in
407 1050 538 1122 relictis
569 1045 916 1148 possessionibus¹⁵,
940 1051 1043 1120 auin
1068 1074 1261 1124 censorum

197 1164 339 1259 pascuis
356 1160 546 1230 invenisti?
567 1160 604 1229 Si
618 1158 709 1256 quid
727 1172 802 1245 est,
824 1157 926 1256 quod
942 1158 1140 1256 indagaris,
1161 1163 1261 1235 inve·

198 1271 315 1357 neris,
336 1293 380 1342 ex
398 1268 557 1344 tenebris
579 1271 735 1356 erueris,
761 1293 981 1366 quamquam
1005 1273 1173 1368 iniquum
1192 1289 1266 1357 est,

198 1403 372 1452 consume
390 1375 528 1468 saneffi,
551 1382 726 1476 quoniam
750 1379 981 1452 commodum
998 1394 1074 1469 est,
1092 1386 1265 1480 quoniam

198 1490 349 1588 quidem
367 1505 407 1562 tu
425 1491 597 1562 attulisti:
618 1491 741 1564 silvam
761 1515 845 1562 vero
862 1507 903 1562 tu
921 1494 1099 1564 Scantiam
1114 1494 1264 1584 vendas,

198 1599 304 1671 nobis
323 1599 533 1698 consulibus
548 1615 659 1698 atque
678 1600 749 1672 hoc
763 1601 912 1672 senatu?
927 1616 967 1672 tu
985 1601 1099 1672 ullum
1116 1605 1265 1701 vectigal

199 1711 376 1808 attingas?
398 1725 439 1794 tu
463 1712 592 1810 populi
616 1713 759 1782 romani
786 1710 944 1783 subsidia
966 1710 1074 1783 belli?
1100 1726 1142 1784 tu
1158 1739 1266 1786 orna·

199 1835 322 1892 menta
351 1822 449 1918 pacis
476 1822 629 1918 eripias?
657 1825 749 1892 Tum
770 1845 856 1892 vero
880 1821 951 1892 hoc
974 1846 1034 1892 me
1057 1823 1266 1894 inertiorem

201 1930 386 2003 consulem
401 1929 591 2026 judicabo,
613 1955 723 2028 quam
740 1930 820 2001 illos
839 1927 1055 2001 fortissimos
1071 1934 1186 2019 viros,
1201 1933 1266 2029 qui
1299 2015 1306 2026 .

201 2040 299 2140 apud
329 2041 483 2136 majores
513 2058 657 2114 nostros
688 2041 859 2130 fuerunt;
889 2039 1013 2137 quod,
1044 2066 1126 2138 quae
1155 2047 1267 2114 vecti·

201 2151 310 2249 galia,
336 2151 406 2222 illis
435 2151 668 2240 consulibus,
691 2149 831 2249 populo
856 2174 1008 2220 romano
1034 2165 1135 2248 parta
1161 2166 1267 2246 sunt,

200 2287 263 2352 ea,
285 2288 344 2335 me
364 2263 534 2350 consule,
553 2287 600 2333 ne
620 2262 768 2334 retineri
790 2258 938 2358 quidem
958 2259 1117 2358 potuisse
1132 2259 1268 2354 judica·
1327 2291 1331 2296 ·

201 2370 351 2443 buntur.
453 2359 459 2372 ¹

250 2487 294 2554 11.
323 2481 457 2553 Vendit
484 2481 593 2554 italiae
622 2481 865 2580 possessiones
895 2503 940 2549 ex
966 2476 1092 2550 ordine
1116 2500 1265 2551 omnes:

203 2615 288 2662 sane
312 2607 366 2662 est
391 2593 428 2662 in
452 2617 495 2662 eo
519 2591 671 2690 diligens
685 2603 719 2680 ¹3
744 2590 881 2660 nullam
900 2589 996 2658 euim
1016 2593 1266 2685 praetermittit.

203 2703 435 2797 Persequitur
451 2705 490 2771 in
506 2700 662 2772 tabulis²
681 2702 855 2771 censoriis
869 2712 982 2768 totam
999 2698 1173 2786 Siciliam3
1191 2701 1267 2771 nul·

204 2809 279 2880 lum
292 2799 504 2898 aedificium,
516 2811 635 2882 nullos
649 2835 753 2908 agros
765 2809 950 2904 relinquit.
964 2806 1122 2883 Audistis
1134 2812 1268 2880 auctio-

243 3037 283 3070 ra.
304 3022 377 3070 Urbes
390 3033 499 3086 pacm.
515 3021 650 3070 Provinciae
668 3021 710 3068 de·
757 3019 797 3067 lm
814 3033 929 3066 romanus
945 3015 1056 3065 nondum
1073 3031 1104 3066 ex
1116 3017 1189 3066 sociis
1201 3019 1268 3069 obti-

205 3099 315 3148 cemviris
329 3099 460 3148 vendendos
473 3099 712 3162 tradebantur,mm·
759 3099 820 3146 nuit.

205 3195 243 3225 ma
251 3171 349 3242 quidem
359 3179 460 3240 injuria,
468 3179 525 3241 quia
536 3195 611 3242 quum
619 3189 712 3242 pacator
798 3178 838 3226 16.
848 3177 928 3236 Olim,
939 3187 1020 3224 tamen
1031 3191 1151 3226 consume.
1161 3180 1187 3226 J.
1198 3182 1229 3227 V.
1239 3183 1267 3230 t.

206 3259 428 3322 essentetquietae,
439 3256 548 3319 nihilque
557 3259 583 3305 in
591 3257 713 3322 populum
760 3256 912 3305 -Verbnm
933 3266 969 3304 eet
983 3254 1105 3315 invidum,
1122 3258 1190 3319 quasi
1204 3257 1270 3308 dicat

207 3352 334 3384 romanum
353 3336 443 3384 hostile
466 3335 624 3394 molirentur,
646 3337 713 3384 nefas
760 3351 812 3384 non
825 3335 919 3395 vende,
929 3333 972 3382 aed
984 3334 1085 3382 omnino
1095 3333 1187 3400 degluti
1204 3355 1267 3388 mm.

206 3427 258 3462 erat
275 3430 359 3464 eorum
378 3431 465 3479 agros,
478 3425 600 3480 tamquam
618 3415 714 3480 spolia,
793 3417 828 3463 11.
845 3431 868 3462 1.
878 3416 907 3461 In
917 3431 945 3462 eo
959 3413 1069 3480 diligens.
1082 3418 1111 3463 ln
1121 3433 1147 3463 re
1158 3417 1270 3465 familiari

205 3493 337 3558 publicare.
759 3510 835 3560 nepos
848 3504 872 3542 et
885 3509 1003 3558 murm,
1014 3494 1040 3541 in
1049 3495 1097 3542 boo
1109 3511 1159 3543 uno
1172 3511 1222 3543 non
1234 3513 1270 3543 er·

246 3573 286 3620 13.
304 3572 434 3621 Lambinus
446 3589 461 3621 e
472 3574 579 3636 conject.
598 3575 715 3637 Puteum,
759 3585 807 3632 rat,
820 3589 895 3638 quum
909 3574 989 3638 agiam
1001 3573 1031 3621 de
1046 3575 1120 3622 totius
1129 3575 1215 3639 populi
1226 3589 1269 3622 ro·

207 3649 496 3701 coadunatarum.
510 3655 540 3702 L.
759 3654 823 3701 mani
836 3654 985 3718 patrimonio
997 3652 1146 3701 invadendo.

248 3735 288 3784 14.
300 3727 364 3775 Silva
373 3730 480 3778 Scantia.
494 3731 590 3780 Scantia
600 3731 659 3780 silva
669 3731 716 3780 fuir
794 3749 819 3782 a.
833 3733 988 3798 Persequitur
1002 3733 1026 3779 in
1044 3731 1142 3779 tabulis.
1164 3731 1269 3779 Siciliam

207 3809 234 3855 in
255 3807 400 3870 Campania,
419 3807 463 3855 ubi
482 3820 507 3858 et
527 3827 594 3875 aquae
614 3813 716 3860 Scantiae
760 3823 891 3871 scrutatur,
902 3811 1016 3875 indagat,
1028 3821 1054 3857 et
1073 3811 1158 3858 ordine
1173 3826 1268 3873 poaeee-

208 3887 288 3934 Plinio
303 3898 496 3935 commemoratae
509 3902 516 3937 :
530 3889 594 3938 bauc
606 3907 716 3940 censores
760 3891 840 3940 aiones
849 3907 932 3939 omnes
941 3906 972 3937 ex
981 3888 1069 3937 tabulis
1077 3889 1194 3936 censoriis
1202 3901 1271 3938 notat

178 3967 234 4027 ¹iu
243 3966 313 4014 ltalia
323 3964 446 4014 locabant.
522 3995 525 4002 ι
762 3966 1268 4032 aarecognoscit‚neullamoblivisoatur.

247 4047 287 4094 15.
301 4044 398 4092 Relictis
406 4045 600 4108 possessionibus.
607 4049 719 4110 Autqnae
762 4047 838 4095 Verbi
860 4047 926 4093 illius
944 4045 1086 4108 elegantiam
1105 4056 1130 4093 et
1153 4046 1200 4092 vim
1220 4048 1270 4096 iere

207 4125 308 4176 incultu
320 4134 498 4186 remanserant,
510 4134 553 4173 aut
569 4141 630 4191 quas
637 4141 719 4192 popu·
763 4142 846 4175 omnes
859 4124 1004 4172 adnotavere
1018 4135 1227 4176 commentatores.
