3018 4664
246 359 316 446 nrt
564 362 611 428 Μ.
638 361 675 427 Τ.
703 359 983 429 CICERONIS

247 486 309 570 tis,
332 484 420 580 qui,
447 504 529 577 quae
555 505 623 578 ego
650 478 847 569 deferrem,
869 501 944 549 non
965 476 1178 549 crederent?
1196 503 1306 576 quam

240 575 395 680 multos,
413 593 478 688 qui
503 605 652 688 propter
672 589 859 662 stultitiam
880 613 956 660 non
978 587 1174 686 putarent?
1196 575 1305 686 quem

246 703 399 788 multos,
426 702 617 799 quiedam
645 699 907 774 defenderent?
930 721 1039 796 quem
1066 698 1220 784 multos,
1242 703 1306 797 qui

247 825 397 911 propter
417 808 685 910 improbitatem
707 807 892 881 faverent?
907 812 957 880 Ac
977 810 1023 899 si,
1042 808 1206 881 sublato⁷
1222 808 1307 896 illo,

247 920 380 1018 depelli
399 943 418 990 a
441 918 544 990 vobis
559 943 668 990 omne
686 918 888 1017 periculum
905 917 1123 1012 judiearem3
1144 919 1217 1014 jam
1233 919 1307 1015 pri·

247 1030 330 1101 dem
349 1054 417 1128 ego
433 1033 472 1099 L.
495 1029 683 1100 Catilinam
696 1053 771 1100 non
783 1027 1044 1100 modoinvidiae
1059 1053 1164 1117 mese,
1182 1051 1307 1099 verum

248 1143 353 1212 etiam
376 1141 456 1210 vitae
474 1138 637 1236 periculo
658 1139 891 1210 sustulissem.
909 1136 978 1212 Sed
995 1162 1111 1235 quum
1132 1136 1309 1222 viderem,

247 1277 294 1322 ne
309 1249 411 1321 vobis
427 1247 573 1347 quidem
599 1248 771 1320 omnibus
794 1274 835 1320 re
862 1249 969 1321 etiem
991 1263 1071 1320 tum
1092 1248 1260 1350 probata,
1278 1250 1309 1318 si

246 1359 371 1445 illum,
391 1373 432 1429 ut
459 1373 535 1430 erat
558 1360 733 1443 meritus,
761 1373 878 1431 morte
899 1358 1126 1447 multassem,
1145 1355 1244 1447 fore,
1267 1373 1310 1428 ut

247 1471 324 1566 ejus
342 1470 461 1540 socios
478 1466 612 1539 invidia
630 1491 825 1567 oppressus
849 1471 1017 1567 persequi
1039 1493 1113 1539 non
1137 1491 1280 1566 possem
1299 1493 1307 1538 ε

247 1603 324 1649 rem
346 1578 418 1649 huo
442 1577 598 1665 deduxi,
628 1592 671 1649 ut
698 1591 775 1648 tum
804 1579 921 1677 palam
947 1603 1109 1678 pugnare
1140 1577 1309 1675 possetis,

247 1697 362 1786 quum
392 1688 533 1758 hostem
562 1702 687 1786 aperte
719 1688 895 1786 videretis.
920 1692 1039 1780 Quem
1068 1688 1216 1786 quidem
1242 1711 1310 1786 ego

248 1799 409 1886 hostem,
426 1799 603 1890 Quirites,
621 1823 732 1897 quam
747 1799 980 1872 vehementer
995 1797 1081 1869 soris
1097 1821 1171 1870 esse
1184 1800 1313 1869 timen-

249 1909 336 1980 dum
352 1921 496 2005 putem,
512 1907 596 1978 licet
617 1907 702 1979 hinc
723 1909 947 2006 intelligatis,
972 1907 1073 2006 quod
1097 1908 1186 1979 illud
1204 1909 1309 1979 etiam

249 2017 398 2088 moleste
416 2013 510 2104 fero,
524 2015 625 2113 quod
644 2017 799 2089 ex‘urbe
814 2042 942 2117 parum
961 2019 1151 2091 comitatus
1174 2021 1311 2090 exierit.

250 2129 394 2200 Utinam
408 2127 467 2198 ille
481 2151 608 2199 omnes
621 2151 743 2200 secum
761 2153 842 2202 suas
857 2134 980 2228 copies
999 2127 1199 2201 eduxisset!
1218 2133 1312 2201 Ton-

250 2233 399 2336 gilium⁸
414 2237 645 2310 mihieduxit
654 2248 681 2324 ⁹,
693 2264 801 2338 quem
818 2265 936 2312 amare
954 2242 991 2311 in
1009 2253 1171 2338 pretenta
1184 2250 1216 2284 ¹⁰
1230 2238 1243 2338 [
1255 2263 1313 2312 ea·

250 2439 362 2472 neronem
376 2421 486 2472 Catilina
495 2422 619 2471 inimicum
629 2439 692 2482 esse,
701 2439 760 2487 pro·
803 2434 831 2472 ut
844 2439 976 2488 cognosces
989 2439 1092 2472 mesmn.
1106 2424 1192 2475 Cicero
1201 2424 1234 2474 sd
1243 2427 1313 2474 Tiro·

249 2513 330 2568 pterea
343 2501 412 2566 quod
432 2518 486 2550 eum
500 2502 579 2566 ipsum
591 2503 720 2553 Cutilinsm
733 2503 761 2550 in
804 2517 871 2552 nem:
881 2503 1048 2552 «Utilitstibus
1057 2503 1105 2552 tuis
1113 2517 1314 2568 posenmosrese;

249 2581 377 2630 eonsulstu
389 2579 568 2628 acerbissimum
575 2583 760 2648 competitorem
804 2591 829 2629 te
842 2581 933 2640 velere,
943 2591 984 2628 tus
993 2597 1062 2629 censs
1074 2582 1253 2644 primumvole‚
1263 2594 1314 2630 turn

250 2657 518 2723 totumnpuubsnr,
530 2671 555 2708 et
565 2676 620 2728 quse
629 2659 719 2708 diceret
730 2661 761 2707 sb
804 2675 869 2720 mes,
883 2660 916 2708 mi
933 2661 1020 2708 Tiro».
1038 2661 1077 2710 Sis
1093 2659 1240 2725 negligentis
1258 2671 1314 2718 tus,

251 2739 310 2786 odio
318 2735 437 2803 proficisci
446 2737 623 2798 existimabam
629 2737 762 2788 seeundum
805 2755 852 2804 qus
861 2749 888 2788 tu
895 2739 1034 2804 negligeris3
1043 2749 1067 2788 et
1074 2739 1159 2788 odium
1176 2750 1257 2800 tunm,
1265 2753 1315 2804 quo

254 2833 330 2880 genus
344 2833 428 2865 eorum
442 2817 484 2880 qui
506 2817 540 2866 its
557 2817 627 2865 stulti
638 2827 719 2876 erant,
735 2825 763 2866 nt
805 2828 831 2868 ts
842 2818 903 2868 elius
913 2817 1079 2883 prosequitur.
1090 2817 1314 2868 Terentiuszullsnr

254 2898 351 2946 minime
363 2907 489 2962 poterent,
497 2907 539 2944 sut
546 2895 673 2946 Cutilinsm
683 2897 763 2960 ipsum
806 2911 885 2960 neque
894 2896 1101 2964 negligentium,
1110 2897 1313 2960 nequeodiol'eolt

255 2975 411 3024 defenderent
422 2976 536 3032 3tertium
550 2973 654 3041 denique
674 2975 765 3040 impro-
806 2985 882 3024 enon.
901 2976 941 3024 ste
961 2975 1055 3024 insidiae
1067 2973 1179 3038 alicujus,
1194 2991 1244 3026 non
1256 2990 1316 3040 ques

253 3051 764 3119 bomm,quiCstilinaeoonstibuslsvebsnt.
807 3053 859 3118 ipse
873 3053 965 3114 tendit,
979 3053 1021 3102 sed
1038 3068 1093 3116 qut
1112 3054 1158 3116 ipsi
1174 3053 1314 3106 tenduntur.

292 3151 315 3194 7.
328 3135 438 3181 Sublato.
450 3133 593 3197 Metaphors
603 3145 766 3199 sumptssge·
809 3129 895 3180 Cicero
911 3147 957 3196 pro
968 3130 1162 3196 eelim-Quod
1176 3132 1201 3180 in
1217 3133 1316 3194 alicujus

255 3229 312 3260 nere
326 3211 441 3276 supplicii
458 3227 597 3271 servorum,
615 3213 658 3276 qui
671 3213 698 3261 in
711 3230 766 3262 eru·
809 3211 907 3274 sgrestis
919 3211 1028 3274 periculo
1044 3227 1095 3258 non
1108 3214 1316 3275 pretermittere,

257 3308 309 3338 cem
328 3290 485 3340 tollebantur.
501 3318 538 3328 -
550 3291 699 3342 Iudicatem.
718 3295 765 3341 Pro
809 3289 836 3336 id
848 3287 923 3338 homo
932 3289 1054 3348 eruditus,
1068 3289 1093 3338 iu
1104 3290 1198 3339 insidiis
1208 3289 1317 3340 doetissi-

251 3369 410 3436 judieassem.
417 3369 529 3434 Ensllsge
537 3382 575 3419 est
584 3382 767 3435 temporum.-
810 3369 844 3417 mi
863 3370 968 3418 bominis
981 3369 1179 3420 dissimulsndum
1192 3380 1315 3436 poteret».

257 3448 365 3498 Invidia.
388 3449 467 3511 Qnssn
488 3449 515 3495 in
531 3464 570 3498 sne
586 3449 765 3499 conflavissent.
810 3449 888 3497 Mults
901 3449 939 3496 his
952 3447 1087 3496 consimilis
1098 3451 1214 3511 reperiet,
1229 3448 1249 3498 si
1263 3447 1317 3512 quis

256 3529 350 3579 lnvidis
364 3529 426 3577 enim
441 3546 491 3577 non
504 3528 583 3576 solum
595 3528 625 3576 de
635 3545 665 3576 eo
679 3528 768 3576 dicitur
810 3539 922 3576 seeumte
933 3526 1061 3575 observare
1070 3525 1183 3585 unlnerit.

256 3613 298 3674 qui
310 3609 419 3666 invidet,
430 3608 473 3656 sed
486 3609 557 3656 etism
571 3608 640 3656 deeo
655 3610 693 3656 oui
706 3608 767 3655 insi·
846 3609 870 3656 8.
881 3607 921 3654 At.
938 3605 1083 3670 Tongilium.
1095 3608 1120 3655 J.
1131 3609 1164 3653 V.
1177 3609 1204 3656 L.

257 3692 335 3738 detur.
345 3687 423 3736 Muto
432 3702 531 3751 qnoque
540 3687 585 3734 slis
594 3687 693 3734 nomine
703 3703 716 3733 s
728 3703 765 3734 rs·
845 3701 870 3750 9.
884 3685 947 3734 uter·
961 3684 1054 3732 eduxit.
1065 3682 1129 3732 Illud
1144 3684 1205 3734 milri
1221 3685 1253 3734 ed
1265 3699 1319 3731 sen·

258 3765 767 3830 teribuseomodousurpstssuut.Seiliest
810 3763 908 3814 sentim
917 3762 1163 3828 nihilsdjnugitned
1172 3763 1318 3814 elocutionis

257 3846 348 3894 militas
360 3861 414 3891 mea
424 3861 487 3908 saepe
505 3845 603 3907 quidem
614 3855 651 3892 est
659 3860 687 3892 es
695 3859 767 3908 quarn
811 3859 885 3908 genus
898 3854 935 3890 est
947 3843 1070 3900 hmilisre,
1082 3842 1150 3910 quod
1164 3843 1190 3894 in
1199 3843 1320 3908 plerisque

258 3941 303 3988 ego
314 3923 438 3988 percipio,
448 3923 491 3970 sed
502 3923 622 3973 interdum
634 3941 661 3971 es
670 3939 768 3988 quoque
811 3921 900 3986 linguis
913 3933 1051 3986 osmpstur.

256 4019 310 4064 quae
325 4019 355 4050 ex
368 4019 407 4050 ms
419 4003 560 4068 percipitur.
574 4003 700 4050 Terentius
719 4003 766 4050 Eu·
849 4016 888 4047 ro.
908 4003 1043 4050 Ptretesta.
1058 4000 1193 4049 Imberbem
1208 3999 1322 4049 videlieet

259 4081 353 4129 rsueho:
363 4083 406 4127 :ln
416 4097 443 4126 eu
453 4096 477 4126 re
487 4080 616 4129 utilitstesn
625 4097 670 4144 ego
681 4081 765 4130 leoism
810 4079 1031 4140 adolescentulum
1040 4091 1182 4145 prretextmn
1189 4081 1253 4130 enim
1264 4079 1323 4126 lere·
