2962 4682
348 345 541 417 ORATIO
566 346 664 414 PRO
688 345 825 415 LEGE
850 345 1084 426 MANILIA.
1205 347 1247 420 15

175 487 271 545 terra
304 471 470 566 marique
504 482 709 564 gereretur,
739 491 802 538 vos
835 467 981 565 ancipiti
1012 470 1249 542 contentione

176 580 349 668 districti,
370 577 416 650 de
437 579 592 676 imperio
615 575 840 648 dirnicaretis.
865 577 936 647 Sed
958 592 1080 648 tamen
1102 579 1249 652 alterius

177 690 288 788 partis
319 687 545 786 periculum,
577 687 789 758 Sertorianae
822 700 932 785 atque
964 687 1209 786 Hispaniensis
1222 695 1250 779 ⁴,

176 823 271 896 quae.
293 797 411 868 multo
449 796 531 894 plus
564 793 783 868 firmamenti
815 820 856 867 ac
891 796 1034 869 roboris
1068 798 1248 891 habebat,

134 949 140 958 ·
177 913 243 980 Cn.
265 909 429 1005 Pompeii
453 906 577 978 divino
603 906 754 978 consilio
773 930 814 976 ac
839 907 1008 1004 singulari
1031 911 1165 982 virtute
1183 909 1249 982 'de-

175 1018 324 1118 pulsum
335 1033 408 1107 est;
420 1019 459 1088 in
471 1017 583 1089 altera
593 1031 696 1116 parte
709 1017 759 1088 ita
768 1041 825 1088 res
838 1041 857 1087 a
870 1021 909 1087 L.
923 1017 1091 1109 Lucullo,
1105 1045 1249 1092 summo

176 1132 274 1217 viro,
299 1142 355 1200 est
376 1127 640 1211 administrata,
664 1142 705 1200 ut
729 1127 830 1196 initia
849 1125 910 1196 illa
929 1142 1110 1224 gestarum
1126 1153 1249 1200 rerum

176 1261 305 1335 magna
319 1251 430 1335 atque
442 1236 630 1335 praeclara,
648 1259 724 1306 non
738 1233 899 1307 felicitati
916 1237 1015 1330 ejus,
1033 1236 1097 1309 sed
1109 1241 1250 1322 virtuti3

177 1347 253 1420 haec
268 1361 401 1419 'autem
432 1344 628 1434 extrema⁵,
657 1371 738 1443 quae
769 1369 889 1444 nuper
916 1345 1147 1435 acciderunt,
1176 1373 1252 1420 non

178 1459 315 1556 culpae,
340 1457 404 1530 sed
421 1456 575 1530 fortunae
594 1454 788 1528 tribuenda
806 1481 882 1528 esse
898 1455 1097 1528 videantur.
1118 1458 1188 1530 Sed
1206 1458 1251 1530 de

180 1567 335 1639 Lucullo
360 1567 478 1639 dicam
503 1567 574 1639 alio
594 1566 696 1656 l0c0,
721 1571 827 1638 etita
850 1566 988 1655 dicam,
1011 1569 1187 1657 Quirites,
1211 1585 1252 1641 nt

180 1701 301 1774 neque
330 1701 414 1748 vera
438 1677 516 1749 laus
542 1679 574 1748 ei
597 1675 758 1748 detracta
781 1677 945 1747 oratione
971 1690 1112 1765 nostra,
1130 1703 1251 1776 neque

179 1784 273 1858 falsa
284 1783 426 1858 afficta⁶
444 1811 522 1860 esse
536 1785 711 1857 videatur.
727 1791 781 1857 De
795 1788 904 1856 vestri
919 1787 1062 1883 imperii
1077 1786 1252 1886 dignita-te

178 1911 288 1994 atque
306 1897 439 1994 gloria,
461 1897 636 1994 quoniam
658 1898 687 1966 is
710 1909 765 1966 est
784 1919 935 1967 exorsus
954 1897 1128 1967 orationis
1140 1921 1251 1986 meae,

178 2007 298 2080 videte
318 2032 429 2105 quem
448 2005 552 2078 vobis
574 2009 734 2080 animum
756 2005 1028 2104 suscipiendum
1048 2009 1194 2105 putetis.

227 2122 271 2190 V.
295 2117 453 2214 Majores
468 2119 601 2189 vestri¹
624 2143 736 2216 saepe,
762 2117 1023 2189 mercatoribus
1041 2143 1082 2189 ac
1102 2123 1251 2192 navicu·

181 2226 301 2300 lariis²
326 2227 534 2322 injuriosius
555 2232 734 2314 tractatis,
761 2227 857 2300 bella
878 2241 1067 2326 gesserunt
1085 2255 1093 2297 ε
1113 2253 1178 2300 vos
1199 2244 1254 2301 tot

179 2339 314 2411 civium
334 2333 570 2410 romanorum
601 2337 761 2409 millibus
787 2363 863 2409 uno
889 2341 1022 2410 nuntio
1050 2351 1158 2436 atque
1177 2363 1253 2410 uuo

178 2463 344 2547 tempore
369 2453 527 2539 necatis,
555 2474 631 2547 quo
659 2447 804 2520 tandem
833 2451 955 2519 animo
982 2471 1057 2520 esse
1086 2447 1254 2520 debetis?

178 2560 302 2658 Legati
327 2558 430 2656 quod
459 2573 562 2631 crant
590 2559 761 2658 appellati
784 2556 978 2656 superbius
988 2554 1015 2646 ³,
1035 2555 1252 2628 Corinthum

215 2748 242 2794 t.
261 2739 408 2788 &noum
428 2747 503 2802 etque
516 2737 692 2802 Hispaniensis.
737 2735 885 2802 -Mojores
892 2736 1128 2786 vestri.Cohortatio
1137 2750 1180 2801 per
1189 2751 1254 2784 eom·

180 2818 302 2868 Sutorio·
316 2817 435 2882 plurimae
453 2816 584 2864 Ulteriorie
602 2817 693 2881 lliepe-
738 2817 903 2880 perationem
917 2825 944 2862 nt
958 2831 990 2863 ex
1000 2815 1086 2863 eodem
1098 2815 1166 2863 fonte
1180 2817 1255 2863 eumi-

179 2895 228 2943 nt·
236 2895 381 2944 civitateein
391 2905 538 2960 potestatem
546 2911 614 2944 suem
623 2895 692 2944 rede-
737 2907 778 2944 tor
788 2893 925 2951 necundo,
935 2907 986 2957 quo
999 2891 1030 2940 de
1048 2907 1135 2955 genere
1145 2893 1252 2942 diximus

179 2983 255 3038 fleret.
737 2972 763 3020 in
776 2987 807 3020 eo
818 2973 884 3030 loco,
893 2970 961 3019 1th
972 2974 998 3018 in
1007 2972 1079 3039 Ver-r.
1093 2991 1107 3012 κ
1119 2969 1253 3035 Vide'quid

217 3053 241 3099 5.
255 3053 316 3102 rraee
325 3063 409 3102 autem
422 3063 541 3101 extrema.
553 3052 641 3102 Clades
650 3069 693 3101 nc·
738 3052 834 3100 intersit
854 3051 921 3100 inter
932 3061 998 3099 tuem
1013 3049 1155 3109 libidinem,
1176 3052 1255 3112 maio-

179 3141 251 3195 oepte
265 3131 373 3196 primum
391 3146 405 3178 a
423 3131 517 3190 Fabio,
532 3131 621 3180 deinde
639 3135 693 3183 aL.
738 3147 841 3194 rumque
861 3131 1047 3188 auctoritatem,
1064 3131 1128 3180 inter
1145 3146 1253 3179 emorem

179 3209 290 3268 Triario,
297 3208 546 3260 Mithridatieredirne
554 3213 583 3259 in
588 3212 695 3260 Pontum
738 3211 893 3275 furoremque
904 3221 973 3258 tuum
983 3221 1008 3258 et
1016 3209 1114 3259 illorum
1126 3211 1254 3260 consilinm

179 3297 327 3351 etmgnem
346 3289 462 3354 euiregnl
479 3299 592 3354 partem,
605 3289 694 3337 multe·
738 3299 811 3353 atque
822 3289 1006 3355 prudentiamn.

179 3382 237 3416 rum
247 3365 375 3416 nationum
390 3379 516 3418 connecte
525 3368 584 3416 belli
593 3369 695 3418 eocietu
738 3391 744 3398 -
775 3383 800 3417 a.
817 3367 857 3416 Sic
870 3368 940 3417 Febr.
951 3367 1008 3416 ond.
1026 3369 1087 3416 llere
1101 3385 1185 3417 omnes
1198 3369 1255 3432 elii,

179 3461 238 3494 cum
251 3446 356 3511 ll'igrrne
376 3459 401 3497 et
414 3445 559 3497 Mithridate
581 3447 696 3496 edverene
740 3455 801 3495 terte
813 3447 913 3496 Gruter.
931 3446 1148 3496 aemulatoribus.
1158 3449 1216 3497 Π,
1227 3451 1255 3496 t.

179 3524 303 3590 populum
312 3541 447 3576 romanum.
777 3511 936 3590 &Arpellari
942 3525 1077 3591 superbius.
1088 3526 1256 3573 offensionem

217 3605 243 3651 6.
255 3605 330 3654 Falsa
344 3604 438 3673 afficta.
447 3607 539 3656 lirim
548 3617 572 3655 et
582 3605 647 3655 Pith.
657 3621 698 3655 ex·
741 3605 864 3654 imminuit
877 3605 980 3665 Cicero,
995 3620 1045 3668 quo
1059 3605 1135 3668 megin
1147 3604 1255 3668 populns

181 3691 279 3746 capta,
289 3681 485 3749 nequefaleaac
491 3683 564 3751 ficto.
578 3685 697 3733 Sicetiem
741 3700 856 3732 romanus
872 3684 900 3731 in
916 3683 1084 3733 Mithridatem
1100 3683 1253 3743 incendatur,

180 3759 224 3808 ed.
237 3761 311 3810 roes.
740 3763 784 3828 qui
807 3763 914 3827 legatum
936 3762 1087 3812 consulerem
1107 3761 1212 3810 vinculis
1225 3776 1254 3810 re

215 3837 249 3888 V.
273 3839 419 3907 umjons
429 3842 511 3891 vestri.
531 3842 615 3892 Editio
628 3851 698 3891 reme
740 3843 896 3902 verhmibue,
910 3840 1060 3906 erqneomni
1073 3839 1255 3903 eupplicioex·

177 3917 276 3978 mni,
300 3920 469 3986 acceduntque
490 3921 565 3987 aliqui
588 3921 649 3971 rell.
667 3937 695 3970 rc
741 3924 875 3972 cruciatum
887 3931 1023 3970 necaverat.
1031 3922 1135 3982 Legatos
1148 3919 1190 3968 ille
1202 3932 1253 3969 eret

177 3996 330 4048 Gnlielnmui
343 4036 351 4062 ,
373 4011 403 4049 ut
420 4010 444 4049 et
463 4001 558 4050 aneii
578 4012 695 4065 uterque,
739 4003 783 4051 Μ’.
791 4001 923 4066 Aquillius,
936 3999 978 4062 qui
987 4013 1070 4046 eervoe
1081 3997 1109 4046 in
1120 3998 1201 4048 Sicilie
1209 3999 1254 4048 de-

177 4076 246 4126 hine
256 4080 372 4137 Venetae,
383 4078 441 4127 eod.
451 4079 524 4129 Berh.
538 4082 696 4144 ethnonym.
741 4081 849 4138 viceram
861 4076 949 4126 eonenl
962 4087 1041 4124 eutem
1056 4093 1113 4126 enm
1130 4079 1158 4126 G.
1171 4079 1254 4126 Mario
