2962 4682
319 359 515 429 ORATIO
540 358 641 426 PRO
667 359 803 426 LEGE
827 358 1064 429 MANILIA.
1181 361 1226 448 45

155 483 300 570 maluit,
322 505 434 578 quam
451 481 656 551 auctoritati
678 491 803 549 vestrae
819 477 1080 576 obtemperare.
1103 486 1229 583 Itaque

154 621 226 667 una
246 594 349 680 lex²,
370 617 464 662 unus
485 594 557 679 vir,
584 614 681 661 unus
705 614 839 679 annus,
860 614 933 662 non
954 590 1065 664 modo
1082 617 1150 664 nos
1171 596 1230 668 illa

154 707 301 776 miseria
322 727 365 774 ac
382 699 809 800 turpitudineliberavit3
832 698 894 770 sed
912 703 1018 771 etiam
1033 701 1170 794 effecit,
1189 721 1231 777 ut
1308 729 1311 736 ⁴

155 814 357 912 aliquando
373 837 458 884 vere
470 812 676 884 videremur
690 809 860 880 omnibus
873 811 1041 907 gentibus
1054 837 1096 883 ac
1114 818 1230 888 natio-

156 923 266 996 nibus
287 939 386 994 terra
404 923 569 1019 marique
584 924 774 1024 imperare.
797 922 880 1010 Quo
900 921 987 990 mihi
1008 928 1115 994 etiam
1136 926 1232 998 indi-

156 1037 263 1133 gnius
276 1031 424 1103 videtur
435 1031 677 1102 obtrectatum
691 1054 767 1100 esse
781 1027 915 1115 adhuc,
931 1029 1086 1102 Gabinio
1099 1033 1232 1120 dicam,
1282 1023 1285 1034 ’

157 1169 252 1217 anne
276 1143 467 1240 Pompeio,
490 1166 537 1212 an
560 1143 706 1237 utrique
722 1139 783 1235 (id
806 1139 905 1236 quod
924 1155 977 1210 est
995 1143 1162 1238 verius)?
1187 1173 1234 1219 ne

157 1255 340 1352 legaretur
354 1257 393 1323 Α.
410 1247 611 1322 Gabinius³
631 1254 696 1321 Cn.
716 1253 889 1347 Pompeio
907 1257 1091 1348 expetenti
1110 1277 1151 1325 ac
1166 1281 1232 1353 po-

158 1365 319 1436 stulanti.
339 1365 472 1432 Utrum
491 1361 571 1449 ille,
595 1362 658 1457 qui
677 1359 836 1456 postulat
857 1358 1015 1454 legatum
1029 1359 1075 1430 ad
1092 1376 1234 1434 tantum

157 1479 319 1566 bellum,
341 1501 452 1574 quern
470 1475 574 1562 velit,
599 1473 754 1546 idoneus
776 1487 945 1562 nonest,
968 1479 1032 1571 qui
1048 1478 1235 1575 impetret,

159 1614 274 1687 quum
296 1589 407 1658 ceteri
423 1585 467 1657 ad
482 1584 694 1684 expilandos
709 1585 826 1656 socios
843 1583 1135 1682 diripiendasque
1154 1612 1237 1685 pro-

159 1702 316 1785 vinciaS,
341 1720 434 1795 quos
446 1695 661 1782 voluerunt,
686 1693 820 1792 legatos
844 1692 1052 1782 eduxerint3
1076 1721 1123 1766 an
1142 1699 1235 1794 ipse,

160 1811 264 1905 cujus
282 1807 361 1904 lege
383 1806 478 1878 salus
495 1830 537 1876 ac
553 1803 705 1902 dignitas
721 1804 858 1902 populo
872 1829 1024 1875 romano
1038 1821 1146 1904 atque
1160 1835 1237 1882 om·

159 1919 272 1992 nibus
284 1916 456 2016 gentibus
472 1917 668 1987 constituta
682 1929 735 1986 est
747 1969 756 2003 ,
767 1939 895 2013 expers
906 1941 982 1988 esse
992 1915 1101 1989 debet
1114 1920 1239 2016 gloriae,

161 2033 240 2128 ejus
272 2031 501 2127 imperatoris
532 2041 641 2122 atque
674 2027 751 2121 ejus
775 2030 968 2114 exercitus,
998 2030 1062 2124 qui
1086 2032 1235 2104 consilio

161 2139 278 2236 ipsius
291 2153 401 2234 atque
416 2136 600 2233 periculo‘*
611 2149 664 2206 est
676 2136 919 2207 constitutus?
930 2141 987 2207 An
998 2141 1035 2208 C.
1048 2139 1235 2227 Falcidius,

162 2250 205 2338 Q.
228 2247 414 2334 MetelluS,
436 2249 480 2337 Q.
510 2243 668 2318 Coelius⁵
695 2247 930 2337 Latiniensis,
952 2252 1017 2319 Cn.
1040 2251 1235 2340 Lentulus,

163 2384 258 2456 quos
280 2382 408 2429 omnes
435 2357 586 2428 honoris¹
611 2381 716 2428 causa
743 2357 920 2445 nomino,
948 2381 1063 2453 quum
1096 2359 1234 2431 tribuni

164 2467 281 2566 plebis
295 2466 468 2554 fuissent,
486 2491 584 2537 anno
602 2468 769 2564 proximo
787 2463 917 2564 legati⁶
929 2492 1005 2539 esse
1018 2483 1233 2566 potuerunt:

164 2579 202 2648 in
222 2577 297 2647 hoc
315 2600 391 2647 uno
411 2574 567 2648 Gabinio
590 2590 677 2647 sunt
696 2590 766 2646 tam
784 2575 988 2674 diligentes,
1014 2581 1077 2674 qui
1102 2580 1138 2650 iu
1165 2581 1236 2653 hoc
1267 2619 1273 2632 ·

164 2685 280 2773 bello,
303 2686 405 2786 quod
421 2687 499 2785 lege
516 2686 675 2768 ,Gabinia
691 2689 849 2785 geritur,
870 2691 908 2756 in
929 2687 999 2759 hoc
1017 2691 1235 2786 imperatore

165 2814 275 2896 atque
297 2802 478 2886 exercitu,
501 2823 609 2896 quem
629 2820 694 2896 per
721 2823 758 2869 se
780 2802 876 2896 ipse⁷
896 2801 1098 2886 constituit,
1128 2803 1235 2874 etiam

165 2912 350 3008 praecipuo
365 2897 447 3005 jure
467 2934 542 2981 esse
563 2904 758 2982 deberet⁸l
777 2912 831 2980 De
856 2933 931 3007 quo
954 2909 1107 3004 legando
1129 2935 1236 3009 spero

201 3085 228 3118 a.
245 3073 299 3118 Una
313 3069 362 3116 lex.
376 3068 490 3118 Gabinia.
501 3097 536 3108 -
548 3071 614 3117 Unus
627 3069 678 3119 vir.
724 3068 867 3117 offensionis
881 3067 952 3132 culpe
973 3067 1032 3132 legis
1045 3070 1141 3124 ‚suasori
1157 3080 1182 3120 et
1192 3087 1237 3119 eu·

166 3147 303 3214 Pompeius.
315 3173 352 3184 --
367 3149 432 3194 Unru
445 3163 533 3196 annus.
545 3147 614 3195 Bello
627 3163 679 3196 me·
724 3149 787 3196 etori
798 3147 881 3196 fuisset
893 3147 1023 3213 adscripta.

167 3227 249 3276 ritimo
260 3226 335 3276 linem
346 3226 472 3291 imposuit.
729 3282 739 3292 ,
760 3229 784 3276 5.
796 3226 931 3275 Aliieodd.
944 3228 973 3290 Q.
986 3227 1234 3290 Oaeeilius3elil,La·

203 3307 228 3352 3.
243 3308 280 3352 Ne
294 3306 416 3371 legaretur
428 3307 460 3354 A.
475 3303 602 3353 Gabinius.
624 3306 681 3352 Moe
725 3306 841 3355 teriensis.
855 3309 881 3356 J.
893 3309 923 3354 V.
932 3309 959 3356 L.

169 3384 214 3432 tuit
227 3395 255 3433 ut
273 3386 337 3433 neil
355 3384 397 3448 qul
420 3384 511 3434 tribuni
530 3384 680 3448 plebiesuie·
761 3387 788 3433 6.
812 3385 898 3450 Legati
915 3401 966 3432 esse
980 3396 1122 3450 potuerunt.
1145 3387 1236 3436 Probet

169 3475 239 3523 sent,
262 3464 402 3528 legerentur
425 3479 490 3512 enno
513 3463 628 3530 proximo
651 3465 681 3512 iis
724 3465 791 3514 huno
800 3481 891 3512 morem
898 3465 1026 3529 prudentia
1034 3467 1123 3515 fretum
1131 3466 1237 3530 eflquun-

170 3542 356 3606 imperatoribus
366 3559 410 3608 per
421 3543 572 3592 tribunatum
584 3543 681 3591 illorum
727 3543 759 3591 do
779 3545 914 3608 neglectum
936 3545 1024 3607 luisse,
1045 3557 1088 3593 ent
1109 3545 1193 3592 fraude
1213 3559 1237 3594 et

171 3623 320 3685 eonstitutle3
340 3622 446 3671 tribunis
466 3639 553 3687 nempe
572 3639 619 3687 pro
636 3639 682 3671 suo
726 3623 818 3671 artibus
832 3639 983 3688 oppressum.
995 3649 1030 3660 —
1041 3627 1103 3672 Sunt
1116 3633 1167 3668 tam
1181 3623 1238 3671 dill-

172 3716 268 3750 munere
280 3704 322 3764 jus
336 3713 387 3750 eret
400 3701 433 3749 ed
446 3701 566 3766 populum
580 3703 682 3750 concio·
724 3715 818 3767 gentes.
830 3706 859 3750 In
868 3702 996 3750 retinendo
1006 3718 1074 3750 more
1085 3703 1213 3762 majorum.

172 3781 253 3841 modi,
263 3793 288 3831 et
299 3781 337 3830 eie
349 3780 462 3846 eligendo
471 3782 570 3841 tali‚ent
583 3782 625 3830 tuli
639 3783 683 3829 im·
710 3785 714 3797 ¹
764 3799 789 3842 7.
810 3783 907 3830 Gruter.
921 3792 946 3828 et
959 3791 1014 3844 poet
1027 3796 1081 3826 eum
1095 3779 1167 3828 multi
1179 3797 1238 3844 pro-

171 3861 274 3924 peretori
289 3861 401 3918 obstare,
414 3871 456 3908 ent
466 3861 546 3909 ferere
554 3871 683 3926 poterent,
726 3860 786 3908 bunt
798 3860 854 3908 leet.
864 3861 926 3908 MSS
940 3859 1028 3909 colon.
1039 3869 1064 3906 et
1072 3857 1156 3906 Werd.
1170 3879 1236 3926 «per

173 3950 201 3987 ut
212 3941 259 3990 mie
268 3941 381 4005 ipsorum
392 3941 528 3988 commodis
538 3942 663 3989 servirent.
727 3955 771 3986 voe
782 3939 834 4003 ipse
845 3961 866 3985 ι.
880 3941 906 3988 J.
918 3941 949 3985 V.
960 3940 988 3983 L.

209 4025 233 4072 t.
250 4021 332 4083 Aeque
344 4017 466 4085 periculo.
487 4019 551 4069 Nem
572 4017 592 4066 ei
610 4034 683 4082 quem
763 4019 825 4065 8.J.
839 4033 860 4064 e.
877 4017 1060 4082 debonaleagit
1073 4033 1151 4066 censo
1164 4037 1236 4083 qnam

174 4096 330 4147 effemionem
344 4098 476 4164 accepisset
486 4099 619 4158 amoime,
632 4099 683 4158 ejus
727 4095 1237 4147 veritatiserritoretenTrebellioenlmGa
