3020 4666
241 351 311 426 '268
560 362 608 428 M.
635 361 673 428 T.
701 357 986 428 CICERONIS
1046 399 1049 405 ι

236 478 386 575 jubere,
409 481 581 576 quoniam
600 495 730 576 quarto
756 483 957 580 permittas,
975 492 1017 550 ut
1038 479 1115 550 sine
1139 479 1217 577 lege
1238 505 1304 552 cu-

165 631 169 636 ·
239 594 327 661 riata
350 587 451 680 idem,
465 589 557 684 juris
576 589 750 676 habeant,
771 591 870 689 quod
897 588 1090 677 baberent,
1118 593 1146 660 si
1166 593 1305 687 optima

239 699 318 794 lege
341 724 361 770 a
383 698 521 797 populo
544 716 663 772 essent
686 703 816 772 creati?
834 694 990 796 Reges¹⁸
1010 703 1305 786 constituuntur,

239 831 314 881 non
333 807 542 897 decemviri,
566 811 744 898 Quirites;
770 813 869 908 iique
894 809 940 882 ab
964 808 1019 880 his
1040 810 1151 880 initiis
1173 807 1303 880 sunda·
1402 837 1409 846 ·

239 919 443 1014 mentisque
472 935 685 1009 nascuntur,
715 935 756 991 nt
792 945 866 991 non
897 918 1008 991 modo
1038 944 1154 1016 quum
1180 943 1304 1015 gerere

238 1031 434 1124 coeperint,
455 1027 516 1099 sed
542 1033 648 1100 etiam
672 1057 785 1127 quum
811 1032 1093 1119 constituentur,
1115 1053 1223 1100 omne
1247 1055 1306 1101 ve-

240 1149 355 1216 strum
370 1139 450 1231 jus,
474 1153 648 1235 potestas,
666 1140 885 1239 libertasque
904 1141 1062 1213 tollatur.

288 1250 367 1316 XII.
394 1255 441 1318 At
461 1247 579 1318 videte
595 1261 621 1336 ¹,
646 1276 756 1347 quam
779 1251 971 1349 diligenter
994 1253 1149 1322 retineat
1162 1251 1222 1346 jus
1245 1253 1307 1322 tri·

240 1352 389 1432 bunitiae
410 1361 607 1454 potestatis.
627 1360 846 1432 Consulibus
867 1361 981 1456 legem
1002 1364 1173 1432 curiatam
1191 1359 1308 1433 feren-

242 1464 352 1551 tibus,
375 1492 395 1543 a
413 1467 569 1539 tribunis
587 1468 703 1565 plebis
722 1493 815 1567 saepe
832 1483 886 1540 est
908 1471 1155 1542 intercessum.
1178 1473 1307 1566 Neque

239 1591 362 1648 tamen
378 1603 446 1648 nos
460 1577 497 1648 id
515 1581 720 1674 querimur,
740 1603 817 1656 csse
836 1578 929 1650 hanc
944 1578 1174 1652 tribunorum
1189 1579 1306 1676 plebis

241 1700 457 1783 potestatem
473 1713 481 1756 ε
499 1689 770 1778 tantummodo,
785 1691 814 1759 si
830 1691 912 1786 quis
926 1714 967 1760 ea
981 1705 1158 1788 potestate
1171 1705 1308 1761 temere

241 1813 296 1868 est
313 1822 419 1884 usus,
439 1797 682 1868 existimemus
694 1809 718 1868 ².
741 1801 806 1870 Hic
823 1797 992 1869 tribunus
1013 1799 1130 1897 plebis
1148 1798 1226 1895 lege
1246 1823 1308 1870 cu-

241 1907 330 1977 riata
344 1903 370 1993 ³,
400 1929 507 2004 quarn
531 1922 661 2003 praetor
686 1905 800 1997 ferat,
829 1907 953 1979 adimit
972 1909 1219 1982 intercedendi
1241 1935 1306 2007 po·

241 2031 417 2088 testatem.
444 2018 563 2112 Atque
594 2016 665 2088 hoc
688 2044 801 2116 quum
827 2019 866 2088 in
894 2043 938 2089 eo
967 2017 1308 2116 reprehendendum

243 2142 315 2215 est,
335 2126 432 2225 quod
445 2153 511 2226 per
523 2127 712 2200 tribunum
728 2129 844 2226 plebis
863 2129 1051 2201 tribunitia
1066 2144 1224 2228 potestas
1240 2133 1308 2200 mi·

244 2241 410 2326 nnitnrl,
429 2253 504 2310 tum
519 2241 556 2309 in
572 2264 616 2310 eo
635 2239 892 2330 deridendum,
912 2237 1012 2337 quod
1034 2240 1193 2325 consuli,
1212 2242 1242 2310 si
1258 2237 1308 2308 le·

244 2371 325 2444 gem
345 2350 517 2420 curiatam
541 2374 618 2419 non
642 2347 771 2437 habet,
797 2353 973 2448 attingere
993 2375 1071 2421 rem
1086 2346 1102 2392 ⁵
1118 2350 1308 2420 militarem

283 2581 323 2630 18.
331 2582 597 2646 degescorsstr'trnmtur.
604 2583 683 2645 Quam
690 2583 755 2630 enim
835 2582 1049 2631 a.Ext'stirrsamtts.
1059 2582 1220 2648 Pantagathus
1231 2580 1310 2645 legen·

246 2662 413 2709 auctoritatem
423 2662 581 2720 exercebunt,
596 2664 638 2725 qui
650 2663 685 2709 sic
694 2661 755 2709 sub·
800 2661 859 2718 dum
867 2661 969 2728 putabat
979 2673 1159 2718 excerceamus,-
1169 2661 1222 2708 aliis
1232 2661 1311 2708 visum

245 2739 300 2789 latis
314 2739 408 2804 legibus
427 2743 452 2788 in
474 2741 580 2790 medium
598 2740 755 2805 procedunt?
800 2753 835 2790 est
860 2742 978 2790 excidisse
1005 2741 1247 2806 reprehendendum,
1270 2741 1310 2788 vel

249 2819 379 2882 Quodnam
396 2821 441 2868 erit
457 2821 545 2869 borum
562 2821 690 2877 bominum
711 2821 756 2867 im·
799 2822 961 2886 querendum,
976 2831 1031 2868 ants
1044 2821 1222 2869 existimamus.
1242 2822 1311 2868 Iam·

247 2899 342 2964 perium
359 2916 421 2962 quos
430 2899 543 2946 tribunus
553 2899 654 2946 fortunis
668 2899 757 2958 nostris
800 2899 872 2948 binus
885 2901 1004 2964 vulgatam
1019 2900 1141 2960 defendit,
1151 2911 1175 2947 et
1185 2899 1309 2947 existima·

248 2978 369 3042 imponit?
379 2979 443 3026 Num
458 2981 610 3042 magistratus
627 2978 663 3025 illi
682 2989 756 3038 sunt,
800 2996 851 3028 mres
864 2980 937 3028 babet
948 2996 995 3044 pro
1010 2995 1149 3037 censemus,
1160 2977 1308 3038 judicamus.

249 3073 354 3120 qnorum
364 3073 408 3104 nec
421 3057 527 3121 populo,
537 3073 582 3104 nec
592 3057 701 3121 legibus,
713 3073 758 3104 uec
838 3059 862 3106 3.
880 3061 943 3122 Lege
964 3059 1067 3106 curiata.
1089 3057 1163 3106 Multi
1183 3055 1311 3120 legendum

248 3135 328 3198 patrio
342 3151 410 3183 more
428 3137 459 3182 sit
480 3147 620 3183 consecrata
633 3139 758 3199 potestas?
802 3150 900 3186 censent
912 3138 961 3204 legi
971 3139 1081 3187 enriatoe.

248 3214 326 3277 Reges
348 3215 423 3278 igitur
445 3215 562 3262 Romanis
584 3215 758 3279 imponuntur,
838 3213 1312 3280 4.Potestasminnr'trtr.Namquisadeo

248 3309 299 3340 non
312 3294 474 3356 magistratus,
486 3305 511 3343 et
519 3311 593 3358 quum
603 3297 638 3341 sic
649 3296 753 3360 auspica-
801 3296 890 3345 stultus
907 3297 969 3354 erit,
983 3297 1026 3360 qui
1038 3297 1095 3344 huic
1110 3296 1157 3360 legi
1171 3293 1312 3351 intercedat,

248 3383 298 3420 tam
308 3375 441 3436 potentiam
452 3374 588 3434 obtineant,
603 3374 757 3421 metuendum
802 3391 876 3438 quum
890 3388 960 3422 antea
973 3375 1080 3423 edietum
1093 3375 1181 3432 luerit,
1194 3373 1254 3420 nibil
1267 3371 1312 3420 bac

248 3529 314 3594 leges
327 3543 479 3580 contemnere
492 3531 674 3590 consueverint,
683 3533 708 3578 in
718 3549 757 3578 ex·
801 3533 865 3580 enim
875 3544 933 3589 erat,
948 3551 1021 3597 quam
1031 3533 1092 3581 illud
1102 3533 1210 3582 edictum
1220 3548 1270 3596 quo
1280 3531 1313 3578 li·

189 3667 197 3682 ·
250 3609 339 3656 cidium
353 3611 490 3675 reipublice
504 3621 655 3660 convertant.
800 3609 881 3658 bertas
894 3612 1059 3660 coercebatur.

285 3693 346 3738 x11.
369 3708 389 3737 ι.
409 3695 442 3738 At
457 3690 548 3737 videte.
571 3689 683 3736 Ridicula
701 3705 757 3736 sane
838 3687 931 3738 bilem
942 3689 1314 3754 militarem,Nampropterau·

250 3779 287 3816 est
306 3769 346 3816 illa
360 3769 425 3818 nulli
440 3771 537 3826 cautio;
550 3784 604 3815 nam
618 3768 698 3831 primo
717 3769 768 3815 tri··
803 3769 904 3831 spiciam
916 3780 939 3816 et
951 3769 1107 3833 religionem,
1118 3770 1313 3818 lexeuriatarem

250 3847 351 3896 bunitiae
360 3851 475 3914 potestati
481 3851 520 3910 jus
531 3847 696 3904 intercedendi
706 3845 758 3897 edi·
803 3847 931 3895 militarem
942 3851 1067 3908 continet;
1080 3861 1104 3896 et
1114 3847 1255 3896 consulibus
1264 3855 1315 3894 erat

249 3929 312 3984 mit;
330 3928 417 3976 deiude
430 3939 575 3994 potestatem
594 3927 701 3976 eamdem
716 3927 758 3974 de·
803 3929 953 3987 necessaria,
972 3927 1039 3992 quod
1058 3943 1178 3975 summum
1195 3929 1236 3988 J'us
1247 3924 1313 3989 apud

251 4006 376 4064 cemviris,
389 4023 418 4056 ac.
429 4008 448 4056 si
460 4003 615 4056 intercessum
626 4023 677 4054 non
691 4017 760 4066 esset,
804 4007 935 4054 exercitum
949 4018 1018 4056 erant
1028 4005 1148 4066 habituri,
1162 4005 1229 4070 quod
1242 4007 1268 4050 in
1278 4004 1315 4050 ci-

250 4081 375 4134 adscriblt.
804 4085 876 4133 vitate
889 4102 940 4134 non
952 4085 1082 4134 habehant.
