3020 4668
176 380 1236 406 fflfflmfflmmfflfflfflfflffl

426 505 995 614 ARGUMENTUM.

177 699 272 755 Roma
285 693 344 754 suis
359 692 450 772 ipsius
466 711 605 771 oppressa
616 693 757 766 victoriis,
767 713 801 751 ac
814 693 969 772 peregrino
981 705 1121 771 corrupta
1131 692 1251 764 luxu,in

217 811 253 849 eo
265 790 327 868 jam
341 802 413 862 erat,
428 801 461 848 ut
476 789 636 862 dominum,
650 802 701 848 aut
714 803 875 868 emptorem
889 789 1046 848 inveniret:
1058 803 1088 848 et
1100 789 1178 847 85115
1189 788 1250 866 jam

217 887 327 946 servire
342 905 428 967 posse
446 891 596 946 Romanos
618 887 694 946 tristi
713 885 744 944 in
768 886 899 946 futurum
921 886 1055 964 exemplo
1071 885 1248 944 ostenderat.

217 988 282 1044 Hoc
296 984 544 1063 proscriptionum
556 985 692 1062 magistro
704 1004 773 1043 usus
783 985 939 1062 L.Sergius
950 984 1086 1057 Catilina,
1096 1003 1148 1061 per
1159 984 1253 1042 scelus

218 1099 252 1139 ac
265 1079 374 1157 flagitia
389 1079 427 1138 ad
441 1080 516 1138 hanc
530 1080 653 1157 grassari
668 1081 826 1160 potentiam
843 1099 873 1140 se
896 1099 982 1159 posse
996 1079 1138 1152 credidit,
1151 1099 1252 1158 quam,

217 1195 279 1234 non
297 1175 353 1235 nisi
365 1176 444 1234 ricto
457 1175 648 1249 Mithridate,
670 1177 749 1236 Sulla
762 1173 819 1234 sibi
832 1187 1059 1255 comparaverat.
1075 1180 1162 1236 Hunc
1178 1195 1255 1255 prae-

220 1285 299 1332 terea
312 1272 427 1332 luxuria
439 1273 583 1350 primum,
612 1286 674 1332 tum
687 1273 756 1332 binc
771 1273 897 1332 conflata
910 1286 1019 1352 egestas
1032 1273 1075 1332 roi
1089 1273 1255 1347 familiaris,

218 1369 305 1430 simul
318 1370 450 1438 occasio,
472 1369 553 1448 quod
576 1371 606 1428 in
628 1371 764 1430 extremis
778 1369 885 1430 finibus
903 1370 1004 1430 mundi
1024 1390 1104 1430 arma
1119 1390 1255 1445 romana,

219 1467 294 1526 duce
306 1468 461 1545 Pompeio,
472 1466 784 1546 peregrinabantur,·in
797 1467 908 1528 nelarie
923 1468 1042 1527 consilia
1054 1467 1257 1547 opprimenda

220 1565 321 1644 patriae
333 1584 394 1624 suae
408 1564 632 1644 compellebant.

261 1668 375 1722 Cenem
391 1663 514 1742 patricio
527 1677 624 1735 ortus,
640 1663 696 1722 suit
705 1682 807 1742 magna
819 1663 848 1722 vi
861 1676 891 1721 et
905 1663 995 1722 animi
1007 1677 1037 1722 et
1048 1663 1191 1742 corporis,
1205 1661 1257 1722 sed

220 1763 337 1841 ingenio
351 1764 428 1821 malo
445 1781 604 1842 pravoque.
620 1767 711 1822 Natus
720 1775 764 1822 est
775 1762 892 1822 circiter
905 1783 982 1822 anno
995 1767 1032 1823 U.
1045 1766 1078 1822 C.
1097 1763 1165 1836 646,
1175 1777 1257 1841 parre

221 1864 255 1918 L.
267 1861 388 1939 Sergio,
413 1873 506 1919 matre
519 1860 647 1920 Belliena
660 1865 694 1920 Ι..
709 1860 829 1920 Bellieni
840 1861 898 1920 lilia
911 1859 922 1940 (
929 1867 1036 1922 Asson.
1049 1859 1087 1919 ad
1101 1859 1162 1919 Cic.
1181 1874 1255 1920 orat.

222 1957 253 2015 in
261 1962 333 2035 Tog.
342 1956 438 2036 caud.)
451 1958 520 2034 Ejus
530 1977 617 2016 avum
629 1957 717 2018 luisse
730 1969 815 2035 putat
825 1961 861 2015 de
869 1961 985 2016 Bmssea
995 1955 1006 2038 (
1013 1959 1087 2016 Har.
1097 1961 1133 2015 de
1144 1963 1173 2015 la
1185 1961 1257 2034 liep.
1270 2005 1274 2015 .

224 2058 306 2113 llam.
317 2075 379 2131 par
398 2059 537 2125 Sadame,
564 2067 633 2113 tom.
649 2057 713 2126 ΙΙΙ,
739 2075 770 2132 5.
788 2055 842 2126 16)
868 2059 908 2112 Μ.
925 2055 1057 2132 Sergium
1075 2055 1166 2115 Silum
1180 2073 1258 2115 anno

223 2155 261 2211 U.
276 2151 386 2209 0655
405 2164 577 2229 quaestorem
589 2175 598 2221 3
624 2170 769 2230 proavum
794 2155 836 2210 Μ.
863 2151 996 2228 Sergium
1024 2151 1154 2211 Silanum
1179 2169 1258 2210 anno

225 2253 261 2308 U.
280 2253 311 2305 C.
329 2248 385 2306 585
408 2261 597 2326 quaestorem,
620 2248 744 2307 abavum
765 2267 837 2306 vero
856 2253 895 2305 Μ.
916 2248 1049 2332 Sergium
1062 2249 1155 2307 Silum
1177 2267 1255 2308 anno

224 2349 262 2403 U.
271 2347 304 2402 C.
314 2342 372 2403 556
382 2357 550 2422 praetorem,
563 2345 680 2404 militari
695 2343 865 2403 fortitudine
875 2345 903 2402 in
918 2344 997 2404 bello
1008 2345 1118 2404 Punioo
1129 2344 1258 2404 secundo

224 2441 429 2512 clarissimum
453 2440 586 2499 eumdem
601 2441 720 2520 Pighius
734 2441 771 2501 ad
787 2461 864 2501 anno
891 2441 948 2501 556
970 2442 1102 2502 Catilinae
1116 2461 1260 2520 proavum

227 2538 314 2596 151555
329 2538 484 2597 existimat.
494 2542 609 2596 Patrem
620 2539 751 2598 Catilinae
760 2557 919 2619 pauperem
933 2539 1019 2598 luisse
1034 2551 1155 2599 testatur
1165 2545 1201 2614 Q.
1215 2540 1261 2601 Ci-'

183 2673 185 2681 ,
225 2655 292 2694 cero
307 2634 344 2694 de
363 2636 447 2714 petit.
463 2655 541 2694 cons.
563 2655 654 2713 quum
675 2637 826 2696 Catilinam
845 2637 875 2695 in
898 2637 988 2716 patris
1011 2649 1136 2715 egestate
1159 2649 1260 2696 natum

227 2731 305 2791 dicit
321 2739 356 2792 In
369 2731 448 2790 bello
463 2732 541 2792 civili
558 2734 645 2792 Suttae
658 2745 755 2812 partes
770 2747 927 2810 sequutus,
944 2734 1049 2791 multos
1063 2734 1171 2792 585115
1187 2753 1260 2810 pro-

227 2829 351 2908 scriptos
364 2828 522 2888 crudeliter
536 2829 661 2902 occidit,
687 2829 833 2906 inprimis
851 2835 885 2902 Q.
904 2827 1066 2900 Caecilium,
1090 2829 1196 2907 sergiae
1210 2847 1261 2887 so-

228 2926 301 2984 roris
323 2926 434 2994 virum,
457 2937 487 2984 et
503 2929 546 2983 M.
566 2925 693 2984 Marium
709 2925 911 2986 Gratidianum
934 2924 1058 3001 (Ascon.
1080 2924 1100 2982 l.
1120 2925 1139 2982 1.
1162 2926 1259 2984 Valer.

227 3029 307 3082 Max.
315 3025 374 3095 IX,
385 3023 426 3100 5).
440 3026 575 3094 Quaestor
588 3022 644 3081 suit
657 3040 734 3080 anno
742 3027 780 3081 U.
793 3022 867 3094 6763
882 3034 948 3100 post
961 3034 1137 3098 quaesturam
1148 3020 1260 3099 legatus

228 3124 261 3179 C.
276 3119 422 3180 Scribonii
437 3119 572 3178 Curionis
594 3117 796 3177 Macedoniam
811 3137 866 3197 pro
887 3129 1014 3196 praetore
1037 3117 1163 3194 regentis
1183 3136 1260 3176 5555

230 3219 298 3293 658.
319 3221 478 3276 Praeturam
494 3215 600 3274 deindo
622 3215 710 3294 gessit
729 3214 871 3274 urbanam
891 3233 967 3272 5555
985 3214 1059 3284 686;
1082 3228 1263 3294 expraetore

229 3327 325 3374 autern
342 3313 471 3373 Africam
487 3313 670 3392 provinciam
686 3310 814 3372 obtinuit
825 3331 901 3370 anno
919 3311 995 3384 687;
1010 3329 1132 3390 eamque
1149 3313 1263 3390 injuriis

229 3425 260 3471 et
269 3411 379 3491 rapinis
392 3409 497 3469 acerbe
508 3410 632 3468 vexavit.
650 3416 746 3483 Quum
759 3409 912 3488 provincia
923 3407 1100 3482 decessisset,
1113 3424 1264 3470 accusatus

231 3521 275 3568 est
286 3507 513 3587 repetundarum
529 3527 546 3564 a
564 3511 597 3565 P.
609 3505 714 3566 Clodio
728 3505 909 3565 adolescente
924 3524 1000 3565 anno
1016 3507 1093 3575 688,
1111 3511 1263 3585 Torquato

231 3617 260 3663 et
274 3609 360 3664 Cotta
373 3623 445 3662 coss.
458 3609 521 3663 Reo
533 3608 700 3682 Torquatus
715 3604 816 3662 consul
837 3604 922 3665 alluit
943 3603 1103 3662 advocatus
1116 3603 1194 3677 (Cic.
1207 3624 1264 3683 pro

230 3700 302 3759 Sull.
316 3698 387 3778 59).
405 3699 507 3758 Cicero
523 3701 585 3778 ipse
605 3699 760 3777 aliquando
776 3719 843 3760 eum
859 3699 1015 3760 defendere
1033 3697 1180 3779 cogitabat
1203 3699 1263 3778 (ad

232 3797 319 3856 Attio.
331 3799 363 3868 1,
379 3795 425 3875 n);
444 3796 611 3857 defendisse
625 3798 788 3858 Fenestella
807 3796 943 3868 tradidit,
964 3807 1036 3854 teste
1057 3797 1187 3856 Asconio
1207 3797 1262 3858 loc.

234 3892 311 3952 laud.
327 3894 378 3970 qui
400 3905 496 3952 tamen
519 3892 549 3952 id
570 3893 678 3953 factum
698 3913 760 3953 esse
779 3906 859 3952 reete
880 3891 1005 3969 negavit.
1027 3891 1146 3951 Clodius
1166 3906 1262 3954 autem

233 3990 386 4069 pecuniam
413 4009 431 4047 a
458 3989 582 4049 Catilina
609 3990 741 4068 accepit,
773 4001 806 4049 ut
829 3987 995 4066 turpissime
1020 3990 1264 4067 praevaricaretur

234 4086 293 4167 (de
306 4091 560 4164 1155555555.
574 4103 611 4144 5ο
622 4084 643 4164 ).
654 4091 756 4163 linque
771 4083 801 4144 in
815 4084 966 4144 manifesto
980 4085 1088 4145 scelere
1102 4097 1198 4160 tamen
1209 4085 1258 4146 ab·
