2912 4654
187 398 192 408 ,
255 321 321 408 148
572 322 619 390 Μ.
645 321 683 389 Τ.
710 321 987 390 CICERONIS
1031 341 1035 351 ·

250 457 461 518 ornamenta
480 441 712 538 relinquito,
732 454 864 512 eteum
887 441 989 512 omni
1006 441 1204 538 ignominia
1226 441 1312 514 libe-

249 567 315 624 rat.
335 551 443 643 Quod
466 572 581 647 quum
605 549 706 636 lacit,
725 549 880 644 judicat,
901 549 979 645 ejus
1006 551 1182 621 sententia
1205 553 1313 647 gratis

249 685 325 734 esse
338 661 577 759 Oppianicum
587 658 1108 732 condemnatumEteumdem
1120 659 1313 756 Popillium

249 785 374 869 postea
391 769 568 842 Lentulus
589 771 627 839 in
650 767 806 840 ambitus
815 768 951 864 judicio
973 780 1079 867 pro¹¹
1105 772 1314 840 testimonio

150 892 153 909 '
248 880 515 977 diligentissime
533 878 664 950 laudat.
683 880 823 966 Quare,
844 879 874 948 si
892 901 1013 975 neque
1029 882 1068 949 L.
1092 877 1199 950 Gellii
1214 877 1314 974 judi·

249 995 306 1064 cio
327 990 424 1060 stetit
441 987 635 1074 Lentulus,
649 1010 768 1084 neque
789 989 932 1062 Lentuli
944 988 1210 1060 existimatione
1226 1012 1315 1060 con·

248 1115 371 1172 tentus
387 1096 455 1170 luit
465 1097 624 1183 Gellius;
642 1111 678 1168 et
688 1150 698 1185 ,
709 1098 738 1168 si
753 1111 906 1192 uterque
918 1121 1048 1170 censor
1060 1097 1222 1169 censoris
1235 1099 1314 1195 opi·

249 1212 360 1282 irione
386 1205 558 1278 standum
582 1231 657 1278 non
678 1206 845 1303 putavit:
869 1205 959 1303 quid
980 1221 1053 1293 est,
1073 1206 1314 1303 quamobrem

245 1323 438 1416 quisquam
468 1331 634 1388 nostrum
660 1317 837 1388 censorias
874 1315 1158 1415 subscriptiones
1185 1341 1316 1389 omnes

247 1429 335 1502 lixas
355 1429 441 1499 etin
455 1439 671 1524 perpetuum
685 1438 779 1496 ratas
796 1439 899 1522 putet
913 1442 1007 1499 esset
1027 1426 1217 1524 oportere?

294 1539 452 1610 XLVIII.
486 1539 534 1606 At
562 1535 601 1606 in
635 1537 756 1633 ipsum
787 1537 932 1606 Avitum
965 1535 1312 1607 animadverterunt.

246 1647 389 1722 Nullam
407 1643 557 1743 quidem
575 1643 623 1715 ob
650 1644 938 1742 turpitudinem,
965 1644 1110 1716 nullum
1129 1643 1180 1715 ob
1201 1645 1316 1716 totius

246 1759 344 1846 ritae,
371 1777 446 1826 non
468 1753 586 1826 dicam
605 1756 751 1843 vitium,
776 1753 839 1825 sed
864 1769 1037 1826 erratum.
1068 1759 1196 1851 Neque
1216 1755 1315 1824 enirn
1432 1823 1435 1832 ,

246 1867 318 1938 hoc
340 1865 488 1938 bomine
512 1867 685 1953 sanctior,
699 1887 820 1961 neque
836 1863 1004 1962 probior,
1024 1887 1144 1960 neque
1171 1865 1210 1934 in
1232 1888 1315 1934 om·

248 1977 358 2048 nibus
389 1972 515 2046 officIis
544 1973 741 2044 retInendis
777 1972 981 2070 diligentior
1010 1999 1088 2045 esse
1117 1974 1316 2071 quisquam

218 2083 229 2150 .’
245 2098 391 2182 potest:
415 2106 535 2179 neque
557 2081 629 2154 illi¹
650 2080 752 2154 aliter
771 2081 917 2170 dicunt,
938 2082 1001 2154 sed
1024 2082 1188 2154 eamdem
1216 2082 1316 2154 illam

241 2193 373 2268 famam
389 2192 520 2289 ,judicii
536 2194 696 2288 corrupti
719 2193 864 2287 sequuti
877 2206 973 2264 sunt.
987 2194 1114 2290 Neque
1126 2194 1195 2289 ipsi
1208 2216 1316 2266 secus

199 2329 203 2334 ·
245 2305 465 2390 existimant,
480 2323 600 2398 quam.
614 2323 682 2370 nos
709 2303 903 2373 existimari
923 2301 1112 2391 volumus,
1133 2303 1179 2374 de
1203 2302 1315 2396 hujus

245 2413 401 2512 pudore,
419 2411 803 2507 integritate,virtute;
822 2411 884 2481 sed
900 2425 1074 2509 putarunt
1086 2415 1314 2510 praetermitti

244 2536 488 2596 accusatorem
499 2544 576 2592 non
589 2520 766 2617 potuisse,
778 2543 894 2615 quum
912 2521 1202 2592 animadversum
1220 2536 1315 2593 esset

245 2634 283 2704 in
300 2631 451 2728 judices.
473 2632 555 2721 Qua
573 2629 618 2702 de
637 2651 677 2700 re
694 2643 770 2700 tota
790 2630 820 2700 si
839 2653 955 2700 unum
980 2627 1113 2719 factum
1143 2653 1187 2700 ex
1210 2633 1314 2702 omni

245 2741 459 2836 antiquitate
483 2737 686 2837 protulero,
713 2738 817 2836 plura
842 2745 918 2808 non
943 2733 1070 2810 dicam.
1099 2742 1182 2811 Non
1212 2744 1313 2812 enim

246 2848 335 2920 mibi
354 2847 559 2945 exemplum
580 2848 712 2918 summi
728 2861 764 2918 et
782 2847 965 2918 clarissimi
977 2850 1058 2936 viri,
1075 2853 1112 2918 P.
1131 2841 1312 2938 Africani,

243 2958 533 3057 praetereundum
547 2956 691 3028 videtur
705 2983 715 3050 ς
731 2960 793 3052 qui
810 2981 926 3054 quum
943 2972 1037 3030 esset
1054 2981 1203 3048 censor,
1221 2963 1311 3032 etin

246 3069 411 3165 equitum
431 3091 541 3140 censu
558 3069 597 3136 C.
616 3061 774 3140 Licinius
794 3065 966 3139 Sacerdos
984 3061 1193 3166 prodiisset;
1216 3071 1312 3146 clara

245 3199 352 3262 voce,
370 3191 412 3246 ut
429 3178 547 3247 omnis
561 3177 690 3246 concio
706 3174 830 3246 andire
844 3191 984 3272 posset,
997 3177 1107 3265 dixit,
1122 3203 1188 3250 use
1199 3182 1311 3267 scire,

244 3289 371 3358 nillum
392 3285 510 3358 verbis
530 3290 737 3385 conceptis²
759 3283 945 3384 pejerasse.
963 3291 999 3361 Si
1019 3293 1100 3387 quis
1114 3301 1240 3364 contra
1255 3293 1309 3364 di-

245 3393 376 3468 «cere3
400 3397 522 3483 vellet,
550 3420 703 3467 usurum
733 3419 812 3469 esse
843 3423 927 3469 eum
957 3425 1024 3471 suo
1056 3405 1261 3476 testimonio
1280 3435 1308 3476 u.

245 3505 385 3580 Deinde
406 3529 520 3610 quum
538 3520 664 3577 contra
680 3529 788 3578 nemo
802 3505 937 3580 diceret
946 3562 956 3595 ,
965 3510 1070 3604 jussit
1084 3535 1220 3610 equum
1234 3527 1311 3584 tra-

247 3747 298 3784 tera
316 3733 408 3783 ordinis
427 3733 541 3782 senatorii
553 3733 623 3794 jura,
637 3741 666 3780 ut
682 3731 755 3780 vertit
834 3731 1051 3783 mutuati.
1067 3735 1187 3784 &ntem
1197 3736 1242 3799 qui
1252 3753 1311 3786 euru

244 3815 352 3862 Gallicus
360 3814 486 3876 interpres.
798 3811 902 3872 equestri
915 3811 1002 3860 ordine
1013 3825 1152 3864 metuunt.

285 3907 323 3940 ro.
336 3891 397 3952 Atti,
411 3890 516 3955 reliquit.
527 3893 552 3939 J.
561 3891 592 3939 V.
603 3891 630 3938 t.
832 3903 858 3934 a.
870 3890 954 3937 Verbis
963 3892 1089 3956 conceptis.
1103 3893 1309 3942 Solemibnsvo·

276 3987 322 4018 ur.
345 3973 392 4017 Pro
415 3969 557 4017 mumulo.
582 3970 664 4030 Quum
685 3965 751 4014 tertis
796 3965 872 4014 cibus.

243 4059 317 4110 esset3
338 4063 414 4120 quom
427 4049 591 4097 testimoninm
605 4046 725 4094 meunt.
831 4044 856 4093 3.
871 4044 961 4096 &m
970 4047 1062 4096 dicere.
1069 4050 1161 4100 Contra
1170 4049 1307 4110 licinium
