2988 4668
200 417 201 422 η
286 361 356 449 544
605 365 653 430 Μ.
679 365 718 430 Τ.
745 363 1025 433 CICERONIS

332 487 461 556 XXIV.
485 481 555 553 Sed
576 497 718 574 tamen,
739 485 859 572 Servi,
877 508 988 581 quam
1010 498 1047 554 te
1069 487 1223 556 securim
1244 502 1350 583 putas

283 595 446 690 injecisse
464 593 632 691 petitioni
654 608 744 681 tuae,
762 618 876 690 quum
898 608 939 663 tu
963 591 1141 691 populum
1158 618 1348 665 romanum
1392 683 1393 688 ἵ

284 707 322 776 in
338 729 422 776 eum
440 717 576 773 metum
593 701 789 790 adduxisti,
809 717 850 774 ut
861 703 1147 801 pertimesceret,
1163 727 1209 773 ne
1222 705 1349 775 consul

284 814 436 888 Catilina
448 811 569 902 fieret,
589 811 676 882 dum
689 826 730 882 tu
744 813 1008 883 accusationem
1028 835 1272 910 comparares,
1285 812 1349 883 de·

284 917 401 1025 posita
423 938 532 1020 atque
556 921 695 1017 abjecta
719 922 923 1020 petitione?
939 923 1080 1021 Etenim
1108 937 1144 993 te
1166 925 1350 1019 inquirere

283 1034 470 1130 videbant,
491 1035 627 1104 tristem
651 1034 795 1131 ipsum3
826 1048 975 1104 moestos
1000 1036 1159 1121 amicos,
1180 1032 1350 1105 observa·

285 1147 446 1232 tiones¹,
466 1141 734 1214 testificationes
747 1154 780 1230 ²,
803 1142 1030 1215 seductiones
1051 1145 1218 1228 testium,
1235 1169 1350 1216 seces·

285 1257 423 1327 sionem
459 1249 774 1351 subscriptorum³
815 1251 1148 1324 animadvertebant
1180 1281 1188 1323 :
1216 1252 1351 1349 quibus

284 1363 394 1436 rebus
427 1376 524 1438 certe
553 1364 622 1460 ipsi
648 1360 922 1454 candidatorum
944 1361 1065 1434 vultus
1094 1360 1350 1434 obscuriores⁴

285 1472 400 1546 videri
414 1470 541 1543 solent.
559 1471 747 1542 Catilinam
767 1474 902 1543 interea
920 1471 1071 1544 alacrem
1088 1487 1198 1569 atque
1211 1473 1350 1559 laetum,

285 1588 458 1683 stipatum
475 1581 588 1653 choro
602 1583 827 1678 juventutis,
843 1579 1015 1652 vallatum
1028 1579 1229 1654 indicibus⁵
1241 1589 1350 1679 atque

285 1695 436 1782 sicariis,
458 1693 620 1763 inflatum
649 1715 765 1789 quum
799 1716 864 1788 spe
895 1692 1051 1762 militum
1064 1689 1097 1781 ⁶,
1112 1707 1191 1763 tum
1207 1689 1350 1788 collega

285 1803 403 1888 mei⁷,
435 1800 743 1898 quemadmodum
772 1800 914 1872 dicebat
938 1803 1033 1900 ipse,
1053 1803 1259 1900 promissis,
1279 1803 1351 1871 cir-

284 1910 506 1983 cumfluente
522 1911 735 1982 colonorum
750 1914 999 2000 Arretinorum
1016 1926 1053 1982 et
1066 1905 1349 1983 Fesulanorum⁸

285 2023 454 2094 exercitu.
494 2022 613 2109 Quam
651 2018 812 2106 turbam,
850 2020 1087 2092 dissimillimo
1126 2047 1169 2094 ex
1200 2045 1349 2121 genere,

284 2129 580 2229 distinguebant
599 2130 767 2202 homines
794 2131 948 2229 perculsi
961 2141 993 2176 ¹⁰
1022 2131 1157 2204 Sullani
1178 2133 1351 2229 temporis
1455 2205 1456 2222 ,

278 2343 323 2384 'tur
333 2368 340 2390 ‚
351 2349 399 2399 pro
411 2334 554 2398 sapientise,
575 2334 659 2398 legunt
675 2335 792 2382 satietati.
839 2335 972 2400 profligata·
982 2335 1120 2384 subsidium
1130 2335 1293 2384 constituebat
1301 2371 1310 2398 ‚
1318 2335 1352 2382 iu·
1455 2373 1456 2396 ,

283 2415 391 2464 J,v‚1,‚
839 2412 928 2460 dicium
937 2415 1075 2478 postulare.
1095 2414 1187 2462 Eodem
1211 2430 1281 2462 sensu
1302 2430 1352 2462 vox

319 2485 415 2531 xxiv.
433 2497 455 2532 ι.
476 2482 663 2532 Observationes.
683 2485 747 2532 Dum
766 2495 793 2534 tn
838 2491 884 2538 ists
896 2507 942 2557 pro
953 2493 1011 2541 Sull.
1027 2496 1059 2542 25
1068 2529 1075 2554 ,
1091 2503 1115 2540 et
1127 2509 1173 2558 pro
1192 2493 1296 2552 Flacco,
1310 2495 1351 2552 38,

283 2563 382 2612 illorum
396 2577 500 2626 quorum
514 2561 606 2611 deferre
617 2563 715 2612 uomina
727 2564 794 2612 vole·
837 2582 977 2634 usurpatur.
992 2574 1063 2620 Hunc
1081 2572 1157 2636 igitur
1168 2573 1251 2621 locum
1264 2573 1351 2622 frustra

283 2642 341 2700 bas,
353 2653 453 2706 peecata
465 2641 607 2705 inquireres.
649 2663 651 2668 ·
838 2651 906 2699 docti
920 2651 1035 2700 nonnulli
1054 2653 1193 2700 sollicitant.

319 2737 343 2768 a.
360 2720 560 2789 Tesn'ficotiones.
575 2721 683 2770 Tettium
696 2738 794 2788 compe·
874 2731 899 2777 6.
912 2731 959 2794 Spe
972 2731 1085 2780 militesne.
1096 2731 1233 2780 satellitum
1243 2747 1353 2788 suorum,

212 2843 213 2846 ,
283 2801 616 2850 rationes.-Sednctiones.
634 2805 717 2866 Quum
729 2818 795 2850 seor·
839 2809 882 2871 qui
902 2809 961 2857 olim
987 2809 1033 2857 suh
1058 2811 1125 2860 snus
1146 2811 1351 2876 stipendiunm

282 2895 336 2926 sum
349 2878 379 2926 ab
395 2880 448 2927 aliis
461 2897 515 2928 oum
530 2881 619 2944 quibus
628 2893 709 2940 erant,
721 2881 795 2930 duce·
839 2887 926 2934 meriti.

282 2968 318 3024 ret
329 2959 468 3020 Servioque
480 2959 551 3008 variis
560 2961 796 3025 percontationibus,
877 2984 901 3027 7.
926 2967 1031 3032 Collegae
1053 2967 1108 3017 snei.
1133 2969 1257 3030 Antonii,
1280 2987 1349 3034 quem

283 3037 366 3102 quoles
377 3037 408 3084 ab
426 3048 565 3087 accnmtoro
583 3038 666 3088 baberi
678 3051 796 3104 possunt,
841 3047 1008 3095 cnmCstilins
1016 3048 1205 3096 consentientem
1213 3049 1350 3098 Cicerone

285 3117 431 3180 exploraret.
841 3124 974 3187 provinciae
988 3127 1146 3176 concessione
1157 3129 1264 3176 retinuit

318 3196 343 3242 3.
352 3195 549 3258 Subscriptorurn.
561 3197 752 3246 Subscsibebant
760 3214 797 3246 so-
877 3205 1091 3254 insulanorum.
1098 3208 1167 3269 Quos
1180 3219 1270 3256 veteres
1278 3207 1348 3256 Sullae

283 3273 401 3322 cusationi
423 3274 456 3334 ii,
471 3277 514 3338 qui
533 3275 712 3340 profitebantur
730 3293 756 3324 se
774 3278 796 3325 ei
840 3280 929 3330 milites
941 3299 997 3332 cnm
1016 3285 1103 3334 Mallio
1123 3287 1294 3346 advocaverat,
1309 3291 1349 3350 qui

282 3351 374 3400 auxilio
393 3351 488 3400 futuros
500 3354 531 3400 ad
540 3355 704 3419 peragendum
719 3371 794 3404 reum.
840 3360 886 3408 sibi
897 3361 1049 3410 consulatum
1059 3367 1153 3430 petenti
1163 3377 1252 3429 praesto
1262 3367 1348 3416 forent.

319 3433 343 3490 4.
359 3428 521 3478 obscuriores.
532 3432 602 3489 Non,
612 3444 642 3482 nt
654 3432 796 3482 candidato·
875 3455 899 3502 9.
913 3439 1106 3506 Distinguebant.
1120 3445 1202 3506 Quum
1211 3445 1252 3494 stit
1262 3461 1276 3492 s
1285 3445 1347 3494 Sulla

283 3526 335 3557 rum
349 3509 411 3557 bene
423 3510 584 3574 sperantium,
595 3512 675 3560 solent
685 3529 736 3561 esse
745 3515 794 3562 sla·
838 3517 960 3566 bellorum
968 3519 1078 3569 civilium
1088 3522 1174 3586 spoliis
1185 3536 1264 3572 essent
1273 3524 1348 3580 ditati,

283 3605 336 3638 cres
350 3599 374 3637 et
382 3589 441 3638 laeti.
451 3589 527 3652 Quod
538 3590 621 3655 paullo
635 3593 697 3639 inira
711 3592 741 3640 de
750 3596 795 3643 Ca·
838 3597 879 3645 alii
893 3608 973 3645 sutem
987 3599 1018 3646 ab
1039 3601 1125 3648 eodem
1138 3601 1245 3650 boniset
1257 3619 1348 3667 possa·

282 3669 358 3718 tibine
369 3668 440 3716 vultu
449 3669 564 3718 declarat.
838 3675 948 3724 sionibus
971 3679 1144 3738 exuti,itidem
1164 3682 1291 3732 certunm
1314 3699 1348 3730 se·

319 3748 344 3796 5.
360 3747 492 3797 lodicibus.
504 3747 672 3808 Delatoribne,
682 3751 724 3814 qui
733 3762 795 3800 oete-
839 3753 991 3818 qnebantur,
1013 3761 1122 3821 quumvis
1141 3762 1263 3808 contraria
1275 3761 1348 3809 senti·

283 3827 316 3874 ris
325 3825 464 3890 periculum
473 3826 551 3874 facere
562 3832 796 3878 consueverantRes
839 3847 908 3893 rent,
922 3851 965 3900 spe
976 3840 1135 3904 recuperandi
1148 3842 1248 3889 emissos
1262 3841 1347 3890 fundos

286 3905 402 3954 nimirum
412 3905 479 3970 spud
492 3907 616 3958 Romanos
634 3909 712 3973 turpis
729 3908 794 3956 indi·
838 3913 865 3960 in
876 3914 919 3962 illo
930 3915 1069 3981 reipublioae
1084 3919 1197 3968 tumultu.

282 3982 347 4030 dum
358 3985 452 4033 laoere:
462 3995 485 4032 et
495 3985 591 4035 Vettius
600 3987 632 4035 sd
641 3989 748 4036 Atticum
757 3991 794 4050 11,
878 4009 917 4042 ro.
936 3995 1052 4044 Homines
1068 3997 1181 4061 perculsi.
1198 3999 1280 4058 Olim,
1293 4013 1345 4062 pec

284 4061 335 4122 ab,
353 4073 485 4112 attentum
509 4065 660 4115 fortunarum
679 4068 795 4133 firmoque
839 4071 910 4121 stessi.
923 4074 947 4122 J.
961 4075 991 4122 V.
1006 4075 1035 4122 L.
