2962 4682
245 375 291 458 aa
564 373 611 440 n.
638 373 676 438 r.
704 369 985 440 cressonis

242 497 316 568 nici
329 505 354 583 ¹,
370 497 436 566 Cn.
457 495 611 590 Magius,
631 495 734 589 isque
755 491 854 589 gravi
876 487 1006 560 morbo
1027 485 1178 560 affectus
1197 506 1308 576 esset,

244 621 280 678 et
300 603 470 676 heredem
496 601 598 672 illum
611 603 752 686 ¹sororis
774 625 846 672 suae
871 599 988 670 filium
1012 598 1166 672 faceret:
1187 601 1308 672 amicis

245 713 431 800 adhibitis,
449 725 624 811 praesente
644 727 759 784 matre
781 735 862 799 sua,
880 710 1017 799 Diues,
1039 734 1190 782 uxorem
1207 735 1307 784 suam

243 824 498 920 interrogavit,
526 835 666 892 essetne
695 845 895 920 praegnans.
922 821 1011 910 Quae
1035 844 1152 918 quum
1173 845 1212 894 se
1233 845 1308 894 esse

242 933 506 1033 respondissem
525 931 571 1003 ab
590 956 631 1003 ea
650 932 795 1030 petivit,
814 947 874 1020 ut,
892 955 930 1003 se
949 943 1116 1020 mortuo,
1139 932 1239 1030 apud
1251 933 1310 1004 Di·

244 1069 350 1116 neam
363 1097 372 1131 ‚
386 1066 466 1140 quae
480 1055 558 1113 tum
571 1045 603 1113 ei
618 1041 762 1114 mulieri
776 1065 900 1114 socrus
914 1055 1009 1128 erat,
1023 1040 1144 1137 quoad
1159 1057 1310 1138 pareret,

134 1203 139 1210 -
245 1153 440 1254 habuerat,
455 1151 751 1249 diligentiamque
766 1149 973 1239 adhiberet,
986 1165 1028 1221 ut
1041 1151 1097 1240 id,
1111 1149 1214 1248 quod
1228 1176 1311 1222 con-

245 1278 391 1363 ceperat
401 1272 429 1350 ²,
455 1276 632 1349 servaret,
654 1277 697 1334 ut
718 1263 856 1334 salvum
877 1287 1003 1361 parere
1026 1277 1159 1361 posset.
1185 1267 1312 1360 Itaque

246 1377 280 1448 ei
298 1386 513 1446 testamento
527 1371 622 1468 legat
639 1371 810 1468 grandem
825 1372 1018 1470 pecuniam
1034 1395 1053 1442 a
1069 1369 1183 1460 filim,
1203 1374 1233 1443 si
1251 1372 1312 1470 qui

248 1498 355 1558 natus
376 1497 499 1555 esset:
527 1479 573 1551 ab
602 1481 764 1553 secundo
789 1480 924 1553 herede
956 1481 1046 1551 nihil
1077 1482 1181 1578 legat.
1216 1481 1313 1572 Quid

248 1596 293 1668 de
316 1593 518 1690 Oppianico
542 1592 741 1690 suspicatus
762 1590 994 1680 sit,.videtis;
1014 1590 1103 1688 quid
1123 1589 1312 1686 judicarit,

248 1703 444 1776 obscurum
473 1725 549 1772 non
575 1717 638 1774 est.
665 1706 778 1791 Nam,
801 1725 916 1800 quum
939 1703 1018 1798 ejus
1042 1699 1158 1774 filium
1182 1699 1315 1788 faceret

249 1813 441 1900 heredem,
464 1835 549 1884 eum
571 1825 730 1884 tutorem
751 1811 875 1884 liberis
897 1835 973 1882 non
994 1810 1192 1909 adscripsit.
1218 1811 1314 1904 Quid

250 1926 472 2024 Oppianicus
491 1921 633 2012 fecerit,
649 1924 854 2020 cognoscite
870 1951 878 1993 :
895 1938 937 1994 ut
955 1923 1056 1994 illurn
1077 1924 1237 2020 Magium
1260 1925 1314 1993 in·

250 2034 416 2131 telligatis
445 2033 553 2131 longe
579 2036 701 2104 animo
723 2034 950 2132 prospexisse
975 2034 1203 2106 morientem.
1227 2038 1314 2125 Quae

250 2144 404 2244 pecunia
426 2143 569 2214 mulieri
585 2142 700 2240 legata
716 2157 793 2215 erat
808 2168 828 2214 a
844 2141 941 2229 filio,
956 2144 985 2215 si
1000 2145 1064 2240 qui
1081 2158 1188 2216 natus
1206 2159 1314 2230 esset,

251 2257 594 2353 eamfpraesentem‘*
628 2254 853 2352 Oppianicus
868 2271 956 2326 'non
986 2252 1146 2326 debitam
1173 2255 1314 2326 mulieri

250 2366 376 2450 solvit:
395 2366 424 2435 si
438 2363 519 2452 haec¹
531 2362 663 2435 solutio
679 2363 901 2462 legatorum,
918 2380 955 2436 et
971 2389 1048 2435 non
1064 2389 1202 2437 merces
1218 2365 1317 2436 abor·

251 2477 360 2547 tionis
377 2473 591 2571 appellanda
607 2489 669 2545 est.
691 2477 774 2566 Quo
787 2475 846 2546 illa
860 2479 979 2573 pretio
994 2489 1160 2574 accepto,
1178 2475 1317 2547 multis-

251 2610 324 2686 que
346 2599 516 2683 praeterea
537 2584 770 2674 muneribus,
793 2609 873 2681 quae
898 2583 1001 2656 tum⁵
1027 2610 1073 2657 ex
1091 2585 1223 2658 tabulis
1241 2590 1317 2684 Op·

252 2695 385 2794 pianici
416 2693 682 2783 recitabantur,
718 2719 819 2792 spem
854 2695 976 2785 illam,
1018 2721 1127 2794 quarn
1165 2698 1203 2766 in
1239 2697 1319 2768 alvo

254 2801 573 2877 commendatam⁶
605 2830 626 2876 a
656 2807 733 2875 viro
768 2805 1001 2893 continebat,
1028 2807 1124 2879 victa
1152 2809 1318 2896 avaritia,

255 2917 380 2989 sceleri
406 2915 597 3012 Oppianici
622 2913 793 2987 vendidit.
821 2915 919 2989 Nihil
939 2941 1043 3015 posse
1063 2919 1138 3012 jam
1158 2916 1204 2989 ad
1226 2917 1319 2991 banc

289 3155 348 3203 ΧΠ.
372 3168 394 3199 r.
414 3151 549 3217 Oppianici.
569 3153 619 3216 Qui
638 3169 669 3202 ex
685 3153 765 3219 Magia
810 3153 991 3216 eldebrannus
1005 3157 1091 3206 eaeibi
1105 3167 1203 3222 partum
1216 3157 1321 3207 mediea-

258 3245 308 3281 erat
317 3240 399 3280 natue.
809 3233 1319 3304 mentisejiceret‚ab0ppianicocorrupta.

294 3327 318 3359 a.
346 3309 419 3373 Quod
441 3323 592 3375 conceperat.
619 3313 712 3376 Duker.¹
735 3313 767 3361 ad
847 3322 872 3370 4.
887 3317 1044 3365 Praesentem.
1058 3317 1189 3366 Numerata
1201 3319 1321 3383 mnia,

258 3391 360 3438 sueton.
375 3387 466 3436 Domit.
486 3405 535 3450 aa,
550 3389 585 3437 ita
600 3389 667 3439 hunc
684 3391 767 3440 locum
811 3408 866 3456 quse
882 3407 933 3442 non
951 3395 1099 3456 debebatur,
1117 3413 1193 3461 quum
1212 3397 1322 3446 nondun

259 3469 334 3518 citat:
347 3491 359 3510 ι
368 3479 396 3516 ut
407 3467 448 3528 id,
462 3468 530 3532 quod
542 3481 688 3535 conceptum
701 3481 766 3534 erat,
811 3471 898 3520 mulier
908 3474 1050 3536 peperisset.

258 3557 392 3620 servaretur
401 3569 421 3594 ι.
431 3547 506 3595 Nulla
518 3564 597 3612 neque
607 3551 767 3613 scriptorum,
848 3551 872 3597 5.
901 3552 967 3600 Tum.
982 3555 1075 3615 ¹Qnurn
1098 3568 1169 3600 cauea
1192 3553 1323 3618 Oppianici

258 3625 518 3690 neqneimpressorum
530 3625 650 3675 librorum
657 3625 714 3676 fide.
811 3627 934 3693 agebatur.
952 3657 988 3666 —
1000 3631 1042 3677 Ea·
1062 3630 1158 3680 tabulas.
1179 3633 1275 3698 Nempe
1293 3649 1324 3682 ex

295 3706 320 3754 3.
334 3707 359 3754 A
362 3703 428 3771 filio.
444 3705 524 3754 Uxori
534 3722 645 3770 magnam
658 3705 769 3772 pecuda
812 3707 901 3756 tabulis
923 3709 1023 3774 expensi
1043 3719 1068 3758 et
1087 3712 1198 3776 accepti,
1219 3714 1246 3760 in
1264 3729 1323 3777 quaa

258 3783 310 3830 vim
326 3793 470 3832 testamento
488 3783 566 3847 legat,
584 3799 656 3848 qnam
674 3801 706 3832 ex
724 3781 770 3832 filii
812 3787 960 3836 referebatur
974 3787 1094 3853 quidquid
1106 3799 1132 3838 et
1145 3790 1172 3838 iu
1185 3805 1258 3860 quam
1274 3807 1325 3840 rem

256 3861 345 3923 bonis,
366 3863 386 3909 si
405 3861 460 3926 quia
479 3873 632 3924 nasceretur,
658 3873 769 3927 caperet;
813 3864 991 3929 expendebant.

259 3939 425 3998 adsidentem,
436 3940 457 3986 ai
467 3939 549 4004 prolae
561 3956 612 3990 uon
623 3952 769 4001 nasceretur,
849 3945 874 3991 6.
889 3943 1096 3994 commendatam.
1105 3948 1247 4011 Depositam
1258 3963 1265 3996 :
1275 3959 1324 4012 que

260 4031 284 4067 et
297 4019 328 4067 ad
341 4021 498 4068 substitutum
510 4019 624 4068 heredem
637 4021 703 4070 bona
716 4037 770 4086 per·
813 4039 883 4071 sensu
897 4025 987 4089 sapius
1001 4027 1172 4076 commendare
1186 4039 1323 4092 usurpatur.

261 4097 395 4147 venirem:
421 4097 489 4160 quod
511 4114 540 4146 eo
560 4099 662 4148 consilio
687 4101 769 4148 fecisse
813 4101 853 4152 Gi.
868 4103 964 4154 l‘baedr.
977 4107 1002 4162 1,
1019 4105 1321 4168 17;Juetin.111V‚a.
