3020 4666
263 319 335 392 2'60
581 323 629 390 tt.
654 321 693 390 T.
719 319 1007 392 CICERONIS

260 449 402 532 mitius,
430 443 531 540 quod
554 468 620 541 per
638 448 900 516 caerimonias¹⁷
919 445 1046 542 populi
1065 442 1144 516 lieri
1162 471 1236 517 non
1256 471 1325 546 po·

260 570 372 641 temt,
393 557 534 625 ratione
562 567 777 652 assequutus
800 569 873 644 est,
895 570 937 626 ut
959 553 1017 643 id,
1040 554 1162 652 quoad
1184 572 1325 655 posset,

258 665 383 763 quoad
397 663 450 735 fas
464 678 555 736 esset
563 683 578 752 ,¹
586 665 708 761 quoad
720 666 861 752 liceret,
875 665 1001 764 populi
1015 665 1192 764 ad'partes
1204 668 1324 738 daret:

257 779 337 864 -hic,
359 773 460 873 quod
480 776 608 872 populi
627 778 814 874 proprium
831 799 973 874 semper
995 774 1079 862 fuit,
1098 775 1195 875 quod
1216 801 1324 848 nemo

258 888 463 972 imminuit,
497 909 606 954 nemo
636 886 862 973 immutavit,
894 889 983 984 quin
1010 888 1057 972 ii,
1092 889 1157 982 qui
1186 887 1325 984 populo

259 1020 362 1093 agros
388 1009 507 1066 essent
535 995 764 1091 assignaturi,
795 1009 879 1065 aute
911 997 1115 1092 acciperent
1139 1019 1160 1064 a
1185 994 1325 1093 populo

183 1183 186 1190 ,
257 1104 500 1192 beneficium,
533 1129 640 1200 quam
668 1104 815 1191 darent-3
841 1105 877 1175 id
903 1119 1022 1175 totum
1049 1106 1186 1203 eripere
1206 1105 1326 1193 vobis,

253 1231 407 1313 atquae
428 1213 596 1285 manibus
618 1228 834 1310 extorquere
858 1227 1009 1284 conatus
1030 1229 1096 1284 cst.
1121 1212 1205 1301 Ille,
1226 1213 1327 1311 quod

259 1331 336 1402 dari
368 1327 506 1427 populo
540 1327 641 1397 nullo
670 1325 780 1396 modo
812 1340 977 1424 poterat,
1001 1341 1124 1430 tamen
1147 1329 1325 1425 quodam·

256 1437 375 1510 modo
401 1436 524 1524 dedtt3
552 1435 629 1520 hic,
651 1433 753 1532 quod
779 1436 887 1505 adimi
913 1436 1016 1507 nullo
1045 1452 1152 1533 pacto
1183 1453 1326 1536 poterat

259 1561 439 1648 potestate
451 1542 493 1630 ¹⁸,
513 1543 668 1643 quadam
688 1545 827 1616 ratione
843 1547 983 1643 eripere
999 1561 1160 1617 conatur.

309 1662 404 1727 VIII.
420 1657 567 1745 Quaeret
590 1655 786 1750 quispiam,
802 1653 849 1724 'in
873 1668 971 1726 tanta
997 1657 1127 1751 injuria
1153 1671 1326 1756 tantaque

256 1764 482 1864 impudentia
505 1762 594 1860 quid
614 1765 783 1860 spectarit
796 1775 819 1832 ¹.
841 1767 925 1835 Non
952 1763 1067 1836 defuit
1087 1765 1325 1837 consilium²z

257 1873 373 1948 lides³
390 1899 473 1970 erga
494 1872 638 1970 plebem
658 1895 861 1957 romanam,
881 1875 1028 1971 aequitas
1043 1875 1081 1944 in
1096 1899 1161 1945 vos
1180 1874 1325 1948 liberta·
1355 1872 1360 1882 ’

257 2001 406 2082 temque
437 1997 591 2055 vestram
627 1981 860 2055 vehementer
891 1982 1016 2056 deluit.
1045 1983 1177 2056 Jubett
1192 1989 1325 2078 enim,

255 2097 404 2168 comitia
424 2093 635 2165 decemviris
651 2091 786 2163 habere
805 2092 968 2165 creandis
990 2121 1097 2182 eum,
1122 2097 1326 2194 qui‘legem

259 2205 391 2278 tulerit.
413 2209 490 2273 Hoc
513 2200 629 2272 dicam
651 2202 805 2300 planius.
823 2203 931 2275 Jubet
953 2204 1100 2292 Rullus,
1122 2206 1234 2278 homo
1250 2235 1327 2280 non

260 2311 448 2414 cupidus⁵,
475 2335 595 2409 neque
621 2327 814 2410 appetens,
838 2311 972 2385 habere
997 2316 1142 2385 comitia
1165 2317 1323 2389 Rullum.

258 2424 430 2500 Nondum
449 2421 697 2520 reprehendo,
714 2423 819 2493 video
834 2420 958 2496 fecisse
974 2421 1064 2496 alios
1079 2454 1087 2495 :
1103 2425 1210 2514 illud,
1223 2427 1326 2525 quod

259 2559 368 2607 nemo
386 2532 488 2620 fecit,
511 2532 556 2604 de
576 2535 716 2602 minore
739 2548 841 2631 parte
864 2533 1010 2631 populi,
1030 2553 1105 2633 quo
1125 2539 1322 2633 pertineat,

259 2645 387 2716 videte.
412 2641 569 2714 Habebit
585 2644 751 2714 comitia:
772 2641 868 2713 volet
890 2669 952 2714 eos
976 2645 1186 2717 renuntiare
1195 2643 1226 2736 ⁶,
1243 2648 1324 2744 qui-

296 2917 336 2963 1¹1.
346 2903 392 2948 Per
399 2897 559 2948 carimonias.
565 2897 611 2945 Per
619 2897 768 2962 religionem,
813 2914 841 2947 ao
853 2911 1022 2966 pmpuguator
1035 2917 1048 2948 a
1062 2901 1157 2966 populo
1174 2914 1283 2962 creatus,
1298 2903 1325 2952 Iu

258 2999 313 3047 qum
336 2979 432 3028 vetabat
453 2995 484 3025 ne
501 2994 538 3025 ree
557 2993 629 3025 sacrae
644 2994 657 3024 a
675 2979 769 3042 populo
813 2976 875 3026 banc
893 2977 1029 3026 libertatem
1045 2979 1145 3027 eoneilIa
1166 2983 1257 3044 agitat,
1274 2998 1324 3030 eam

258 3065 363 3130 profano
373 3059 605 3108 administrarentur.
814 3058 885 3105 tacite
900 3058 1028 3106 subvertit.

297 3145 339 3190 18.
351 3142 473 3196 Muretus,
483 3139 540 3184 Ver.
549 3136 607 3185 lect.
617 3139 650 3194 V,
661 3137 685 3195 5,
696 3135 768 3186 docte
849 3147 873 3194 4.
883 3138 953 3186 Jubet
961 3136 1032 3185 enim.
1043 3137 1101 3185 Nou
1110 3137 1167 3186 ideo
1177 3151 1226 3188 tam
1237 3141 1327 3202 iujuate

258 3221 375 3282 eonjicit,
385 3228 485 3281 poterat
495 3227 612 3279 potestve.
625 3217 694 3264 ttthtt
708 3218 768 3265 forte
813 3215 876 3280 egit,
899 3216 967 3280 quod
990 3233 1015 3264 se
1039 3215 1144 3264 comitiis
1167 3221 1325 3283 praepoaitum

258 3297 416 3354 mutandum,
434 3295 542 3358 quamvis
562 3294 635 3342 Beck.
650 3306 769 3358 potestate
813 3311 864 3343 esse
873 3307 964 3354 tentet;
978 3312 1033 3344 uam
1043 3306 1067 3343 et
1080 3298 1121 3344 alii
1132 3309 1201 3346 antea
1216 3300 1248 3346 ita
1262 3300 1327 3348 lece·

257 3379 326 3428 uncie
337 3376 468 3426 incluserit.
481 3378 508 3424 J.
516 3378 547 3423 V.
559 3377 587 3423 L.
813 3386 881 3441 raut3
909 3376 952 3424 sed
976 3377 1032 3440 quia
1058 3377 1229 3440 septemdecim
1248 3378 1326 3426 tribua

291 3459 363 3505 VIII.
376 3473 399 3504 r.
417 3455 483 3518 Quid
493 3453 614 3520 spectarit.
630 3456 708 3517 Quem
723 3455 768 3503 sibi
813 3470 873 3519 quas
884 3456 951 3504 volet
962 3457 1058 3504 educet.

256 3535 330 3586 linem
343 3536 368 3582 io
378 3535 418 3583 illa
426 3535 479 3598 lege
491 3533 588 3581 ferenda
600 3535 768 3598 proposuerit;
850 3536 873 3582 5.
889 3535 969 3582 Homo
980 3551 1029 3582 uon
1040 3533 1151 3598 erpidus.
1162 3532 1246 3584 Fidem
1257 3535 1326 3583 Rulli

257 3633 333 3682 quum
354 3630 379 3662 ee
402 3624 440 3662 tot
457 3612 546 3678 opibus
566 3611 768 3672 circumdederit,
812 3623 837 3660 et
863 3613 1025 3676 Integritatem
1052 3613 1078 3661 in
1105 3613 1207 3662 dubium
1235 3630 1327 3678 ponere

256 3697 415 3746 utilitatemne
426 3709 494 3740 auam
502 3702 604 3757 spectat,
613 3707 644 3739 an
655 3702 766 3740 vestram.
812 3701 904 3749 teutat;
923 3692 965 3756 qui
984 3707 1060 3755 quum
1083 3691 1115 3739 eit
1139 3693 1172 3740 ita
1196 3705 1326 3758 appetens,

291 3790 316 3821 a.
327 3771 465 3822 Consilium.
475 3769 523 3819 Sed
530 3771 645 3831 injustum
655 3769 766 3834 quidem,
812 3787 862 3818 uon
872 3770 1001 3818 verisimile
1012 3782 1048 3819 eet
1059 3783 1087 3820 ut
1095 3772 1160 3832 juste
1170 3785 1238 3836 agat,
1250 3788 1326 3836 quum

255 3847 768 3918 namqueomniaadaeeontulit,nullam·
812 3861 901 3898 tantam
918 3861 1063 3914 potestatem
1079 3850 1126 3898 eibi
1146 3851 1262 3898 creditam
1282 3850 1327 3897 ba-

255 3951 301 3997 que
325 3930 413 3997 populi
438 3939 463 3978 et
485 3927 625 3993 reipublice
649 3928 766 3976 rationem
811 3931 901 3978 buerit.
974 3969 981 3978 .

252 4011 349 4060 habuit.
842 4011 870 4070 .⁶·
882 4007 962 4056 Codd.
970 4008 1080 4071 plerique
1092 4018 1115 4056 et
1124 4007 1181 4056 edd.
1191 4019 1248 4056 ante
1256 4010 1325 4056 Imm·

268 4093 272 4100 “
288 4092 313 4142 3.
326 4089 406 4138 rives.
422 4087 534 4149 Namque
552 4085 670 4135 libertatis
683 4097 765 4135 eustos
809 4087 910 4148 binum,
926 4087 1155 4136 denumerem.
1168 4089 1194 4134 L.
