2912 4654
255 364 323 458 ¹74
566 359 615 428 n.
641 361 679 428 r.
707 337 1004 430 cicanoms

253 481 360 555 multi
381 502 475 580 sepa
501 477 613 552 fortes
633 479 700 550 viri
723 480 759 548 in
783 477 970 576 ejusmodi.
982 477 1148 576 dolore),
1166 497 1341 555 mortem

252 593 322 666 sibi
341 597 418 691 ipse
435 591 645 674 conscissam
665 589 751 662 hnic
767 587 1008 687 quamobrem
1022 589 1060 660 id
1074 589 1183 663 vellet
1198 592 1341 662 inimi·

253 730 317 777 cus
330 701 482 792 offerre,
500 700 601 799 qnod
614 701 690 798 ipse
706 697 775 770 sibi
790 714 919 798 optare
932 698 1106 772 deberet?
1118 705 1209 774 Nam
1224 727 1341 774 nunc

252 814 401 914 quidem
418 812 509 912 quid
526 810 672 884 tandem
691 810 744 884 illi
759 809 845 881 meli
863 835 963 882 mors
980 810 1124 882 attulit?
1146 814 1213 883 uisi
1228 811 1340 883 forte

253 926 399 1025 ineptiis
423 949 465 996 ac
487 920 619 995 fabulis
649 919 832 1008 ducimur,
860 934 901 992 ut
928 921 1189 1007 existimemus,
1219 921 1338 994 illum

244 1033 352 1134 apud
371 1031 504 1104 inferos
527 1033 723 1130 impiorum
740 1029 916 1133 supplicia
938 1029 1118 1128 perferre,
1139 1056 1180 1102 ac
1201 1033 1338 1130 plnres

256 1147 329 1218 illic
351 1142 544 1217 offendisse
569 1143 753 1230 inimicos,
781 1165 892 1239 quam
915 1141 976 1212 hic
996 1141 1202 1238 reliquisse3
1226 1167 1247 1212 a
1268 1165 1338 1212 so·

254 1280 356 1340 orus,
374 1253 421 1326 ab
437 1277 613 1339 uxorum,
633 1277 653 1324 a
674 1251 812 1339 fratris,
828 1277 849 1323 a
866 1251 1021 1324 liberum
1036 1245 1183 1350 poenis⁸
1202 1267 1336 1324 actum

257 1391 337 1438 esse
354 1365 571 1462 precipitem
591 1363 629 1432 in
652 1364 909 1437 sceleratorum
931 1360 1055 1434 sedem
1075 1376 1185 1460 atque
1204 1365 1335 1460 regio-

256 1499 354 1550 nem,
375 1474 465 1561 Quae
485 1473 512 1543 si
536 1470 623 1544 falsa
646 1487 750 1561 sunt,
769 1473 806 1545 id
832 1471 933 1571 quod
950 1495 1079 1544 omnes
1100 1471 1335 1571 intelligunt,

256 1581 347 1681 quid
374 1580 577 1655 citandam
598 1581 694 1654 aliud
719 1607 818 1656 mors
840 1584 996 1682 cripuit,
1022 1597 1153 1680 preter
1178 1605 1334 1654 sonsum

257 1691 393 1764 doloris
404 1690 444 1758 9?

305 1803 413 1872 LXII.
440 1802 514 1898 Age
539 1825 644 1889 vero,
669 1825 852 1876 venenum
870 1827 937 1899 per
958 1827 1070 1900 quem
1088 1800 1237 1874 mmm?
1257 1807 1335 1875 Per

257 1915 306 1984 M.
321 1910 504 1984 Asellium.
517 1909 614 2000 Quid
628 1909 713 1988 huic
725 1936 809 1986 cum
821 1911 948 1986 Avito?
959 1911 1057 1986 Nihil
1072 1939 1081 1984 ε
1096 1924 1206 2010 atque
1221 1911 1334 2001 adeo,

257 2021 358 2119 quod
384 2019 445 2094 ille
471 2021 672 2118 Oppianico
696 2019 969 2097 familiarissime
994 2036 1048 2094 est
1071 2045 1180 2109 usus,
1203 2024 1332 2120 potine

257 2136 367 2204 etiam
384 2128 544 2206 simultas
555 2140 580 2198 ¹.
603 2131 692 2203 Eine
712 2131 839 2228 igitur,
856 2155 967 2230 quem
982 2131 1051 2204 eibi
1072 2129 1330 2222 offensiorem,

258 2243 459 2340 Oppianico
482 2237 797 2325 familiarissimum
819 2241 955 2314 sciebat
977 2265 1071 2329 essa,
1098 2243 1332 2338 potissimum

256 2365 295 2424 et
311 2373 420 2422 auum
436 2349 568 2436 scelus,
586 2365 622 2426 et
641 2350 735 2427 illins
748 2353 949 2452 periculum
966 2352 1235 2426 committebat?
1253 2357 1333 2426 Gur

257 2459 389 2536 deinde
411 2473 451 2529 tu
464 2469 492 2544 ²,
518 2462 583 2556 qui
602 2463 736 2558 pietate
752 2463 798 2536 ad
815 2461 1059 2540 accusandum
1076 2464 1251 2536 excitatns
1268 2487 1332 2554 es,

258 2569 358 2643 huno
383 2566 554 2645 Asellium
577 2594 654 2644 esse
680 2573 837 2647 inultum
860 2573 997 2646 tamdiu
1026 2573 1140 2648 sinis?
1161 2597 1227 2646 cur
1248 2597 1333 2648 non

259 2679 353 2752 Aviti
378 2679 545 2777 exemplo
573 2705 659 2756 usus
687 2707 744 2771 cs,
772 2699 813 2758 nt
841 2707 906 2781 per
925 2684 1050 2772 illum,
1071 2684 1136 2782 qni
1152 2683 1333 2755 attulisset

257 2812 455 2874 renonum,
467 2789 513 2863 do
526 2789 596 2860 hoc
608 2792 692 2887 prcej
698 2791 924 2869 adiceretur?
935 2799 1012 2866 iam
1023 2815 1110 2866 vero
1118 2793 1207 2868 illud
1216 2817 1332 2891 qnam

257 2897 559 2998 conprobatus,
578 2924 687 2996 quem
706 2904 940 2992 inusitatum,
955 2901 1114 2999 judices,
1132 2927 1241 3002 quam
1257 2928 1331 2976 no-

292 3144 317 3190 s.
341 3139 430 3190 Persis.
455 3137 541 3188 Furiis.
565 3141 601 3188 Ut
622 3157 669 3206 pro
692 3144 767 3196 Roso.
810 3142 1031 3210 puericidiiluent5
1044 3157 1089 3190 vos
1104 3142 1230 3206 κωμική
1242 3153 1329 3195 osme-

258 3223 339 3274 Auser.
351 3236 405 3285 esp.
420 3227 472 3280 ss,
491 3219 517 3268 in
527 3220 632 3278 terrm,
642 3219 668 3270 3.
812 3239 878 3275 uuum
895 3222 1009 3288 spiritum
1025 3221 1053 3270 in
1069 3221 1176 3270 victoris
1192 3220 1327 3280 effud'ntis.

293 3318 319 3365 9.
332 3303 527 3354 Pracerssnsum
541 3299 641 3352 durioris.
656 3303 720 3352 Rene
732 3314 770 3354 est
812 3305 910 3370 piorum
928 3303 985 3352 estis
1001 3301 1082 3350 sedem
1100 3311 1126 3350 et
1140 3300 1223 3350 locum
1239 3315 1330 3350 onos*

258 3378 327 3444 quod
335 3394 408 3443 suprs
418 3392 472 3442 osp.
480 3378 513 3426 so
521 3393 566 3424 nos
573 3379 669 3431 monuit
677 3391 770 3442 orator,
812 3385 884 3449 qunti
894 3405 914 3431 ι.
927 3384 958 3430 Et
969 3381 1021 3445 ipse
1032 3382 1067 3428 sic
1077 3381 1163 3428 iutims
1176 3391 1256 3430 mats
1271 3395 1328 3430 seu·

256 3475 283 3510 se
300 3473 379 3508 eausa
395 3472 423 3504 sc
443 3457 548 3520 tempori
564 3458 671 3524 servitu
688 3461 770 3526 itaque
814 3463 900 3522 tiebat,
920 3459 992 3508 utin
1011 3457 1192 3524 philosophicis
1210 3457 1329 3524 operibus

258 3539 283 3590 h
293 3540 311 3589 l.
320 3541 376 3586 sisse
388 3535 486 3586 atterius
496 3535 636 3604 opinionem
647 3551 671 3588 et
683 3541 770 3590 eodem
811 3542 840 3592 iu
852 3549 970 3607 promptu
983 3549 1020 3588 est
1034 3537 1126 3588 videre.

256 3619 362 3670 comitio
378 3627 403 3664 et
424 3615 510 3664 iisdem
528 3617 675 3680 argumentis
690 3621 770 3686 impu·
847 3621 928 3670 Lm.
953 3617 1224 3668 nemorosorum
1240 3617 1326 3682 potius

256 3710 330 3764 pust,
343 3697 433 3762 quibus
445 3695 512 3762 opud
527 3695 666 3746 Sallustium
680 3699 769 3762 Caessr,
812 3701 904 3750 Asellio
918 3715 974 3748 cnm
987 3697 1063 3746 Avito
1076 3695 1252 3746 intercedebat.

256 3777 450 3844 quumCstiliuse
457 3777 612 3824 somniorum
618 3779 770 3828 uortenda·
848 3796 873 3830 a.
891 3779 940 3828 cur
957 3776 1047 3826 deinde
1061 3788 1097 3826 tn.
1115 3776 1252 3841 Oppisuioe
1264 3775 1328 3824 sdo·

256 3867 377 3921 precatur.
387 3855 590 3922 longoveriusiu
599 3853 688 3923 Philip.
697 3861 768 3922 xlv,
810 3859 910 3908 lemane.
920 3885 954 3896 -
965 3855 1032 3906 Aviti
1041 3856 1159 3922 asupio.
1173 3856 1223 3918 Qui
1238 3853 1324 3904 Fabri·

257 3935 288 3984 sle
307 3935 410 3986 Antonii
434 3934 464 3983 ad
486 3934 608 3984 Mutinam
633 3937 768 3988 intersectis
812 3939 864 3987 cios
875 3936 1011 3992 secunvit.
1025 3946 1053 3984 nt
1066 3933 1097 3982 de
1115 3933 1255 4000 Oppianico
1263 3949 1327 3998 pn·

258 4013 393 4063 militibus:
414 4035 425 4054 ·
440 4012 480 4062 Illi
502 4013 577 4078 igitur
598 4017 682 4081 impii,
706 4033 768 4082 quos
809 4017 969 4080 judicaretur,
980 4013 1141 4078 judicumque
1151 4012 1246 4064 suimos
1258 4014 1327 4062 issu·

259 4092 394 4152 cecidistis,
419 4093 490 4140 etism
512 4091 544 4140 sd
569 4095 659 4146 inferos
684 4111 769 4161 punse
812 4097 843 4146 de
857 4095 1052 4147 circunveniret.
