3018 4664
238 365 311 454 454
453 385 461 393 ’
555 359 608 438 Μ.
634 371 673 438 Τ.
700 365 986 438 CICERONIS

237 489 433 590 lobrogum
451 492 592 562 senatui
611 503 647 561 et
664 487 820 588 populo,
837 511 932 574 sese,
949 509 1029 581 quae
1046 509 1171 556 eorum
1185 486 1309 584 legatis

237 598 503 687 confirmasset,
524 625 601 672 esse
620 597 822 687 secturum3
844 621 967 684 orare,
985 610 1027 666 ut
1045 598 1130 667 item
1150 597 1201 667 illi
1217 596 1309 669 lace·

237 724 339 798 rent,
363 735 444 808 quae
469 709 536 781 sibi
566 709 673 807 legati
695 733 822 782 eorum
844 703 1103 804 recepissent⁵.
1123 711 1215 777 Tum
1238 713 1307 780 Ce-

237 819 385 918 thegus,
408 825 471 919 qui
499 822 623 920 paullo
650 837 734 892 ante
759 819 895 917 aliquid
921 817 968 889 de
991 818 1116 915 gladiis
1141 845 1183 891 ac
1206 823 1308 907 sicis,

238 955 319 1028 quae
348 929 444 1028 apud
474 932 594 1030 ipsum
626 946 728 1002 erant
758 928 1014 1029 deprehensos,
1042 929 1309 1028 respondisset,

236 1039 476 1138 dixissetque,
498 1067 537 1112 se
555 1067 698 1141 semper
714 1039 899 1117 bonorum
916 1037 1219 1111 ferramentorum
1234 1056 1308 1112 stu-

237 1147 381 1221 diosum
405 1147 536 1240 fuisse,
564 1153 721 1223 recitatis
748 1150 860 1221 literis
885 1147 1092 1222 debilitatus
1115 1165 1225 1248 atque
1244 1151 1307 1222 ab·

233 1258 370 1354 jectus,
387 1263 608 1333 couscientia
629 1264 833 1348 convictus,
850 1273 1002 1359 repente
1024 1261 1210 1332 conticuit.

283 1368 516 1442 Introductus
540 1372 697 1443 Statilius
716 1371 887 1468 cognovit
908 1367 1077 1467 signum6
1098 1386 1134 1442 et
1156 1395 1305 1444 manum

236 1503 349 1551 suam.
368 1483 536 1552 Recitatae
556 1497 642 1556 sunt
659 1480 799 1553 tabellae
822 1484 860 1551 in
883 1480 1046 1552 eamdem
1068 1480 1143 1554 fere
1163 1498 1307 1555 senten-

236 1592 345 1664 tiam:
363 1588 548 1662 confessus
566 1606 631 1664 est.
650 1597 743 1662 Tum
760 1589 902 1662 ostendi
916 1588 1065 1662 tabellas
1082 1591 1255 1678 Lentulo,
1273 1606 1310 1663 et

210 1701 410 1796 quaesivi,
443 1715 727 1799 cognosceretne
758 1704 910 1799 signum.
939 1701 1088 1772 Annuit.
1115 1707 1179 1773 Est
1204 1725 1309 1785 vero,

239 1811 408 1906 inquam,
440 1813 584 1910 signum
610 1826 739 1882 notum
754 1823 782 1899 ⁷,
803 1814 921 1908 imago
942 1813 998 1882 avi
1025 1815 1098 1900 tui,
1126 1811 1308 1882 clarissimi

208 1920 210 1934 '
238 1917 329 2006 viri,
355 1921 417 2014 qui
445 1923 578 1991 amavit
603 1922 709 1997 unice
733 1923 882 2019 patriam
910 1935 947 1992 et
974 1921 1069 1992 cives
1097 1945 1182 1993 suos
1202 1948 1210 1992 ι
1230 1946 1310 2018 quae

240 2027 389 2123 quidem
416 2041 451 2098 te
476 2055 495 2100 a
524 2045 626 2101 tanto
654 2032 787 2103 scelere
811 2035 918 2102 etiam
943 2046 1043 2102 muta
1063 2056 1231 2104 revocare
1246 2031 1310 2103 dc·

239 2135 332 2210 buit.
354 2142 542 2236 Leguntur
562 2140 686 2212 eadem
712 2145 853 2213 ratione
879 2141 924 2211 ad
950 2155 1117 2212 senatum
1141 2139 1311 2213 Allobro-

240 2270 328 2343 gum
352 2249 606 2348 populumque
624 2251 745 2326 literae.
766 2252 909 2350 Siquid
927 2251 973 2323 de
992 2251 1048 2324 his
1063 2251 1174 2324 rebus
1192 2252 1311 2324 dicere

240 2357 366 2445 vellet,
390 2355 459 2429 feci
475 2375 702 2456 potestatem.
720 2365 839 2459 Atque
856 2363 917 2432 ille
941 2362 1058 2460 primo
1080 2360 1228 2460 quidem
1246 2385 1309 2431 ne-

240 2470 357 2566 gavit,
382 2482 464 2565 post
486 2485 605 2542 autem
632 2469 838 2569 aliquante,
862 2485 940 2543 toto
960 2471 1034 2567 jam
1053 2469 1185 2541 indicio
1203 2493 1312 2568 expo·

241 2579 310 2650 sito
328 2593 439 2675 etque
456 2580 576 2669 edito,
591 2584 763 2668 surrexit3
779 2583 975 2679 quaesivita
991 2580 1119 2667 Gallis,
1137 2578 1227 2677 quid
1243 2577 1310 2650 sibi

242 2703 335 2760 esset
357 2713 442 2760 cum
460 2691 526 2777 iis,
546 2691 783 2789 quamobrem
810 2693 959 2763 domum
985 2714 1086 2762 suam
1110 2691 1311 2774 venissent,

242 2798 402 2897 itemque
418 2827 439 2873 a
456 2801 656 2873 Vulturcio.
676 2802 747 2893 Qui
766 2825 881 2898 quum
898 2800 949 2872 illi
965 2798 1125 2872 breviter
1139 2813 1312 2871 constan-

242 2923 370 3006 terque
388 2911 678 3010 respondissent,
696 2936 762 3008 per
778 2909 949 3007 quemad
967 2934 1075 2996 eum,
1094 2911 1311 3005 quotiesque

242 3021 443 3110 venissent,
466 3023 750 3119 quaesissentque
768 3019 814 3091 ab
833 3045 899 3110 e0,
918 3019 1055 3090 nihilne
1078 3040 1201 3088 secum
1219 3031 1313 3088 esset

243 3127 289 3200 de
309 3128 392 3202 fatis
408 3131 591 3228 Sibyllinis
611 3121 810 3229 loquutus:
836 3146 914 3203 tum
936 3130 996 3202 ille
1020 3128 1160 3218 subite,
1179 3128 1312 3200 scelere

244 3235 412 3328 demens,
430 3257 565 3337 quanta
584 3244 812 3313 conscientias
826 3245 878 3314 vis
891 3255 1001 3329 esset,
1020 3239 1190 3311 ostendit.
1204 3241 1312 3316 Nam,

244 3370 359 3443 quum
384 3347 421 3419 id
444 3366 565 3447 posset
589 3350 755 3442 infitiari,
774 3367 925 3451 repente
947 3365 1076 3450 praeter
1100 3351 1311 3448 opinionem

282 3545 306 3596 6.
316 3545 381 3605 Alii,
395 3545 583 3613 npraecepimnt
593 3567 615 3594 ι.
625 3547 711 3598 Paullo
720 3549 759 3596 in·
802 3547 992 3613 miquellbltum
1000 3545 1174 3610 emimegim
1181 3545 1314 3609 exprimen-

245 3627 296 3685 ln,
313 3637 370 3690 post
387 3625 495 3691 aliquid.
517 3625 558 3674 ulii
572 3637 668 3687 tamen,
689 3627 757 3691 quod
802 3625 1314 3690 draconteaesisptuimmmentmagtne

245 3705 317 3754 unice
331 3721 415 3756 rerum
429 3705 538 3756 defendit
551 3705 670 3770 Doerlng.
800 3707 903 3768 alicujus
916 3705 1053 3771 praeeuntis
1063 3705 1109 3754 viti
1122 3704 1261 3752 utebantur.
1273 3703 1314 3751 Sic.

179 3785 186 3792 '
281 3785 756 3852 6.Altt,«muneutgnumsuum·.
800 3785 840 3834 hic
858 3787 885 3834 P.
901 3785 1035 3844 Lentulus,
1054 3793 1219 3848 cognomento
1239 3781 1313 3838 Sur-a,

242 3865 268 3913 J,-
279 3867 311 3916 V.
326 3869 354 3916 1¹..
799 3865 903 3927 magius
915 3865 954 3912 ari
968 3865 1022 3924 sui,
1040 3863 1068 3912 P.
1083 3861 1179 3912 lentuli
1194 3860 1313 3924 principis

281 3963 304 4006 q.
323 3945 423 4012 Si'gnrtm
436 3959 530 3995 notum.
542 3949 571 3995 lu
585 3946 703 4010 vulgatis,
721 3942 755 3991 si·
799 3955 908 4004 matus,
920 3944 965 4007 qui
978 3953 1062 3990 contra
1079 3943 1110 3991 C.
1119 3941 1256 3990 Gracchum
1267 3955 1313 4002 pu-

242 4040 321 4088 gnum
334 4024 439 4088 qrddem.
457 4026 571 4084 Veteres,
591 4035 619 4074 ut
631 4041 697 4072 nune
709 4023 754 4072 eli·
799 4023 898 4086 gnevit,
914 4034 938 4072 et
951 4023 978 4071 in
992 4039 1020 4071 ea
1038 4037 1119 4088 pugna
1137 4035 1210 4084 grave
1223 4018 1313 4067 vulnus

243 4105 358 4166 quotim
375 4105 402 4152 in
419 4103 516 4154 annulis
530 4103 683 4165 signatoriis,
695 4119 755 4166 quas
799 4102 933 4166 accepigin
941 4101 1066 4165 signandis
1072 4099 1182 4166 epistolis
1189 4097 1314 4147 nubatur.
