2988 4668
371 395 463 460 ruo
487 393 857 462 Junaconsumus
883 389 1101 460 nonnus.
1201 385 1273 484 617
1344 335 1347 342 ’

198 514 250 577 ille
276 535 402 576 caussas
423 514 526 594 tueri,
546 513 781 576 contrariarum
803 511 1036 576 sententiarum
1055 509 1272 598 patrocinium

199 621 363 708 suscipere
386 619 467 683 nihil
485 619 549 683 fuit
566 621 742 704 reveritus,
770 620 927 708 quoniam
945 617 1088 682 sontibus
1109 617 1273 704 opitulan-

197 727 272 792 dum
283 727 339 815 (1),
355 726 528 807 etjuvenili
545 727 628 791 aetati
640 727 688 816 (a)
705 726 798 790 laudi
811 725 954 790 dandum
971 747 1039 788 esse
1057 722 1274 805 existimabat,

198 865 209 888 κ
223 834 328 898 etiamx
343 833 370 896 si
388 832 422 895 in
442 834 551 895 minus
569 831 670 896 firmis
693 834 813 897 caussis
836 832 1010 902 hominum
1033 827 1184 918 periculis
1205 851 1273 892 non

198 939 324 1003 deesset
335 969 358 1003 ν.
377 940 470 1002 Hanc
485 939 528 1002 ob
544 961 612 1002 rem
632 940 777 1004 Catilinae
790 938 837 1028 (3)
859 937 1004 1002 auxiliari
1027 933 1203 1022 aliquando
1219 956 1276 998 co·

198 1046 327 1135 gitavit,
346 1061 397 1125 et,
412 1067 516 1131 quum
535 1067 594 1133 pro
614 1044 831 1126 Scamandro,
849 1043 939 1132 quia
958 1043 1111 1106 Cluentio
1127 1038 1274 1105 veneficii

202 1174 278 1214 reus
290 1150 455 1240 agebatur,
469 1166 562 1214 antea
572 1148 719 1228 dixisset,
731 1152 820 1214 hunc
829 1149 983 1214 eumdem
994 1146 1070 1211 dein
1085 1147 1273 1212 Cluentium

198 1281 216 1321 a
230 1257 325 1321 sociis
342 1254 530 1320 Scamandri
546 1253 662 1320 eodem
680 1257 816 1320 crimine
833 1271 1021 1321 accusatum
1037 1251 1200 1334 defendit,
1221 1274 1275 1316 ve-

198 1361 305 1426 neficii
319 1362 448 1450 culpam
471 1363 505 1425 in
526 1361 760 1428 Scamandrum
778 1380 987 1451 retorquens,
1005 1378 1159 1449 atqueea
1178 1381 1272 1423 occa-

198 1468 290 1531 sione
306 1467 368 1533 illis
384 1467 490 1532 verbis
509 1491 543 1532 se
563 1491 742 1550 excusans,
768 1468 888 1556 quibus
913 1467 948 1530 in
963 1464 1205 1555 Prolegomenis
1224 1464 1274 1527 usi

198 1573 320 1638 luimus
331 1573 393 1662 (4);
404 1575 518 1638 «Errat
527 1574 747 1656 vehementer,
755 1575 783 1638 si
794 1574 868 1662 quis
881 1573 915 1636 in
928 1571 1129 1636 orationibus
1143 1569 1274 1650 nostris,

198 1703 277 1768 quas
294 1681 328 1745 in
343 1680 475 1762 judiciis
493 1681 687 1764 habuimus,
706 1681 913 1745 auctoritates
929 1695 1054 1743 nostras
1069 1678 1272 1766 consignatas

197 1809 230 1850 se
246 1787 366 1851 habere
383 1788 568 1852 arbitratur.
586 1787 708 1851 Omnes
726 1789 813 1851 enim
827 1789 888 1852 illm
905 1787 1067 1850 orationes
1086 1805 1272 1848 caussarum

198 1909 231 1957 et
258 1897 445 1980 temporum
465 1909 559 1974 sunt,
582 1915 649 1957 non
666 1894 840 1957 hominnm
862 1893 1025 1981 ipsorum,
1053 1913 1091 1955 ac
1114 1906 1271 1980 patrono·

196 2019 397 2081 rum3nam‚
417 1999 444 2062 si
462 2021 582 2063 caussas
599 2000 674 2088 ipsse
692 2021 753 2086 pro
771 2021 806 2062 se
823 1999 916 2086 loqui
933 2012 1085 2086 possent,
1105 2018 1202 2060 nemo
1219 1994 1276 2059 ad·

197 2105 324 2170 hiberes
351 2121 537 2188 oratorem,
564 2128 655 2170 nunc
673 2104 877 2186 adhibemur,
902 2120 941 2168 ut
956 2127 994 2167 ea
1011 2101 1178 2184 dicamus,
1204 2124 1272 2165 non

197 2234 270 2298 qnae
288 2214 607 2276 nostraauctoritate
626 2212 885 2293 constituantur,
918 2209 974 2274 sed
997 2232 1069 2296 quae
1090 2231 1129 2272 ex
1150 2208 1272 2296 reipsa

233 2459 271 2525 (r)
289 2460 329 2509 sd
343 2461 399 2509 Div.
409 2461 454 2510 lib.
465 2462 510 2522 tv,
522 2479 561 2528 ep.
577 2461 702 2526 13,§1o.

233 2546 272 2613 (s)
291 2551 339 2598 Pro
352 2548 601 2614 Cluentio,esp.19.

233 2636 273 2704 (3)
288 2637 328 2686 Ad
344 2639 423 2686 Attic.
437 2625 481 2687 lib.
492 2641 522 2698 1,
545 2655 585 2702 ep.
594 2654 627 2696 a,
645 2655 694 2701 qna
712 2655 769 2687 cum
783 2640 853 2687 conl.
869 2650 906 2687 est
920 2651 982 2686 orat·
993 2655 1040 2704 pro
1055 2638 1150 2698 Coelio,
1169 2655 1223 2703 cap.
1238 2641 1271 2693 6,

198 2727 249 2776 inl.
263 2729 352 2776 «Dixit
364 2729 451 2778 Cicero
467 2744 514 2793 pro
530 2727 636 2798 Gabinio
650 2736 675 2774 et
685 2729 712 2774 P.
722 2729 836 2796 Vatinio,
856 2727 1031 2774 inimicissimis
1045 2739 1116 2776 antea
1129 2726 1175 2774 sibi
1186 2727 1271 2776 homi-

195 2817 283 2877 nibus,
297 2829 321 2864 et
332 2818 358 2864 in
372 2835 435 2880 quos
449 2817 573 2864 orationes
585 2815 657 2863 etiam
669 2816 824 2879 scripserat».
837 2815 943 2878 Quintil.
954 2814 1200 2882 Inst.0rat,lib.X1,
1212 2831 1237 2864 c.
1246 2831 1268 2872 r,

196 2921 223 2968 p.
236 2921 296 2966 977.
308 2905 441 2953 ConiVal
456 2905 524 2951 Max.
536 2903 580 2952 lib.
594 2905 642 2962 IV,
658 2919 711 2967 cap.
723 2919 755 2963 a,
774 2919 812 2952 ex.
829 2912 853 2959 t.

233 3011 273 3076 (t)
290 3007 305 3072 S
318 3011 354 3057 IV
367 3008 449 3058 infin.
468 3011 658 3057 Enumeraverat
677 3009 702 3055 in
716 3007 822 3072 quadam
836 3025 878 3056 sua
892 3011 1003 3057 oratione
1020 3009 1106 3057 Cicero
1118 3007 1222 3069 judicia,
1244 3011 1270 3056 in

197 3095 289 3160 quibus
302 3095 405 3159 pecnnia
420 3106 514 3143 versata
531 3096 622 3158 inerat,
638 3106 712 3158 atque
728 3095 793 3144 iuter
811 3111 839 3143 ea
859 3095 979 3156 iudicium
997 3097 1146 3156 isaianum,
1163 3113 1214 3160 quo
1228 3095 1272 3144 da-

198 3197 295 3234 mnatus
308 3185 387 3232 fuerat
397 3185 561 3249 Oppianicus,
583 3184 701 3249 quodque
710 3202 725 3232 a
738 3185 853 3234 Cluentio
871 3196 1015 3251 corruptum
1028 3185 1158 3236 serebatur.
1168 3187 1271 3236 Conna-

198 3276 260 3322 n'um
272 3276 323 3336 jam
342 3273 378 3320 illi
400 3272 580 3320 defendendum
599 3285 657 3322 erat.
685 3272 950 3322 nniffiffliorsinsto
967 3275 1104 3336 injudicio
1122 3275 1269 3326 Cluentiano

197 3364 260 3423 suit,
274 3379 349 3427 quum
361 3362 537 3412 Scamandrum
549 3379 649 3411 neccsse
659 3363 760 3411 haberet
775 3363 856 3410 dicere
869 3369 1010 3420 nocentem,
1023 3365 1093 3426 eujus
1106 3375 1188 3428 egerat
1201 3380 1270 3412 eaus-

198 3470 274 3502 sam.n
288 3451 394 3516 Quintil.
406 3451 430 3502 d.
440 3453 457 3500 l.
469 3452 577 3500 Omnino
589 3451 740 3500 conserenda
750 3463 824 3512 sunt,
845 3468 900 3515 quar
918 3451 949 3500 de
965 3453 1053 3501 eodem
1067 3451 1162 3513 judicio
1180 3453 1269 3501 Clusu-

197 3543 277 3599 tiano‚
291 3553 315 3588 et
326 3540 355 3590 C.
366 3540 519 3588 Fidiculanio
532 3539 644 3596 Falcula,
660 3539 782 3588 habentur
792 3555 839 3604 pro
852 3540 948 3590 Caecina
959 3575 966 3598 ‚
979 3555 1034 3604 esp.
1047 3555 1077 3588 ro
1088 3575 1096 3601 ,
1107 3539 1135 3587 in
1145 3541 1164 3588 l'.
1179 3551 1204 3588 et
1221 3555 1269 3604 pro

197 3629 326 3687 Cluentio,
340 3646 395 3694 cap.
406 3631 449 3690 37,
463 3639 536 3693 atque
548 3627 578 3676 de
590 3628 693 3676 oratoris
701 3625 750 3675 fide
762 3627 893 3677 constabit.
906 3631 965 3676 lisec
975 3628 1047 3675 etiam
1060 3628 1186 3680 Ciceronis
1195 3627 1269 3675 verba

197 3717 260 3765 adde
270 3717 311 3784 (de
322 3719 389 3766 Orat.
401 3717 444 3764 lib.
457 3719 495 3775 11,
504 3732 560 3780 cap.
571 3713 601 3780 7)
611 3731 617 3762 :
629 3737 641 3758 ι
652 3717 763 3764 Oratoris
776 3727 856 3764 autem
870 3715 949 3765 omnis
962 3716 1028 3762 actio
1039 3715 1206 3780 opinionibus,
1217 3731 1270 3764 non

198 3807 299 3853 scientia
316 3807 469 3854 continetur:
484 3821 540 3853 nam
557 3815 582 3851 et
597 3805 663 3868 apud
678 3821 720 3852 eos
737 3805 854 3866 dicimus,
867 3805 909 3868 qni
928 3805 1053 3863 nesciunt,
1071 3813 1095 3852 et
1109 3819 1137 3851 ea
1151 3803 1264 3865 dicimus,

198 3910 253 3956 quse
269 3894 388 3940 nescimus
404 3893 560 3957 ipsiusque
580 3901 603 3939 et
623 3891 659 3938 illi
677 3892 735 3939 alias
752 3891 819 3940 aliud
836 3891 921 3940 iisdem
936 3891 1053 3939 derebus
1067 3901 1091 3938 et
1105 3891 1227 3950 sentiunt,
1245 3902 1269 3939 et

195 3980 320 4040 judicant,
334 3991 358 4028 et
371 3996 416 4028 nos
428 3980 561 4028 contrarias
571 3996 636 4044 saepe
650 3996 745 4028 mussas
754 3981 873 4038 dicimus,
888 3996 939 4028 non
951 3980 1028 4028 modo
1036 3989 1063 4026 ut
1072 3979 1172 4030 Crassus
1182 3990 1267 4028 contra

198 4085 237 4116 me
251 4069 317 4116 dicat
328 4069 476 4133 aliquando,
489 4077 531 4116 aut
545 4081 591 4132 ego
604 4078 689 4116 contra
702 4069 830 4126 Crassum,
844 4083 921 4132 quum
938 4069 1048 4116 alterutri
1063 4082 1160 4115 necesse
1176 4067 1208 4115 sit
1221 4067 1267 4116 lal-

197 4174 251 4206 sum
261 4158 355 4219 dicem
367 4157 491 4205 sedetiam
503 4165 531 4205 ut
544 4168 648 4221 uterque
664 4167 775 4204 nostrum
787 4156 871 4204 eadem
885 4156 915 4205 de
931 4173 958 4204 re
977 4157 1036 4204 alias
1054 4155 1121 4204 aliud
1137 4155 1268 4214 defendat,
