2976 4670
275 349 348 434 640
445 347 819 418 OBSERVATIONES
844 345 1172 418 APOLOGETICAE

276 473 428 558 inquam,
445 471 543 551 sacri,
560 467 752 557 pontificalis
765 485 798 533 ct
811 470 937 558 augurii
953 492 1114 559 :propero
1124 469 1166 534 ad
1183 471 1256 550 illa,
1272 495 1345 561 que

276 576 316 640 de
330 576 544 641 formularum
562 574 699 638 utilitate
716 575 842 662 scripsit
857 575 993 639 Cicero:
1008 575 1112 638 «Sunt
1124 573 1174 662 (ι)
1184 576 1275 660 jura,
1294 579 1344 642 iu·

277 683 364 769 quit,
381 697 459 745 sunt
475 680 640 762 formulae,
660 678 701 743 de
717 679 870 743 omnibus
884 679 983 744 rebus
993 680 1193 763 constitutae,
1210 705 1253 746 ne
1271 683 1343 770 quis

274 805 331 878 aut
347 788 381 851 in
398 809 514 875 genere
531 784 673 866 injurias,
696 802 755 850 aut
770 786 894 850 ratione
910 785 1065 863 actionis,
1082 807 1188 850 errare
1204 789 1306 875 possit
1319 819 1342 853 ι.

274 895 350 958 Νοιι
370 892 469 981 igitur
490 892 593 972 sraus,
611 890 668 955 sed
684 891 805 955 civium
826 889 1039 956 commodum
1055 892 1204 956 formulis
1220 893 1342 958 cousti-

273 996 403 1063 tucndis
415 1020 525 1062 caussa
537 996 610 1060 suit.
626 996 716 1078 Quin
729 997 797 1085 ipsa
814 1013 901 1062 certa
914 997 1011 1062 verba
1027 998 1059 1060 in
1073 997 1209 1086 legibus,
1219 998 1343 1084 iisque,

273 1127 346 1192 qum
369 1126 407 1168 ex
427 1103 552 1194 legibus
570 1103 734 1185 oriuntur,
749 1102 932 1169 adhibenda
953 1125 1023 1168 esse
1044 1105 1099 1168 ait.
1117 1105 1216 1193 Leges
1231 1105 1342 1192 reipu-

273 1211 381 1292 blicae,
394 1232 492 1297 quam
501 1209 536 1272 in
549 1231 700 1273 sermone
715 1209 951 1291 constituebat,
978 1208 1170 1274 recitaturus
1181 1257 1190 1290 ,
1203 1240 1216 1265 ι
1227 1232 1341 1298 expro-

274 1338 377 1397 mam,
392 1315 500 1403 inquit
512 1313 576 1402 (a),
588 1313 760 1402 equidem,
777 1331 814 1378 ut
830 1331 966 1404 potero,
979 1331 1012 1378 et
1027 1315 1182 1402 quoniam
1201 1331 1234 1378 et
1247 1314 1340 1378 locus

274 1439 307 1486 et
318 1445 424 1488 sermo
435 1422 597 1486 familiaris
609 1437 658 1486 est
669 1423 754 1510 leges
767 1421 876 1510 legum
886 1443 966 1486 voce
981 1421 1045 1510 (sic
1058 1420 1139 1510 leg.)
1151 1443 1341 1511 proponam.

273 1529 356 1592 Sunt
369 1545 455 1594 certa
468 1529 578 1617 legunt
592 1527 700 1610 verba,
709 1551 817 1616 neque
827 1526 872 1590 ita
883 1517 1006 1616 prisca,
1026 1527 1109 1591 utin
1126 1527 1290 1592 veteribus
1304 1550 1343 1591 ex

274 1633 341 1716 his,
358 1635 552 1721 sacratisque
565 1633 706 1723 legibus5
721 1650 754 1698 et
769 1649 877 1698 tamen
891 1654 959 1721 quo
978 1632 1051 1721 plus
1067 1633 1266 1698 auctoritatis
1283 1633 1342 1696 ba-

273 1738 392 1821 beant,
406 1739 504 1829 paulo
521 1740 723 1827 antiquiora,
739 1763 837 1827 quam
854 1740 908 1803 hic
921 1763 1029 1803 sermo
1042 1755 1101 1805 est.
1122 1739 1206 1802 Eum
1221 1760 1344 1802 monem

277 1845 375 1934 igitur
388 1869 463 1910 curn
480 1843 654 1928 brevitate,
671 1847 697 1910 si
714 1861 844 1934 potero,
865 1865 1075 1933 consequuta.

318 1949 441 2014 Ultimo
459 1951 531 2015 loco
551 1950 636 2032 dixi,
653 1968 750 2040 atque
763 1949 843 2014 illud
858 1949 933 2014 satis
951 1966 1067 2014 notum
1082 1947 1199 2038 est(3),
1218 1951 1346 2014 Cicero·

274 2077 350 2118 nem
378 2077 443 2120 suae
470 2055 711 2121 declamationis
737 2055 916 2144 puduisse:
934 2086 947 2113 «
960 2057 1036 2120 Non
1065 2078 1125 2145 ego
1147 2070 1256 2118 tecum
1279 2053 1345 2132 jam

275 2160 319 2224 ita
333 2162 448 2249 loquar
457 2157 516 2248 (4),
530 2177 567 2224 ut
581 2160 694 2226 iisdem
706 2162 757 2225 his
769 2161 810 2225 de
824 2161 932 2242 rebus,
940 2183 1044 2249 quum
1056 2161 1091 2223 L.
1104 2159 1276 2224 Murenam
1290 2206 1300 2241 ,
1313 2176 1346 2224 te

274 2284 461 2348 accusante,
491 2267 710 2332 defenderem.
740 2267 837 2357 Apud
872 2268 1055 2357 imperitos·
1071 2285 1141 2333 tuns
1179 2267 1232 2331 illa
1259 2266 1345 2332 dicta

273 2389 370 2454 sunt3
392 2372 513 2460 aliquid
525 2371 621 2438 etiarn
634 2397 762 2438 coronae
776 2375 888 2439 dutum
901 2405 924 2440 ν.
940 2377 1016 2438 Haec
1024 2375 1112 2456 jam,
1127 2397 1200 2462 quae
1218 2393 1345 2437 corouae

276 2478 470 2543 delectandas
500 2479 625 2563 studio,
648 2497 746 2568 atque
770 2499 808 2545 ut
825 2481 950 2561 judices
976 2480 1018 2545 ad
1042 2483 1145 2545 risum
1168 2480 1345 2567 jocumque

275 2583 540 2666 traducerentur,
561 2583 647 2649 dicta
672 2603 766 2668 sunt3
797 2587 883 2650 hanc
901 2584 1168 2649 mendaciunculis
1198 2600 1344 2647 ornatam

276 2708 415 2780 satyram
446 2691 630 2778 (nzcndacia
656 2689 741 2755 enirn
749 2693 880 2779 fingere
906 2693 940 2755 in
957 2691 1037 2771 jocis
1059 2707 1345 2779 peropportunum

276 2819 344 2883 esse
356 2813 468 2860 noster
481 2793 544 2884 ait)
558 2795 643 2861 hanc
658 2814 797 2887 satyram
812 2819 871 2860 nos
884 2802 946 2885 'pro
955 2795 1049 2859 unica
1060 2795 1203 2858 veritatis
1216 2815 1343 2871 norma,

276 2919 308 2965 et
326 2901 425 2966 totius
447 2911 590 2984 συς-ιὶματος
607 2902 712 2966 fulcro
729 2903 925 2966 habeamus!
940 2903 1046 2965 Immo
1062 2901 1169 2988 ipsum
1184 2916 1343 2964 oratorem

276 3008 351 3070 facti
373 3007 424 3070 sui
446 3007 614 3095 poenituit,
641 3009 717 3095 quia
739 3008 966 3096 integerrimos
989 3006 1110 3070 amicos
1130 3027 1207 3070 suos
1229 3004 1344 3068 laesisse

275 3111 453 3177 videbatur.
470 3115 545 3176 Haec
563 3114 650 3177 enim
668 3113 771 3178 oratio
783 3113 899 3177 ultimo
914 3113 1102 3176 consulatus
1118 3128 1266 3199 tempore
1282 3108 1344 3172 fuit

277 3217 400 3298 habiu,
416 3233 449 3281 et
462 3235 603 3305 quatuor
614 3219 790 3307 postannis
807 3219 840 3282 in
855 3217 1003 3282 exsilium
1017 3232 1066 3280 est
1078 3217 1211 3301 ejectus.
1226 3215 1264 3278 In
1280 3213 1342 3276 isto

277 3323 386 3386 autern
408 3323 518 3386 exsilio
539 3321 651 3388 dolore
668 3347 760 3414 paene
775 3325 977 3390 exanimatus
997 3321 1038 3385 ad
1053 3321 1198 3386 Atticum
1214 3317 1340 3383 scribit:

277 3461 290 3484 ι
302 3429 384 3492 Nam
399 3427 488 3518 quod
500 3427 547 3516 (5)
565 3453 684 3520 purgas
701 3454 775 3516 cos,
789 3453 870 3520 quos
881 3451 942 3519 ego
956 3428 1037 3492 mihi
1050 3426 1163 3516 scripsi
1176 3421 1339 3505 invidisse,

289 3723 293 3730 ·
328 3723 336 3751 ι
365 3706 413 3753 Pro
425 3705 650 3754 RoscioComoedo
658 3709 777 3770 ‚.,eap8
790 3709 816 3754 iu
831 3703 874 3754 fin.

327 3801 489 3867 a)DeLegg.
502 3803 546 3851 lib.
558 3805 597 3862 11,
611 3819 701 3867 cap.7.

326 3899 351 3960 3)
369 3899 434 3948 vide
447 3899 484 3948 Cl.
498 3901 589 3948 Ottou.
602 3901 632 3948 dt
646 3898 738 3965 Jurisp.
750 3899 836 3965 Symb.
847 3901 935 3950 Exere.
946 3901 973 3961 1,
987 3914 1041 3962 cap.
1054 3913 1094 3959 ¹7·

325 3993 352 4054 6)
365 3993 428 4044 De
414 3999 467 4046 tin.
482 3997 526 4044 lib.
540 3999 585 4058 lv,
597 4015 652 4062 cap.
668 4013 709 4058 27.

315 4089 350 4154 ‘5)
368 4093 409 4140 Ad
422 4095 474 4142 Att.
487 4093 531 4143 lib.
543 4095 595 4154 111,
609 4095 680 4160 epist.
695 4096 735 4143 15.

312 3707 350 3772 ()

313 3801 323 3864 (

312 3902 322 3958 t

313 4007 322 4054 ι

312 4105 321 4151 ι
