3018 4664
442 333 510 402 nn
533 333 668 404 Leon
693 293 944 421 acrama,
970 335 1019 402 11.
1201 359 1269 431 277

198 455 303 528 adite
321 457 454 542 sentio,
472 467 568 540 tum,
587 453 755 551 quando,
772 453 977 527 Alexandro
991 467 1156 544 mortuo,
1174 455 1270 554 lega-

199 578 256 638 tos
274 569 411 662 Tyrum
428 563 612 652 misimus,
630 565 694 661 qui
713 562 840 636 abillo
859 567 1051 661 pecuniam
1069 562 1272 662 depositam

197 671 358 748 nostris⁶
388 688 657 773 recuperarent.
687 678 770 746 Haec
794 677 834 746 L.
860 673 1094 773 Philippum⁷
1118 699 1211 774 saepe
1232 678 1271 748 in

197 800 327 858 senatu
340 783 573 858 confirmasse
585 787 761 858 memoria
773 798 882 856 teneo
896 814 905 856 ε
920 809 1022 873 cum,
1038 787 1103 882 qui
1119 810 1273 884 regnum

197 893 289 968 illud
303 910 425 967 teneat
438 894 510 967 hoc
521 909 688 993 tempore
698 948 708 981 ,
720 919 842 992 neque
856 917 1007 992 genere,
1018 919 1139 992 neque
1149 897 1272 970 animo

197 1009 299 1105 regio
315 1029 410 1094 esse,
430 1006 526 1076 inter
544 1029 672 1076 omnes
691 1003 766 1077 fere
782 1004 889 1078 video
908 1009 1111 1078 convenire.
1129 1009 1272 1079 Dicitur

122 1127 126 1134 '
197 1132 345 1205 contra,
367 1114 509 1186 nullum
528 1139 605 1187 esse
625 1129 903 1203 testamentum
922 1140 998 1188 non
1018 1131 1189 1212 oportere
1208 1141 1272 1216 po·

197 1227 327 1326 pulum
349 1250 542 1298 romanum
560 1228 726 1296 omnium
747 1249 942 1324 regnorum
966 1215 1200 1324 appetentem
1218 1231 1272 1298 vi-

197 1332 320 1424 deri⁸5
348 1334 639 1434 demigraturos9
661 1337 699 1407 in
724 1336 785 1407 illa
806 1336 886 1408 loca
908 1351 1054 1408 nostros
1084 1336 1272 1425 homines,
1299 1339 1304 1346 ’

197 1461 349 1548 propter
371 1471 541 1547 agrorum
567 1445 792 1536 bonitatem,
817 1463 855 1520 et
874 1448 1039 1519 onmium
1064 1471 1187 1519 rerum
1210 1473 1272 1520 co·

198 1561 307 1656 piam.
328 1561 403 1631 Hac
421 1571 518 1630 tanta
538 1555 585 1629 de
602 1583 643 1630 re
660 1563 697 1629 P.
721 1557 848 1630 Rullus
872 1583 956 1629 cum
979 1561 1108 1630 ceteris
1129 1557 1272 1630 decem·

198 1670 300 1756 viris,
325 1669 473 1766 collegis
493 1672 583 1754 stris,
603 1667 804 1764 judicabit?
829 1682 864 1739 et
889 1677 1058 1739 verum¹⁰
1073 1667 1273 1764 judicabit?

198 1802 283 1850 nam
303 1793 500 1876 utrumque
512 1788 541 1820 ¹¹
563 1780 612 1848 ita
627 1801 800 1876 magnum
817 1793 889 1866 est,
907 1793 947 1849 ut
966 1777 1069 1850 nullo
1086 1779 1201 1856 modo¹
1212 1803 1272 1850 ne·

198 1913 271 1986 que
296 1889 595 1986 concedendum,
623 1883 744 1986 ueque
771 1887 962 1961 ferendum
985 1892 1043 1960 sit.
1066 1888 1174 1960 Volet
1195 1913 1272 1961 esse

198 2000 406 2098 popularis?
428 2000 567 2099 populo
583 2021 736 2071 romano
751 1998 983 2094 adjudicabit.
999 2002 1093 2096 Ergo
1113 1999 1210 2072 idem
1226 2025 1271 2072 ex

198 2131 263 2180 sua
294 2109 419 2210 lege1²
446 2109 581 2183 vendet
606 2109 875 2197 Alexandriam,
898 2108 1034 2182 vendet
1057 2113 1272 2207 AEgyptum3

197 2217 299 2292 urbis
316 2220 587 2319 copiosissimae,
607 2219 1009 2318 pulcherrimorumque
1028 2245 1197 2318 agrorum
1213 2221 1270 2314 ju-

198 2329 288 2417 dex,
314 2329 463 2420 arbiter,
495 2330 684 2418 dominus,
715 2355 778 2402 rex
811 2329 973 2428 denique
1004 2331 1272 2429 opulentissimi
1377 2391 1381 2404 .

197 2443 302 2540 regni
327 2444 538 2542 reperietur.
556 2445 638 2516 Non
658 2455 777 2513 sumet
797 2440 866 2513 sibi
884 2456 1049 2530 tantum,
1066 2467 1141 2515 non
1164 2466 1271 2541 appe·

176 2552 273 2624 ‚tert
290 2550 487 2648 judicabit,
507 2549 758 2624 Alexandriam
777 2556 871 2649 regis
895 2576 990 2638 esse;
1010 2576 1032 2623 a
1050 2552 1190 2650 populo
1208 2575 1270 2622 ro·

199 2687 309 2738 mano
331 2661 559 2759 abjudicabit.

235 2791 261 2840 ὀ.
279 2788 386 2840 Nostris.
402 2790 486 2840 lamb.
505 2788 604 2838 Lallem.
625 2799 714 2853 praetu-
794 2806 819 2852 p.
827 2787 1017 2854 Demt'graturoa.
1027 2787 1103 2850 Quod
1111 2787 1173 2836 adeo
1182 2789 1276 2846 evenit,

200 2871 280 2920 lerunt
287 2868 369 2927 nobie,
380 2885 410 2918 ex
422 2868 589 2920 emendatione
600 2869 712 2918 Puteani.
758 2879 786 2918 ut
795 2869 876 2918 Juliue
883 2868 961 2933 legem
970 2867 1169 2932 promulgaverit,
1179 2883 1209 2914 ne
1219 2868 1275 2931 quie

199 2949 270 3001 Nihil
278 2948 364 2998 melitae
372 2950 439 3009 eoio,
451 2948 533 3012 inquit
542 2947 672 2996 ΜΛΝ.
684 2948 713 2995 1..
757 2946 851 3008 iniueeu
864 2961 909 2994 auo
923 2961 975 2994 eam
990 2954 1096 3010 peteret,
1110 2955 1135 2992 et
1147 2947 1274 3008 Auguetue

236 3046 262 3092 7.
282 3031 311 3079 L.
326 3027 474 3093 Philippeum
495 3025 670 3091 Intelligendua
685 3026 713 3074 L.
757 3025 823 3074 idem
836 3036 923 3091 poetee
937 3025 1054 3073 sanxerit.

200 3108 328 3174 Philippue
342 3107 384 3172 ille
400 3108 444 3172 qui
457 3105 545 3156 coueul
563 3107 642 3155 fuerat
656 3121 713 3154 cum
796 3121 836 3154 ro.
850 3108 949 3153 Vanam.
962 3101 1177 3152 Selrr'rtr.eLemb.
1183 3113 1272 3150 atnam.

200 3191 267 3240 Sext.
282 3187 351 3236 Julio
367 3204 390 3237 a.
408 3189 441 3236 11.
452 3187 517 3247 6623
527 3183 606 3234 lilium
616 3184 711 3247 habuit,
757 3184 821 3234 Mun
830 3183 928 3249 quidem
937 3199 989 3233 non
1001 3182 1127 3248 probatur.
1140 3182 1270 3232 urtam.

201 3267 245 3333 qui
255 3277 347 3332 reptem
358 3277 416 3332 poet
423 3265 566 3316 Ciceronem
575 3265 645 3314 annia
657 3279 713 3313 eon·
757 3263 878 3328 vulgatam
891 3263 979 3312 merito
992 3271 1087 3318 areret,
1106 3277 1161 3325 quae
1177 3263 1272 3326 optimo

200 3346 305 3396 eulatum
318 3357 356 3396 eet
367 3345 480 3410 adeptus.
757 3354 794 3392 eet
805 3359 887 3392 eman.
901 3344 926 3392 J.
937 3346 969 3392 V.
983 3344 1011 3390 1..

237 3428 263 3476 ll.
286 3428 445 3492 Appetentem
456 3423 548 3474 videri.
570 3424 646 3487 Quod
663 3425 714 3486 jem
797 3439 837 3470 ιι.
849 3425 989 3488 Umamque.
998 3423 1029 3469 Et
1036 3419 1148 3482 judicare
1157 3432 1182 3470 et
1189 3436 1273 3468 verum

201 3506 318 3573 plurimae
326 3505 437 3572 ηςὶοιιω
445 3505 481 3554 eie
490 3521 504 3554 e
513 3504 610 3569 regibus
619 3502 714 3568 populo
755 3501 883 3563 iudicare,
893 3514 1023 3565 utrumque
1038 3499 1100 3548 tenti
1110 3511 1147 3547 eet
1157 3500 1274 3547 momenti

202 3583 714 3649 rom.traelieonetaret;euepieioqueeeee
757 3594 786 3632 ut
803 3597 855 3631 nou
870 3583 902 3630 eit
921 3583 956 3632 eie
974 3577 1178 3644 permittendum,
1194 3592 1275 3641 neque

203 3674 314 3730 poterat,
333 3681 365 3714 ue
385 3665 437 3730 ipre
449 3663 558 3730 populun
574 3674 714 3712 teetamauta
758 3661 885 3713 serendum
910 3660 1044 3710 nouuulloe
1064 3659 1177 3707 horuinea
1196 3657 1226 3704 de
1248 3671 1275 3702 re

203 3753 245 3793 aut
255 3740 354 3806 fingere,
362 3753 403 3792 aut
414 3755 479 3794 certe
490 3756 635 3808 extorquere
644 3742 714 3792 vide·
760 3755 826 3792 tauta
841 3741 983 3791 decernere.

203 3832 281 3872 retur.
296 3819 370 3883 Quod
383 3823 464 3885 previa
479 3823 567 3872 deiude
578 3821 624 3872 rub
637 3823 715 3888 impe·
799 3839 838 3874 ru.
858 3823 900 3870 Ee
917 3837 962 3868 eata
980 3819 1042 3883 lage.
1066 3816 1092 3864 Si
1107 3815 1204 3877 judicio
1229 3830 1275 3862 eno

204 3901 328 3954 ratou'lrue
354 3900 462 3960 eccidit,
490 3917 566 3970 quum
597 3904 717 3966 peeeimue
762 3907 895 3967 AEpyptuua
914 3897 1008 3964 populo
1027 3911 1128 3944 romano
1142 3893 1274 3952 tribuerit,

206 3982 310 4048 quiaque
318 3981 432 4046 princepe
441 3979 466 4028 iu
479 3981 631 4046 privatorum
644 3993 717 4032 terta-
763 3981 888 4046 oportebit
905 3979 976 4026 etiam
997 3987 1026 4024 ut
1045 3975 1181 4025 eeruudum
1199 3974 1276 4039 legem

208 4061 376 4112 meutielreree
387 4059 640 4110 eeeetadecribendue.
765 4077 832 4110 auam
847 4059 887 4110 illa
899 4056 1026 4108 vendatur.
