2956 4676
369 377 561 448 ORATIO
586 379 688 448 PRO
713 381 752 450 A.
777 377 1054 450 CLUENTIO.
1175 375 1242 475 169

167 499 347 574 sudatiot
369 497 478 587 lacta,
499 519 606 572 causa
630 499 699 570 illis
717 497 983 588 demonstratu,
1006 501 1085 570 sine
1104 496 1244 594 judicio

168 613 492 708 controversiaque
523 603 720 682 discessum
748 625 813 682 est.
849 614 887 681 P.
919 610 997 681 AElii
1027 623 1243 682 testamento

169 726 402 822 propinquus
425 721 664 794 exheredatus
682 744 799 818 quum
816 735 928 808 essct,
949 718 1053 792 heres
1077 718 1138 790 bic
1156 718 1243 790 alie'-

169 835 257 903 nior
270 828 285 874 ⁵
298 833 483 902 institutus
496 845 561 902 est.
575 836 613 901 P.
629 830 740 902 AElius
753 831 847 904 Aviti
861 831 989 901 merito
1003 828 1107 919 fecit3
1121 853 1243 926 neque

170 943 233 1014 hic
254 944 292 1012 in
310 955 525 1013 testamento
539 939 705 1013 iaciendo
718 939 903 1028 interfuit;
922 940 1034 1038 idque
1047 955 1244 1012 testamene

171 1063 262 1122 tum‘
283 1049 330 1122 ab
361 1050 470 1146 hujus
498 1051 648 1123 inimico
680 1052 883 1150 Oppianico
916 1055 971 1122 est
999 1048 1242 1148 obsignatum.

171 1160 294 1231 Florio
316 1159 475 1256 legatum
491 1185 535 1232 ex
555 1175 789 1250 testamento,
812 1152 1005 1232 infitiatum
1023 1159 1137 1232 esse⁶.
1161 1165 1243 1234 Non

172 1286 230 1344 est
244 1274 315 1359 ita;
334 1269 398 1342 sed
419 1295 535 1369 quum
552 1277 625 1345 H·S
646 1285 743 1342 ιω
771 1274 900 1371 scripta
920 1285 1056 1359 essent,
1079 1295 1148 1370 pro
1168 1275 1244 1343 H·S

171 1405 259 1470 ccc,
279 1405 399 1480 neque
420 1384 453 1452 ei
472 1384 556 1454 satis
571 1397 717 1456 cautrrm
733 1383 931 1471 rideretur,
950 1382 1065 1453 voluit
1078 1405 1162 1453 eum
1177 1379 1244 1452 ali·

172 1491 264 1588 quid
281 1507 469 1589 acceptum
483 1490 618 1565 referre
630 1493 834 1565 liberalitati
849 1517 921 1565 suae
936 1521 944 1564 ε
961 1494 1079 1592 primo
1093 1490 1217 1564 deberi
1228 1487 1248 1536 ⁸=

173 1603 338 1698 negavit3
366 1617 449 1701 post
473 1603 551 1674 sine
577 1605 837 1676 controversia
854 1604 970 1676 solvit.
1001 1602 1103 1674 Coelii
1130 1602 1246 1700 cujus·

174 1711 262 1783 dam
277 1715 453 1784 ¹Samnitis
471 1737 624 1785 uxorem
643 1729 725 1810 post
742 1714 881 1786 bellum
898 1712 944 1786 ab
963 1713 1035 1785 boc
1052 1732 1129 1784 esse
1145 1735 1247 1810 repe·

173 1825 289 1892 titum.
309 1823 501 1894 Mulierem
518 1845 639 1921 'quum
664 1825 809 1898 emisset
831 1825 876 1897 de
898 1822 1145 1911 sectoribus93
1169 1847 1246 1920 quo

177 1948 344 2032 tempore
365 1936 620 2032 cumprimum
641 1936 790 2008 liberam
813 1933 890 2009 'esse
914 1934 1067 2023 audivit,
1090 1938 1167 2004 sin'e
1183 1932 1244 2026 ju-

176 2042 274 2115 dicio
300 2042 458 2116 reddidit
475 2045 600 2118 Coelio.
624 2048 782 2118 Ennium
804 2069 882 2119 esse
907 2041 1122 2142 quemdam,
1143 2041 1246 2136 cujus

172 2152 274 2224 bona
299 2167 421 2225 teneat
448 2153 585 2228 Avitus.
611 2158 673 2227 Est
697 2157 757 2228 bic
784 2157 923 2227 Ennius
951 2175 1059 2252 egens
1079 2152 1245 2252 quidam,

173 2263 414 2336 calumniator
428 2273 471 2354 ¹⁰,
499 2269 740 2338 mercenarius
766 2268 979 2367 Oppianici,
1002 2269 1065 2363 qui
1088 2262 1246 2362 permul-

173 2388 233 2444 tos
247 2398 363 2446 annos
384 2377 539 2472 quievit;
556 2375 689 2448 deinde
706 2376 903 2474 aliquando
926 2399 1010 2446 cum
1033 2395 1139 2446 servo
1150 2375 1245 2443 Aviti

174 2481 263 2556 lurti
284 2486 357 2582 egit
372 2495 423 2567 ¹¹;
449 2509 568 2584 nuper
590 2485 636 2558 ab
658 2489 739 2585 ipso
765 2489 871 2557 Avito
894 2499 1017 2584 petere
1039 2484 1161 2581 coepit.
1180 2483 1247 2554 Hic

174 2593 239 2666 illo
266 2598 408 2692 privato
435 2596 572 2691 judicio
586 2607 616 2640 ¹²
644 2595 758 2693 (mibi
781 2596 964 2690 credite),
988 2592 1094 2665 nobis
1118 2591 1246 2664 iisdem
1300 2649 1305 2659 .

176 2703 328 2776 fortasse
357 2707 540 2803 patronis,
578 2707 796 2778 calumniam
830 2729 907 2776 non
940 2701 1097 2801 effugiet.
1129 2708 1250 2799 Atque

177 2817 306 2902 ctiam
332 2830 374 2887 ut
407 2814 514 2888 nobis
541 2820 792 2900 renuntiatur,
823 2815 1010 2886 bominem
1046 2811 1246 2884 multorum

94 3025 101 3042 ¹
212 3013 236 3061 4.
257 3005 439 3070 Expostuladu.
454 3004 631 3070 Expostulare,
652 3007 692 3053 in·
738 3005 848 3070 pario,
871 3014 973 3068 propter
990 3002 1117 3068 scriptura
1132 3016 1247 3050 errorem.

177 3082 232 3147 quit
241 3085 354 3132 Donatus
363 3083 395 3132 ud
403 3085 459 3134 Ter.
470 3083 551 3133 Andr.
561 3085 607 3148 tv,
618 3099 641 3143 1,
653 3086 694 3142 15,
775 3085 799 3132 8.
813 3083 878 3142 Alii,
893 3083 990 3130 debera
1002 3081 1026 3130 J.
1036 3080 1066 3128 V.
1080 3083 1108 3128 t.
1134 3079 1137 3087 '

176 3173 214 3210 est
220 3162 343 3226 quer-alum
351 3161 479 3227 apudcum
485 3163 566 3226 iprum
572 3162 695 3232 deponere
775 3177 800 3224 9.
818 3165 856 3210 De
868 3161 1004 3210 serentibus.
1022 3161 1055 3208 Iis
1070 3159 1113 3224 qui
1127 3157 1250 3224 publicata

177 3241 209 3290 du
219 3257 250 3289 eo
260 3241 331 3305 ipsc,
344 3241 388 3305 qui
399 3242 458 3291 fecit
470 3241 594 3302 iniurium.
607 3245 693 3306 Itaque
737 3241 820 3301 bona,
836 3257 911 3306 quum
928 3255 971 3304 per
985 3240 1124 3288 auctionem
1139 3237 1251 3286 vendun-

177 3320 222 3384 qui
231 3319 396 3384 exspostulat,
406 3337 444 3370 reu
452 3321 543 3385 repetit
551 3331 619 3370 asu-u
627 3321 694 3382 judl-
736 3331 786 3382 tur,
800 3331 895 3370 emunt.
912 3321 950 3368 De
962 3319 1001 3368 bia
1014 3321 1102 3384 sapius
1114 3334 1162 3384 pru
1174 3320 1251 3366 ΒΜ.

177 3401 570 3450 dumnueounummiooa
737 3401 794 3449 Am.
812 3399 914 3451 delun.

215 3479 238 3527 ⁵.
261 3479 334 3526 Hem
351 3478 391 3528 laic
409 3464 522 3530 blienior.
547 3478 691 3541 Cluentius,
774 3477 1252 3542 10.Calumuiatnr.Quir-eunibiunu
1319 3503 1322 3509 ·

178 3559 288 3620 quamtis
296 3559 366 3609 nullo
375 3557 450 3608 tundo
456 3560 612 3625 propinquus
621 3569 691 3618 esset,
736 3556 841 3606 debiturn
851 3559 947 3620 judicio
958 3559 1030 3623 petit.

178 3634 249 3682 berea
261 3649 297 3686 est
307 3637 442 3686 institutus.
454 3663 489 3674 -·
501 3638 602 3686 Merito.
616 3639 693 3686 Beuu-
775 3654 816 3688 11.
828 3637 894 3702 Egit.
906 3637 1071 3686 lusimularit.

178 3709 251 3776 flcio,
264 3714 370 3766 Cluentii
383 3715 446 3764 benc
458 3716 577 3764 furtorum
589 3731 692 3766 memor.
776 3732 818 3766 tu.
833 3717 928 3764 Privato
935 3715 1041 3782 judicio.
1056 3714 1143 3772 Civili3
1159 3715 1195 3762 sic
1206 3729 1252 3778 up·

213 3793 241 3842 6.
254 3794 400 3863 Infuiatum.
416 3795 493 3857 Quod
503 3811 536 3846 cx
549 3806 692 3846 ammento
735 3795 843 3860 pellam,
856 3797 913 3860 quin
933 3796 994 3844 nulli
1010 3792 1163 3859 competebat
1178 3792 1254 3858 hujus

177 3872 255 3922 lucrat
265 3875 348 3934 Eloriu
361 3875 479 3938 legatum,
493 3876 515 3924 ei
526 3891 579 3926 uun
590 3876 693 3926 solvisse
737 3889 815 3924 uuum
825 3873 905 3932 actio,
923 3874 970 3923 uiui
979 3874 1002 3920 ei
1012 3873 1052 3920 cui
1061 3871 1200 3920 deberetur.
1218 3895 1255 3908 -

177 3951 319 4002 Cluentium
329 3963 483 4002 uucmutures
496 3954 592 4004 dicunt.
738 3952 902 4004 calumum.
918 3952 1050 4004 Calumuioe
1063 3949 1255 4003 damnum.

215 4049 240 4093 7.
267 4035 322 4085 tta
343 4048 404 4082 m.
429 4034 570 4082 Sestertium
594 4032 693 4096 triginta
737 4034 775 4084 ne
791 4047 864 4096 poeua
878 4031 925 4078 luc
947 4031 1032 4080 confer
1049 4030 1083 4078 ud
1101 4031 1161 4080 eale.
1182 4032 1256 4095 prin.

179 4110 252 4160 millia
262 4109 331 4179 (gall.
341 4113 423 4172 naso
433 4110 636 4178 l.)-Vidmtur.
646 4115 692 4161 Le-
738 4111 828 4160 volunt.
839 4110 944 4160 Excurs:
959 4109 990 4158 de
1001 4107 1079 4170 judic.
