2976 4670
315 413 427 500 ,nno
452 409 816 479 Junscossuurrs
841 381 1063 478 nonanis.
1163 409 1234 504 ott

161 534 303 598 amisisse
314 534 480 618 Tullium,
498 532 579 620 quid
596 532 636 597 de
654 533 715 596 hac
730 534 895 614 oratione,
909 532 943 594 in
961 555 1025 618 qua
1041 554 1155 597 omnes
1169 535 1248 604 istae¹

160 639 378 702 accusationes
397 661 461 701 una
478 637 569 724 quasi
586 637 701 702 tabella
718 652 795 700 sunt
812 637 1071 724 comprehensae,
1089 654 1236 704 statuen-

161 746 240 808 dum
259 745 320 824 sit,
339 744 432 807 facile
451 759 593 830 apparet.

205 853 261 916 Sin
273 850 405 914 tandem
419 848 460 912 ad
475 849 696 936 ipsamjudicii
711 848 922 936 quaestionem
936 849 1158 931 attendamus,
1170 866 1239 914 tota

161 959 259 1021 Tullii
274 957 356 1022 ratio
372 955 547 1019 clarissime
563 955 679 1018 elucet.
694 956 846 1019 Ambitus
862 956 996 1020 mimine
1012 955 1239 1043 postulabatur

161 1065 308 1128 Murena.
336 1061 481 1144 Quaestio
497 1060 597 1149 igitur
613 1076 700 1141 erat,
724 1083 803 1124 num
828 1057 1052 1150 largitionibus
1076 1063 1238 1150 populum

161 1168 379 1258 corrupisset?
404 1166 462 1232 sed
480 1183 682 1232 accusatores
704 1167 748 1230 ita
772 1189 865 1231 suam
884 1169 1123 1233 accusationem
1144 1169 1238 1233 insti·
1273 1169 1281 1179 '

162 1293 308 1360 tuerant,
335 1293 372 1339 ut
387 1291 452 1340 tres
472 1291 580 1340 essent
597 1276 666 1354 ejus
686 1289 813 1362 partes,
838 1297 977 1362 quarum
996 1298 1062 1339 una
1077 1277 1112 1338 in
1130 1299 1239 1364 repre·

161 1383 321 1446 hensione
336 1383 409 1446 vitae
427 1405 445 1444 a
462 1403 519 1444 reo
535 1397 629 1462 actae,
652 1382 751 1445 altera
774 1380 808 1443 in
824 1381 1035 1446 contentione
1054 1381 1237 1470 dignitatis,

161 1490 253 1553 tertia
273 1490 307 1552 in
331 1488 523 1554 criminibus
540 1488 680 1553 ambitus
693 1504 885 1554 versaretur.
903 1490 1025 1554 Contra
1040 1490 1126 1553 viros
1145 1511 1238 1553 sum·

161 1618 232 1660 mos
243 1594 579 1683 atqueintegerrimos
594 1615 703 1658 caussa
712 1592 1050 1682 dicenda,omniaque
1060 1594 1236 1658 nobilitatis

160 1703 354 1789 virtutisque
368 1715 559 1764 ornamenta
576 1699 705 1780 Servio,
718 1700 775 1786 qui
792 1721 944 1763 unacum
962 1699 1106 1764 Murena·
1117 1722 1237 1764 consu·

160 1808 260 1870 latum
279 1798 663 1894 petierat,‘concedenda
679 1822 779 1869 erant.
799 1805 889 1869 Nihil
904 1806 1062 1888 restabat,
1086 1805 1147 1868 nisi
1168 1806 1235 1874 sola

161 1911 201 1974 de
223 1910 379 2001 dignitate
402 1927 434 1976 et
450 1912 642 1976 meritorum
662 1910 887 2002 magnitudine
904 1913 1082 1976 contentio.
1099 1912 1150 1976 ¹ln
1175 1913 1236 1977 hac

156 2017 421 2107 jurisprudentiae
439 2034 472 2081 et
487 2017 633 2081 militaris
649 2018 726 2082 artis
744 2019 984 2105 comparatione
1000 2019 1095 2105 periti
1116 2018 1234 2106 proba-

159 2124 216 2187 bili
238 2123 346 2188 colore
365 2123 492 2188 irrideri
515 2139 681 2211 poterant,
704 2139 756 2205 et,
780 2142 818 2188 ut
835 2125 967 2187 Catonis
982 2125 1156 2189 auctoritas
1172 2125 1234 2186 mi·

160 2247 331 2312 nueretur,
357 2231 465 2295 stoica
483 2229 708 2319 philosophia,
738 2232 791 2294 cui
817 2253 932 2317 parum
955 2231 1082 2296 favebat
1107 2245 1234 2311 orator,

159 2335 332 2400 commode
348 2335 499 2423 exagitari
512 2333 569 2422 (r)
591 2335 743 2422 Optatam
760 2333 885 2398 tamdiu
903 2334 1052 2423 explendi
1064 2336 1163 2398 animi
1177 2357 1233 2399 oc·

8 2507 10 2532 ¹
105 2444 322 2507 ¹casionem
339 2441 474 2529 arripuit
490 2457 645 2528 patronus
658 2441 802 2506 callidus.
818 2441 965 2506 Ridicule
981 2457 1015 2505 et
1028 2442 1234 2506 stomachose
1324 2447 1328 2454 ‘

158 2565 266 2613 totum
277 2549 331 2629 jus
349 2548 441 2611 civile
459 2547 610 2628 elevavit,
629 2569 685 2629 ac,
706 2548 782 2612 licet
801 2548 935 2632 objectis
952 2549 1143 2612 criminibus
1159 2547 1233 2610 Sul·
1283 2630 1285 2636 ‚

159 2656 281 2744 picium
299 2655 434 2718 minime
458 2651 589 2717 affinem
609 2675 678 2716 esse
702 2654 863 2734 novisset,
888 2654 979 2719 hunc
1003 2655 1106 2717 nihilo
1130 2654 1233 2717 secius

158 2764 268 2851 aliquo
282 2762 346 2826 sale
362 2759 622 2850 adspergendum
640 2760 774 2846 putavit.
789 2763 927 2822 Brutum
939 2759 1058 2823 alicubi
1071 2759 1233 2823 dicentem

159 2871 257 2936 fecit:
275 2853 411 2951 «Quum
430 2890 469 2930 ex
480 2867 527 2955 (a)
542 2883 598 2929 tua
612 2867 758 2930 oratione
771 2867 850 2929 mihi
858 2865 971 2930 videor
986 2867 1070 2930 bene
1081 2868 1233 2931 Crassum

160 2994 192 3040 et
206 2975 380 3040 Scaevolam
396 2973 602 3061 cognovisse,
620 2987 691 3034 turn
706 2971 746 3035 de
763 2988 794 3035 te
808 2989 840 3034 et
862 2971 904 3035 de
927 2972 995 3036 Ser.
1015 2972 1159 3060 Sulpicio
1175 2995 1231 3036 co·

160 3084 279 3170 gitans,
296 3102 364 3144 esse
374 3076 549 3166 quamdam
563 3077 655 3141 vobis
668 3075 814 3140 cumillis
827 3075 1073 3141 similitudinem
1086 3076 1229 3157 judico».

159 3193 229 3255 lam
253 3210 330 3252 vero
356 3185 447 3250 Curii
470 3206 615 3248 caussam
641 3199 754 3247 contra
783 3183 955 3248 Scaevolam
973 3183 1020 3271 (3)
1042 3183 1229 3256 familiarem

195 3438 234 3504 (1)
252 3436 316 3484 Vide
330 3435 367 3484 Cl.
378 3434 472 3482 Schult.
488 3433 518 3482 de
529 3436 633 3498 Jorispr.
647 3433 697 3483 Cio.
712 3449 767 3497 pag.
781 3433 839 3483 251.

196 3537 234 3600 (a)
250 3537 280 3582 Iu
294 3535 387 3594 Bruto,
400 3548 453 3596 cap.
466 3539 509 3587 to.

196 3639 233 3706 (3)
251 3639 288 3686 De
299 3639 366 3686 Orat.
379 3637 424 3686 lib.
438 3639 480 3698 11,
494 3653 548 3701 cap.
560 3637 602 3692 54.
616 3635 746 3684 Pulchram
758 3637 783 3682 in
799 3638 892 3695 Bruto,
915 3651 969 3699 cap.
987 3635 1031 3692 ts,
1052 3634 1083 3681 de
1102 3635 1228 3694 oratione,

161 3743 233 3792 quam
243 3726 342 3774 Crassus
354 3724 451 3786 babuit,
464 3725 537 3774 nobis
555 3723 718 3772 narrationem
733 3723 832 3786 reliquit
847 3724 943 3772 Cicero.
960 3721 1039 3770 Multa
1055 3721 1176 3780 Semela,
1187 3723 1231 3786 qni

161 3816 271 3863 strictum
292 3814 345 3874 ius,
363 3824 387 3860 et
404 3813 541 3860 testamenti
559 3812 610 3876 ipsa
626 3810 700 3858 verba
714 3810 843 3867 tuebatur,
862 3811 892 3857 de
908 3809 1077 3856 conservando
1089 3810 1144 3870 jure
1162 3811 1233 3859 cirili

161 3905 323 3952 disseruerat:
345 3912 370 3948 at
392 3903 511 3959 Cramus,
529 3901 667 3964 aequitatem
681 3899 827 3957 defendens,
840 3898 871 3945 ab
883 3897 1036 3945 adolescente
1048 3895 1170 3960 delicato,
1189 3898 1232 3961 qui
1278 3893 1284 3908 '

160 3995 187 4041 in
200 3991 272 4038 litore
288 3989 412 4037 ambulans
426 3989 542 4036 scalmum
554 3988 695 4052 reperisset,
715 3987 749 4034 ob
763 4001 864 4050 eamque
876 4001 926 4032 rem
941 3983 1062 4032 adificare
1073 4001 1160 4032 navem
1175 4003 1233 4035 con-

162 4080 312 4144 cupivisset,
327 4093 429 4124 exorsus
443 4087 496 4134 est;
515 4075 674 4138 similiterque
687 4073 820 4122 Scaevolam
833 4091 865 4120 rx
876 4089 926 4120 uno
940 4073 1029 4120 scalmo
1043 4074 1162 4138 captionis
1175 4089 1231 4122 cen·

162 4166 414 4228 tnmviralejudicium
424 4165 563 4214 hereditatis
575 4165 683 4213 ellecisse
697 4164 769 4214 dixit.
786 4163 843 4210 Vid.
854 4174 914 4210 orat.
926 4179 971 4228 pro
981 4165 1093 4222 Caecina,
1111 4179 1165 4227 cap.
1179 4163 1224 4218 rs,
